3044 5018
454 312 779 366 suscarauuuaosrs.
1136 297 1195 362 591

37 435 179 499 eumden
198 434 354 518 iungatur,
387 455 489 499 verum
518 455 576 496 non
597 433 720 518 anrplins
743 431 901 496 seeundum
922 447 1056 508 earnem,
1080 427 1133 492 sed
1151 447 1200 492 se-

38 537 166 602 eundum
184 537 317 624 spiritum
333 538 389 616 sit,
414 549 446 600 nt
460 535 586 622 ipsemet
600 536 725 616 asserit,
749 538 908 598 Secundum
925 537 1055 614 metatum
1071 534 1200 614 ronotq'fi-

37 645 160 702 cationis
175 663 212 702 en
226 645 435 702 resurreetione
449 651 622 702 mortuorum
639 642 747 701 domairr'
758 642 853 700 nostrl
865 641 930 699 Iesu
947 639 1064 697 Cdreilr'.
1112 633 1199 698 Hune

37 741 131 826 igitur
146 742 271 807 eeclesia
287 743 373 806 simul
387 744 471 805 deum
487 761 555 804 esse
572 741 735 826 profitetur,
760 739 905 824 passionis
919 749 1072 823 expertem
1088 749 1118 802 et
1135 759 1200 823 pas-

38 865 123 924 sum,
155 845 203 929 qui
223 846 355 930 sepultus
373 844 429 923 sit,
463 844 682 922 resurrexerit,
717 864 782 906 enm
806 841 900 926 gloria
923 841 1036 905 eoelum
1058 860 1201 904 oousoen·

37 948 128 1027 derit,
152 957 309 1012 venturum
323 948 449 1011 indidem
462 946 592 1010 indicare
607 946 693 1010 vivos
709 956 738 1008 et
751 956 897 1025 mortuos,
920 944 1007 1028 idque
1023 943 1097 1008 adeo
1114 963 1198 1023 vere,

40 1049 84 1112 uti
108 1049 214 1114 dietum
239 1061 303 1130 est,
328 1055 416 1112 Curiae
436 1053 524 1129 regul
541 1071 597 1110 non
619 1052 676 1110 erit
687 1050 773 1129 fluat.
1211 1053 1266 1100 ure
1279 1050 1340 1104 tta

124 1151 203 1217 Nam
223 1163 252 1216 et
274 1153 330 1218 troc
343 1163 447 1217 saneta
462 1152 526 1236 ipsa
543 1161 639 1216 mater
654 1150 800 1228 eoelesin,
832 1151 909 1234 quod
925 1169 995 1216 vere
1013 1149 1068 1216 riui
1085 1150 1201 1235 praedi-

37 1266 137 1319 eatam
165 1275 296 1339 vereque
326 1254 492 1318 mandatum
521 1263 584 1332 est,
619 1253 729 1332 eredit,
763 1254 935 1316 moriturum
966 1272 1201 1338 unumquemque

37 1369 185 1434 nostrum,
211 1377 247 1420 ao
259 1366 494 1421 resurrecturum
507 1377 573 1419 oum
585 1355 640 1418 hoo
654 1356 718 1440 ipso
732 1376 868 1438 corpore,
893 1376 958 1418 oum
974 1357 1076 1419 eadem
1091 1354 1198 1433 anima,

37 1482 107 1523 oum
134 1471 195 1523 toto
220 1459 276 1523 lroo
300 1459 496 1524 instrumento
521 1457 663 1540 denique,
696 1469 730 1518 ut
745 1459 865 1539 quilibet
882 1463 990 1522 mm'tr'e
1007 1463 1068 1521 suot
1084 1465 1354 1522 consertorum·-
1389 1484 1392 1495 ·

38 1575 125 1626 maen
134 1567 262 1646 procudi
271 1565 423 1644 peror'prm.
449 1557 527 1624 Nam
544 1562 620 1644 quod
638 1571 819 1624 mortuorum
838 1562 936 1626 lutura
953 1561 1132 1624 resurreetio
1148 1560 1200 1640 sit,

37 1677 129 1752 atque
152 1675 275 1730 aeterna
294 1662 460 1741 damnatio,
485 1663 674 1746 coelesteque
689 1682 811 1747 regumn
828 1673 859 1726 et
879 1664 1023 1728 iustorum
1046 1663 1143 1747 quies,
1166 1685 1202 1727 ae

37 1767 168 1832 fidelium
183 1766 350 1845 hereditas,
380 1765 601 1848 communisque
618 1786 683 1830 enm
702 1766 816 1850 angelis
832 1765 940 1830 odorus
956 1766 994 1829 iis
1011 1766 1200 1845 constitutus,

39 1869 92 1955 qni
109 1870 206 1949 fidem,
221 1868 437 1947 castimoniam,
453 1887 548 1953 spem,
564 1887 599 1928 an
613 1867 721 1930 domini
736 1877 890 1953 praecepta
903 1869 1062 1948 servarint,
1080 1867 1202 1932 verissi-

37 1994 120 2036 murn
138 1981 199 2050 est,
225 1971 311 2056 idque
326 1982 357 2034 et
372 1969 582 2056 praedicatum,
606 1979 637 2034 et
652 1970 816 2033 certissime
834 1970 1066 2056 comprobatum,
1091 1983 1122 2035 et
1137 1993 1203 2036 ore·

36 2075 151 2152 ditum,
183 2078 319 2153 Quoadrm
342 2077 376 2135 dr'
394 2083 549 2154 resurgent
569 2076 598 2134 in
620 2077 704 2134 υἱῑαηι
728 2085 871 2134 aetenam
897 2086 926 2136 et
943 2078 996 2136 t'eti
1016 2079 1045 2136 ln
1066 2078 1201 2136 t'udioium
1238 2101 1316 2147 toene.

35 2189 196 2250 neronem,
221 2186 254 2240 ut
271 2175 301 2240 in
319 2175 475 2259 evangelio
493 2173 635 2258 seriptum
652 2187 710 2238 est.
747 2173 827 2238 Nam
847 2195 1047 2260 quaecumque
1067 2176 1114 2240 vel
1131 2198 1201 2262 apo·
1240 2153 1305 2210 Μ·

35 2281 137 2346 stolus
152 2279 200 2342 vel
216 2298 302 2342 saera
319 2278 415 2342 omnis
430 2278 576 2362 seriptnra
593 2287 720 2341 testatur
734 2297 805 2340 vera
820 2288 906 2355 sunt,
930 2278 999 2341 lieet
1014 2276 1147 2343 infideles
1168 2299 1202 2344 no

35 2401 194 2470 perperam
210 2379 408 2464 intelligentes
422 2380 508 2444 aliter
522 2380 704 2444 existiment.
749 2377 846 2444 Nobis
861 2400 933 2444 vero
950 2401 985 2444 ea
999 2381 1114 2444 demum
1131 2381 1202 2446 tides

38 2495 108 2564 est,
132 2481 158 2546 is
175 2483 269 2547 honor
283 2503 319 2546 ao
334 2481 479 2567 dignitas,
504 2483 576 2546 daeo
596 2493 642 2546 est
659 2492 760 2546 nostra
781 2494 877 2548 mater
890 2483 1034 2563 ecelesia,
1058 2505 1133 2570 quae
1151 2506 1203 2569 por
1237 2514 1240 2522 ·

38 2587 129 2652 fidem
145 2597 257 2663 servat,
277 2606 329 2672 spe
343 2585 565 2665 corroboratur,
582 2581 696 2649 Christi
711 2585 857 2665 claritate,
874 2607 1001 2650 necnon
1016 2597 1047 2651 et
1059 2587 1203 2652 eiusmodi

36 2689 229 2778 professione
248 2710 284 2753 ao
305 2688 473 2774 mysteriis,
504 2687 699 2774 baptismique
725 2688 755 2751 vi
780 2709 816 2752 ae
841 2689 1014 2774 purgatione
1041 2689 1202 2774 perficitur.

35 2797 170 2867 lineatae,
193 2790 307 2875 inquit,
331 2791 474 2872 leptim
487 2796 518 2854 tir
541 2795 652 2853 omnim
664 2795 758 2871 pntrt'r
778 2803 807 2854 et
817 2793 886 2872 fito·
906 2804 937 2853 et
954 2795 1074 2872 spiritus
1090 2797 1194 2870 snaed,
1232 2793 1318 2842 Μ

35 2897 70 2960 in
92 2893 210 2958 nomine
227 2892 346 2956 divinae
363 2891 514 2972 trinitatis,
538 2891 622 2958 ouius
637 2892 792 2978 appellatio
808 2893 956 2957 diversum
972 2891 1042 2957 nihil
1057 2895 1200 2960 eontinet.
1240 2847 1318 2902 m

37 2997 75 3064 si
96 2997 212 3082 quidem
239 3016 369 3060 unusne
389 2995 548 3080 singularis
571 2995 694 3060 denaia
717 2995 800 3080 lege,
824 2996 990 3082 prophetis,
1026 2998 1202 3083 evangeliis,

34 3101 118 3188 apud
136 3097 304 3185 apostolos,
335 3097 365 3162 in
384 3108 486 3162 vetere
503 3118 640 3182 novoque
660 3107 836 3162 testamento
853 3099 1056 3184 praedicatus,
1087 3102 1204 3166 nuntia·

36 3217 91 3268 tus
110 3213 170 3280 est,
193 3222 228 3265 ne
244 3199 385 3278 eraditus,
409 3209 494 3284 pater
508 3211 540 3263 et
555 3200 631 3276 lilius
647 3209 678 3264 et
694 3200 815 3284 spiritus
831 3212 963 3266 sanetus.
1008 3199 1116 3287 Neque
1130 3225 1204 3268 vern

35 3307 199 3370 eoniusnnr
221 3303 356 3387 quiddam
383 3302 446 3386 ipsa
472 3302 611 3366 divinitas
636 3313 699 3383 est,
730 3304 784 3366 sed
808 3305 937 3387 perlaeta
959 3323 1067 3370 revers
1087 3306 1204 3371 trinitas

35 3419 103 3485 est,
128 3407 277 3492 pertentas
292 3413 388 3489 pater,
413 3405 559 3488 perfectus
577 3403 664 3484 lilius,
689 3405 836 3490 perlectus
853 3405 972 3490 spiritns
990 3419 1123 3489 sanetus,
1147 3429 1203 3473 nna

34 3508 201 3588 divinitas,
226 3529 301 3572 unus
318 3509 403 3588 deus,
428 3507 474 3571 oui
488 3506 595 3590 gloria,
619 3505 715 3571 honor
732 3517 762 3571 et
776 3505 930 3594 imperium
946 3531 1024 3576 nuno
1041 3521 1072 3576 et
1087 3531 1204 3598 semper

33 3615 68 3678 in
94 3611 216 3676 saecula
239 3609 441 3690 saeculorum,
464 3607 574 3674 Amen.

70 3819 118 3873 85.
136 3807 179 3869 ’ὅτι
194 3812 244 3882 γὰρ
259 3809 399 3874 ἀνάστασις
415 3816 469 3866 edit.
487 3815 569 3868 Petra.
672 3813 714 3868 88.
740 3815 784 3871 aad
810 3815 902 3885 κράτος
925 3819 979 3870 edtt
1004 3819 1099 3871 Petartt
1124 3819 1205 3872 Μὴ

70 3883 118 3940 86.
137 3882 166 3936 αἱ
181 3877 253 3950 siplae
268 3881 365 3966 γραφαὶ
380 3885 435 3934 edit.
448 3883 531 3935 Petne.
639 3885 706 3936 librtr
722 3891 777 3937 vett.

70 3951 119 4008 87.
138 3953 277 4019 σνναλοιφη
295 3954 379 4004 dotem
398 3953 453 4002 tttrt
467 3965 546 4004 omnes
561 3952 608 4002 ut
728 4007 742 4038 4
