3058 5014
315 317 451 370 ιιιιιιιι
470 317 589 370 crant.
606 315 721 370 ronse
740 315 841 368 ussa.
853 313 972 366 cxxvt.
1157 301 1219 366 stt

305 521 611 600 ADVERSUS
649 519 971 612 lutuosas

245 663 330 741 quse
363 649 415 718 est
449 641 598 718 haeresis
629 641 744 736 Lus,
777 642 851 718 sire
885 639 1047 717 Lxxvt.

149 791 276 860 Praeter
291 795 345 860 bos
363 794 510 860 Anemoei
534 795 646 881 quidam
670 794 834 858 extiterunt
858 813 963 856 recens
980 793 1009 856 in
1028 792 1121 856 lucem
1139 789 1221 869 editi,
1248 796 1310 867 esp.
1324 795 1344 851 t.

76 919 187 982 quorum
208 881 342 984 princeps
359 897 465 962 Attius
482 897 622 962 diaconus
641 897 710 975 luit3
735 897 782 981 qui
801 895 836 958 ad
854 916 921 958 eum
937 895 1085 978 dignitatis
1103 895 1224 978 gradum

74 1001 106 1062 ob
124 1001 250 1086 ineptias
263 1022 297 1064 ac
314 1021 408 1084 nugas
424 1021 493 1064 suas
509 1021 525 1062 a
544 998 676 1083 Georgio
696 997 901 1062 Alexandrino
925 1007 1075 1082 promotus
1092 1007 1156 1073 est,
1189 1017 1226 1059 eo

73 1101 203 1165 videlicet
218 1103 282 1188 ipso
298 1103 346 1187 qui
364 1101 542 1166 Asiaticorum
559 1101 670 1187 pariter
686 1121 721 1163 ac
736 1097 964 1164 Meletianoruat
981 1099 1154 1184 episcopus,
1181 1101 1227 1161 lo·

72 1201 143 1267 liano
160 1205 341 1291 imperante,
366 1216 397 1267 ut
415 1214 503 1269 antea
518 1203 687 1280 docuimus,
711 1203 740 1265 in
756 1202 897 1266 camelum
913 1201 1056 1286 impositis
1076 1211 1137 1265 tota
1154 1200 1227 1264 urbe

72 1305 261 1392 ignominiose
282 1306 433 1370 traductus
454 1317 511 1370 est.
558 1307 603 1370 Ac
620 1305 741 1389 primum
759 1304 795 1367 ab
818 1304 975 1390 gentilibus
1000 1304 1223 1389 circumseptus,

70 1429 100 1471 ac
117 1410 207 1473 multa
226 1431 402 1495 perpessus,
434 1420 522 1493 atque
546 1409 581 1471 ad
602 1427 666 1470 eum
684 1427 769 1492 quem
787 1406 913 1471 diximus
931 1407 1046 1470 modum
1063 1406 1225 1470 circumdu-

69 1521 145 1590 ctus,
182 1523 212 1574 et
231 1511 355 1576 lustibus
378 1531 551 1596 percussus,
584 1519 701 1595 totaque
719 1509 926 1594 propemodum
947 1508 1018 1572 urbe
1036 1519 1163 1588 tractus,
1196 1509 1225 1571 in

67 1611 101 1675 iis
127 1613 279 1700 suppliciis
304 1613 453 1677 extinctus
478 1625 541 1691 est,
574 1633 608 1676 ac
632 1623 696 1697 post
718 1611 827 1674 obitum
853 1623 1077 1690 concrematus,
1110 1621 1225 1675 etcum
1300 1649 1302 1658 =

66 1713 162 1778 multis
183 1716 323 1800 pecudum
339 1735 374 1778 ac
390 1716 549 1779 bestiarum
566 1715 681 1778 ossibus
703 1697 732 1776 ii
750 1713 879 1777 cinerem
905 1714 1060 1791 redactus,
1092 1724 1179 1798 atque
1197 1715 1227 1778 iu

66 1827 171 1881 ventos
199 1817 366 1902 dispersus,
401 1817 487 1880 talem
511 1817 621 1880 exitum
646 1817 722 1880 vitae
745 1827 923 1880 consecutus
941 1825 999 1880 est.
1045 1811 1091 1879 De
1110 1837 1167 1900 quo
1183 1816 1227 1880 sic

64 1917 197 1984 obiicere
224 1919 309 1982 nobis
333 1918 475 2005 quispiam
500 1930 614 2006 potesta
647 1915 722 1983 Com
748 1917 820 1981 baec
837 1937 853 1982 a
870 1916 1028 2002 gentilibus
1052 1937 1156 2003 pessus
1175 1917 1225 1996 sit,

65 2042 163 2086 nonne
183 2023 354 2108 martyrium
372 2022 481 2086 obiisse
497 2019 589 2086 videri
605 2021 722 2106 potest?
765 2017 876 2083 Verum
901 2020 925 2084 si
945 2041 997 2103 pro
1020 2021 1144 2084 ueritate
1162 2041 1227 2084 cer·

63 2133 162 2188 tamen
191 2124 333 2188 eiusmodi
359 2124 514 2202 subiisset,
551 2134 580 2187 et
599 2147 615 2188 a
632 2123 790 2207 gentilibus
815 2121 852 2186 ob
875 2120 1032 2200 invidiam,
1069 2123 1116 2187 vel
1140 2119 1227 2187 Cbri-

63 2225 150 2290 stiaoi
173 2226 301 2290 nominis
317 2226 528 2313 professionem
548 2225 620 2289 baec
637 2225 690 2311 ipsi
708 2227 803 2289 dorent
821 2223 929 2288 inflicta
945 2223 1099 2310 supplicia,
1126 2224 1228 2310 procul

61 2328 150 2392 dubio
174 2330 256 2392 iuter
277 2339 443 2414 martyres,
476 2327 636 2414 etquidem
654 2325 828 2413 primarios,
860 2327 1047 2390 collocandus
1064 2327 1226 2406 videretur,

62 2432 111 2493 sed
133 2432 212 2496 baec
232 2430 351 2495 minime
368 2441 486 2517 propter
502 2427 614 2495 Christi
633 2427 848 2493 coralessionem
866 2428 1021 2509 sustinuitq
1045 2429 1113 2514 quin
1132 2431 1228 2515 potius

60 2534 95 2596 ob
114 2555 240 2598 omnem
258 2533 337 2596 illam
355 2531 488 2596 iniuriam
506 2553 540 2596 ac
557 2531 724 2596 violentiam
745 2553 801 2615 qna
818 2531 1003 2617 episcopatus
1019 2530 1065 2596 sul
1083 2543 1226 2618 tempore,

61 2655 183 2720 quoque
204 2655 270 2698 eum
294 2635 409 2699 undem
433 2635 518 2697 modo
541 2634 686 2718 gesserit,
719 2633 867 2698 ciuitatem
894 2653 1010 2698 omnem
1035 2655 1070 2698 ac
1092 2637 1227 2720 populum

58 2737 231 2822 oppressit,
256 2759 321 2801 eum
340 2739 512 2822 praesertim
530 2735 643 2801 nivibus
663 2747 783 2821 paterne
804 2737 880 2800 bona
896 2759 930 2801 ae
948 2737 1153 2823 possessiones
1169 2737 1227 2802 eri·

57 2850 157 2922 peret.
208 2837 314 2923 Neque
334 2860 406 2903 vero
429 2839 599 2902 calumniari
625 2838 770 2902 bominem
791 2838 943 2919 volumusq
979 2840 1068 2906 variis
1086 2839 1162 2904 euim
1181 2838 1227 2903 bie

56 2941 291 3006 Alexandrinos
307 2941 498 3004 incommodis
514 2941 623 3006 affecit.
671 2938 761 3004 Velut
777 2961 842 3004 cum
860 2940 998 3005 nitrariae
1019 2962 1122 3007 omnes
1139 2941 1228 3006 offici·

56 3063 111 3108 aas
130 3043 281 3121 redemit,
306 3064 443 3108 unacum
462 3043 564 3130 papyri
580 3042 741 3128 calamique
760 3042 929 3129 paludibus,
960 3063 1016 3106 uec
1033 3063 1091 3108 uon
1110 3056 1140 3109 et
1157 3045 1225 3109 sali·

55 3147 143 3209 uaria
166 3145 268 3210 omnia
289 3155 414 3229 stagna,
439 3167 511 3230 quae
531 3145 714 3226 conducere,
738 3157 769 3209 et
785 3145 820 3209 ad
840 3165 907 3209 sese
927 3145 1087 3210 transsierre
1103 3147 1225 3211 studuit.

56 3242 156 3314 Cuius
185 3255 288 3311 tantm
314 3258 466 3334 praeterea
490 3248 595 3311 sordes
616 3247 757 3312 avaritiae
782 3249 899 3312 luerunt
918 3258 951 3311 ut
967 3247 1054 3312 etiam
1076 3247 1227 3314 citissimis

54 3369 94 3413 ex
124 3349 227 3414 rebus
251 3349 421 3413 illiberalem
444 3370 559 3414 omnem
589 3360 741 3434 quaestum
764 3371 878 3414 summa
899 3371 955 3436 ope
979 3371 1015 3415 ec
1038 3352 1227 3417 contentione

51 3461 211 3539 captaret.
257 3449 336 3515 Nam
351 3451 429 3516 iuter
445 3462 544 3515 cetera
560 3450 794 3531 lecticariorum,
826 3455 861 3516 ad
880 3453 1030 3519 efferenda
1047 3466 1227 3519 mortuorum

51 3557 234 3634 cadavera,
268 3565 380 3618 certum
404 3573 554 3618 numerum
573 3553 718 3633 instituit,
751 3575 846 3640 neque
863 3555 996 3641 cuiquam
1011 3557 1076 3622 sine
1093 3557 1138 3622 bis
1153 3577 1226 3644 quas

51 3655 120 3722 baie
140 3657 247 3722 officio
263 3667 474 3742 praeposuerat
487 3666 631 3721 mortuum
645 3655 752 3721 licebat
768 3669 939 3742 exportare,
964 3659 1149 3744 peregrinum
1166 3683 1227 3724 ma-

50 3761 151 3824 xime.
209 3753 296 3840 Quod
313 3778 371 3821 nou
388 3757 591 3844 hospitalitatis
613 3780 715 3823 amore
739 3758 881 3838 iaciebat,
905 3762 956 3825 sed
973 3761 1066 3840 lucri,
1091 3763 1132 3825 uti
1150 3762 1224 3842 dixi,

48 3863 269 3947 pecuniaeque
290 3862 397 3946 gratia.
443 3858 529 3945 Quod
550 3861 576 3925 si
594 3861 658 3946 quis
673 3861 780 3927 mortui
798 3883 904 3948 corpus
921 3883 974 3949 per
989 3883 1056 3927 sese
1075 3863 1225 3948 sepeliret,

49 3963 79 4027 io
96 3963 273 4050 perieulum
290 3965 462 4029 vocabatur.
510 3963 600 4047 lqitur
615 3983 655 4027 ex
670 3983 845 4049 unoquoque
862 3965 1007 4029 cadavere
1021 3975 1159 4050 quaestus
1175 3965 1228 4029 ali·

48 4069 118 4151 quid
153 4067 199 4130 ad
232 4063 325 4152 ipsum
359 4065 483 4130 redibat.
536 4061 624 4129 Mitto
657 4077 774 4146 cetera,
814 4065 1003 4151 inprimisque
1032 4066 1132 4130 luxum
1163 4068 1227 4135 eius

50 4187 204 4247 emnem,
238 4189 295 4231 uua
317 4189 381 4232 eum
403 4167 511 4232 ceteris
534 4165 613 4230 vitiis
634 4187 668 4231 ac
685 4167 858 4233 crudelitate
880 4167 1065 4254 praesertim.
1111 4169 1228 4256 Quibus

49 4273 86 4335 de
104 4271 238 4336 caussis
257 4291 322 4335 cum
342 4269 555 4348 Alexandrini,
580 4289 615 4333 ac
633 4268 759 4352 gentiles
776 4269 969 4354 praesertim,
998 4283 1085 4338 votus
1100 4273 1131 4338 in
1147 4275 1228 4342 illum

46 4429 146 4492 τρῖτιι,
167 4426 631 4492 ιειοᾳιιυοωδιιιοῆριοῑρωιιο
663 4421 844 4486 aestuat.
881 4425 1226 4494 vmnoeonunupspte

46 4501 200 4580 uterque
219 4498 316 4544 acuatu
331 4494 449 4557 elabetur
463 4491 556 4559 relano.
665 4495 700 4543 att
723 4493 934 4556 interpretuttonem
960 4496 1062 4548 taumtss
1086 4497 1115 4547 tn
1134 4489 1230 4550 ΡΜ

82 4560 111 4614 4.
129 4563 235 4621 αΰλοις
254 4561 346 4612 cotem
363 4563 426 4614 unu
443 4562 557 4614 mucro
572 4563 631 4614 Noe.
665 4561 700 4611 erl
715 4559 738 4611 b
753 4561 769 4610 t.
785 4561 927 4612 amaeam.
