3072 5002
286 321 506 378 causamme.
525 319 960 376 rrr.norcr.anna.nxxur.
1163 305 1204 373 83

44 452 105 522 est,
142 445 200 506 Ubi
209 449 345 526 sepiem?
390 445 576 508 Ubiscrdbu?
621 445 678 506 Udi
691 448 866 525 conquisitor
888 445 1000 505 soeculi
1018 444 1136 521 doinst)
1158 461 1206 504 re·
1230 452 1288 500 lutat
1301 452 1334 496 to.

44 547 208 630 dargueus,
232 547 340 611 auitam
359 547 406 610 bic
425 547 598 633 sapientiam
618 547 765 612 sermonis
781 546 1002 625 accommodata
1035 565 1073 608 ne
1093 543 1207 630 argutis

42 648 110 711 iisee
128 649 276 713 rationum
303 650 482 714 coniecturis
498 647 655 733 religiosus
679 649 715 712 dc
736 660 818 733 patre
844 649 963 732 titioque
981 667 1087 712 sensus
1111 647 1207 712 iuauis

44 751 107 828 bat,
143 753 215 835 quin
238 763 269 816 ut
295 752 332 815 ab
357 761 482 836 utroque
508 752 675 837 passionem
698 752 861 815 excludens
885 770 1019 830 omnem,
1054 759 1207 835 patrcma

43 854 138 938 seipso
154 855 230 918 citra
246 853 419 939 profluvium
437 865 488 918 aut
504 853 692 918 affectionem
715 853 841 938 aliquam
860 853 952 918 iiiium
977 853 1116 939 genuisse
1134 852 1207 916 tide-

44 956 114 1020 libus
135 957 287 1036 declaret,
321 968 351 1021 et
367 978 433 1020 eum
455 957 569 1040 quidem
597 957 687 1021 silium
710 956 759 1041 qui
783 956 858 1041 patri
879 956 983 1020 similis
1002 965 1033 1019 et
1050 955 1086 1020 ab
1103 955 1207 1019 eodem

43 1060 201 1122 secundnm
222 1059 416 1124 substantiam
430 1060 566 1142 genitus,
592 1061 771 1143 periectuse
787 1060 933 1143 perfecto,
959 1058 1121 1143 unitusque
1137 1059 1207 1124 snb-

44 1163 140 1242 sistat,
165 1173 259 1246 utque
277 1161 332 1225 boc
350 1161 523 1247 mysterium
543 1161 608 1224 sine
624 1159 858 1226 ratiocinationis
877 1161 1055 1226 adminiculo
1074 1161 1139 1226 suia
1157 1183 1207 1225 cn·

44 1265 150 1347 guitum
178 1265 428 1350 contemplatione
455 1265 616 1348 praedicet.
670 1261 727 1328 Est
754 1264 830 1327 cuim
859 1264 1013 1328 admodum
1040 1263 1206 1344 ridiculum,

46 1387 103 1428 enm
121 1368 171 1452 qni
192 1387 210 1430 a
227 1367 354 1452 sapienti
377 1367 433 1430 deu
448 1366 622 1452 sapientiam
639 1367 720 1430 audit
734 1366 883 1446 existere,
918 1388 972 1451 pro
989 1387 1025 1430 eo
1042 1387 1077 1430 ac
1092 1368 1209 1451 sapien·

46 1478 86 1532 ter
101 1489 170 1533 sese
188 1469 274 1532 novit
290 1470 410 1554 genitae
426 1491 443 1533 a
460 1489 493 1532 se
509 1468 670 1554 sapientiae
685 1479 797 1554 patrem
814 1488 900 1549 esse,
924 1469 1010 1532 uliam
1027 1468 1076 1533 isti
1093 1471 1210 1554 sapien-

46 1571 96 1633 tiae
113 1573 284 1656 passionem
302 1571 489 1650 adscribens,
521 1593 578 1657 quo
594 1571 632 1634 ab
648 1571 698 1635 iiic
717 1571 878 1635 secuudum
896 1572 1056 1636 essentiam
1081 1571 1209 1657 sapienti

46 1673 142 1737 sinitis
161 1674 308 1759 sapientia
324 1675 478 1739 subsistat.
523 1672 603 1738 Nam
619 1686 651 1736 ut
667 1673 786 1759 sapiens
805 1675 877 1738 deus
893 1695 952 1737 nou
973 1675 1133 1761 sapientia,
1158 1695 1209 1738 ve·

45 1775 82 1838 lot
95 1777 256 1841 affectione
278 1778 393 1863 aliqua,
418 1777 587 1862 praeditus,
611 1787 661 1841 aut
677 1775 891 1861 compositione
910 1777 967 1842 ulia
984 1777 1103 1862 sapiens
1120 1798 1137 1840 a
1156 1799 1210 1841 no·

48 1877 86 1942 bis
104 1879 299 1966 intelligitur,
331 1881 382 1944 sed
403 1879 621 1965 simplicissima
642 1878 759 1943 ratione
777 1889 806 1942 et
823 1879 952 1944 essentia
970 1901 1025 1944 sua
1044 1879 1110 1945 sine
1130 1901 1210 1944 com-

48 1984 188 2064 positione
206 1982 327 2068 sapiens
355 1993 418 2060 est,
450 1982 492 2047 ita
511 2003 606 2066 neque
633 1982 796 2066 sapientia,
828 1983 877 2066 qui
901 1981 979 2047 fitius
997 2003 1065 2048 esse
1091 1982 1209 2062 dieitur,

49 2085 158 2149 abactio
175 2086 306 2171 putanda
324 2097 389 2163 est,
421 2086 473 2149 sed
492 2085 638 2170 sapientia
661 2083 787 2169 ipsamet
812 2083 976 2148 substantia
997 2095 1061 2164 est,
1092 2084 1129 2158 ab
1146 2085 1210 2148 eiua

49 2187 90 2269 qui
106 2189 229 2273 sapiens
246 2197 292 2252 est
304 2188 467 2252 substantia
483 2190 637 2273 producta.
683 2184 768 2269 Quae
785 2187 899 2271 quidem
916 2186 1060 2273 sapientia
1072 2186 1210 2250 substau-

50 2289 85 2350 tia
102 2292 164 2376 ipsa
179 2301 240 2368 est,
265 2291 322 2354 boc
338 2302 385 2354 est
399 2289 566 2355 subsistens
582 2289 672 2369 iilius,
698 2291 858 2374 eademque
873 2289 1016 2376 sapientis
1031 2286 1124 2374 patris
1140 2288 1210 2352 sub-

51 2395 150 2458 stantia
174 2392 298 2473 similis,
323 2415 341 2456 a
364 2411 422 2477 quo
443 2392 587 2478 sapientia
611 2393 691 2456 biius
713 2391 828 2455 existit.

126 2494 331 2579 Quamobrem
350 2495 500 2581 apostolus
516 2492 644 2576 Paulos,
680 2495 746 2579 qui,
780 2503 893 2558 uteret
911 2491 1209 2579 Hebraicaeliuguae
1228 2513 1288 2582 cap.
1308 2513 1363 2566 vu.

52 2597 260 2680 peritissimos,
293 2619 357 2662 curm
377 2619 418 2662 ex
441 2598 544 2662 eodem
567 2597 688 2682 spirito,
721 2597 770 2682 qui
792 2597 822 2661 in
841 2609 944 2661 vetere
966 2618 1002 2662 ac
1020 2619 1098 2662 novo
1120 2608 1212 2662 testa·

51 2711 140 2764 mento
167 2702 287 2765 loeutus
312 2713 376 2778 est,
410 2701 511 2764 eadem
538 2700 656 2764 haurire
682 2719 770 2764 seusa
797 2701 1023 2778 consuevisset,
1059 2699 1211 2764 duobuse

53 2803 180 2884 psalmis,
213 2804 305 2867 abeo
329 2801 466 2867 videlicet
488 2806 593 2888 inquo
616 2803 748 2880 canitur,
783 2807 893 2864 Iudimb
908 2804 1092 2883 tuanbpssus
1106 2807 1206 2877 multo,
1231 2826 1315 2871 naum

52 2914 78 2964 et
91 2906 126 2968 ab
137 2905 217 2983 alio,
242 2907 271 2968 in
287 2929 345 2990 quo
365 2907 505 2991 scriptum
523 2915 587 2984 est,
611 2909 734 2968 Semitas
751 2917 817 2966 tuoe
831 2910 861 2966 ia
877 2910 960 2986 cpur's
980 2909 1091 2978 multis,
1115 2917 1146 2967 et
1159 2927 1205 2968 ue-
1224 2879 1309 2976 aiiii}

52 3012 129 3087 rugit
143 3021 196 3071 tac
212 3020 429 3088 cognoscentur,
454 3008 531 3072 ibam
548 3009 584 3072 de
600 3009 645 3072 dei
663 3006 779 3071 iudiciis
796 3007 972 3073 seutentiam
989 3007 1136 3093 paululum
1153 3007 1209 3071 im·
1221 2983 1256 3039 '⁶’
1268 2983 1301 3025 ω’

53 3111 163 3174 mutatis
189 3104 361 3195 quibusdam
386 3111 545 3178 transtulit.
591 3108 739 3195 Nampro
756 3110 928 3188 iisverbis,
957 3111 1089 3190 Abyssus
1104 3114 1363 3192 moltoffifflqaa,
1433 3179 1439 3192 ,

54 3213 181 3298 scripsit:
215 3216 374 3276 Oultdtudo
397 3218 579 3276 diuitiarum!
612 3213 831 3298 probissimo,
865 3215 989 3274 Seruitus
1003 3224 1068 3274 tuoe
1085 3218 1114 3276 iu
1128 3219 1212 3296 opud

55 3319 160 3394 mattis,
195 3328 224 3378 et
241 3321 360 3397 oestr'grb
379 3329 428 3379 tau
446 3339 501 3380 uon
523 3327 747 3396 coguoscentur,
782 3315 950 3394 substituit,
981 3318 1206 3397 Inuesta'gubr'des,

55 3419 178 3500 probis,
203 3421 314 3480 Iudicat
331 3431 379 3481 tau
394 3421 514 3500 abyssus
531 3419 636 3492 multu,
672 3417 762 3496 baeu,
794 3419 997 3480 Iuscmrtubr'lrir
1015 3423 1121 3480 indictis
1136 3425 1208 3481 eius.

55 3519 98 3582 st·
117 3521 244 3585 eundem
268 3522 384 3585 medum
405 3542 470 3585 cum
489 3522 525 3585 ab
542 3521 604 3606 ipsa
623 3519 769 3605 sapientia
797 3530 926 3583 mutuam
946 3519 1040 3604 ipsius
1063 3541 1099 3584 ac
1120 3521 1212 3606 patris

56 3641 111 3685 eum
138 3623 251 3688 intimis
278 3623 358 3688 bisce
381 3623 630 3709 comparationem
653 3621 910 3707 habitudinemque
933 3633 1111 3707 cognosset,
1146 3644 1213 3710 pro-

57 3726 136 3806 priam
153 3727 247 3813 patris
263 3747 297 3788 ac
312 3725 383 3804 idii,
413 3737 562 3804 eteorum
579 3746 655 3811 quae
669 3744 722 3811 per
740 3724 830 3789 tilium
847 3745 863 3786 a
883 3737 966 3810 patre
986 3727 1128 3811 producta
1146 3736 1216 3789 suut

59 3828 198 3894 notionem
224 3830 287 3906 suis
311 3829 481 3914 inscriptis
507 3827 668 3913 expressit.
714 3825 791 3891 Nam
815 3848 879 3892 cum
897 3825 1050 3914 Sapientia
1074 3827 1212 3905 dixisset,

58 3931 112 4008 Ego
124 3935 265 4015 sapiencia
283 3933 379 3994 dotato
393 3937 424 3994 ia
437 3935 573 4006 conedae,
599 3941 676 4011 etc,
701 3940 760 3994 tum
777 3931 813 3994 ad
832 3929 1149 4016 camproereatiouem
1163 3929 1213 3994 ad·
1225 3947 1323 4006 roms,
1336 3948 1367 3993 m.

59 4033 352 4119 ministrationemque
383 4054 457 4119 quae
484 4033 701 4098 interveniente
733 4033 826 4098 verbo
858 4032 893 4096 iit
913 4033 1114 4109 descendens,
1146 4053 1212 4096 cum

59 4129 328 4218 itasubiuusisset‚
358 4141 471 4200 Ρινηιε
489 4159 589 4218 reges,
615 4145 693 4214 etc.,
726 4135 796 4200 item
815 4135 903 4212 iliud,
934 4139 1146 4198 Sa'auntrbuero
1168 4157 1215 4198 co-
1278 4153 1281 4160 ·

62 4235 97 4296 dis
111 4261 178 4320 quae
192 4263 248 4322 per
265 4263 308 4302 me
315 4243 416 4321 stunt,
450 4240 667 4302 commemorabo
690 4259 763 4321 quoe
783 4259 802 4299 u
824 4241 937 4300 soeculo
959 4249 1027 4299 suat
1044 4257 1214 4318 percensen-

62 4339 106 4413 da,
138 4327 260 4424 deiude,
294 4347 431 4406 Durnium
457 4347 567 4406 creauit
587 4364 630 4404 me
658 4345 768 4403 riritricm
794 4344 902 4402 uriarum
930 4359 1047 4400 sucrum
1077 4343 1106 4401 r'n
1129 4359 1214 4421 opero

94 4509 126 4561 tu.
150 4507 224 4567 edcta
241 4513 370 4582 (domm
385 4515 522 4582 prmeuom)
540 4515 615 4567 Poto·
683 4511 743 4562 Cas.
758 4513 811 4563 vu.
826 4539 858 4550 -
878 4511 899 4562 l.
917 4509 960 4563 roi
976 4508 1071 4578 πατρὸς
1086 4511 1138 4562 eod.
1155 4510 1217 4560 Rbe-

62 4579 114 4629 vius
145 4585 189 4634 b‘ec
205 4585 319 4647 improbo.
652 4582 702 4644 diq.

945 4670 965 4732 6
977 4665 995 4704 a
