3066 5016
181 331 317 386 ransart
336 333 399 384 nra.
415 333 460 384 nr.
482 332 564 386 nona.
581 333 611 384 rr.
637 331 752 384 nanos.
770 331 835 383 arn.
854 331 998 383 cernon.
1106 319 1168 384 483

87 695 208 772 Brevis
234 719 272 770 ac
298 719 378 772 vera
404 694 592 770 Catholicae
619 701 653 768 et
673 693 887 792 Apostolicue
913 693 1084 770 Ecclesiae

427 814 526 892 tibet
552 813 740 912 Exposilio.

95 966 289 1052 Posteaquam
313 966 395 1030 varia
420 987 455 1030 ac
481 965 650 1049 multiplicia
669 988 686 1031 e
705 967 802 1053 pravis
821 977 928 1031 exorta
952 965 1100 1044 consiliis,
1132 986 1167 1030 ac
1201 964 1261 1034 0⁸9·
1271 967 1289 1015 ¹·

20 1071 166 1133 temeraria
190 1069 374 1132 inimicorum
399 1070 536 1152 dogmata
560 1069 756 1152 disputatione
773 1079 874 1134 nostra
893 1067 1040 1152 complexi
1056 1089 1170 1144 sumus,

19 1181 44 1233 et
58 1193 107 1256 per
121 1175 231 1235 formas
246 1192 415 1255 generoque
428 1171 638 1235 distribuentes
654 1192 738 1255 quam
752 1191 835 1236 cassa
853 1180 884 1233 et
898 1171 997 1234 inania
1014 1171 1111 1233 lorent
1125 1169 1171 1233 dei

19 1274 118 1338 virtute
135 1273 340 1359 patefecimus,
366 1284 424 1337 tum
443 1289 516 1336 vero
531 1293 571 1338 en
588 1273 739 1338 immensis
754 1272 811 1336 illis
827 1273 1055 1357 uniuscuiusque
1071 1283 1172 1336 sectae

19 1376 253 1440 contumeliarum
272 1376 302 1439 in
321 1377 456 1440 deumne
475 1397 579 1440 vocum
600 1375 834 1461 turpissimarum
856 1375 1173 1458 acerbissimorumque

20 1480 218 1564 mysteriorum
235 1479 371 1542 ductibus
386 1479 582 1558 enatavimus,
607 1499 730 1562 eumque
747 1478 882 1541 omnibus
899 1477 1102 1562 quaestionum
1120 1499 1173 1540 no·

20 1581 58 1644 dis
74 1603 164 1667 aegre
181 1581 351 1660 dissolutis,
375 1592 405 1644 et
421 1581 535 1644 illorum
551 1581 736 1665 improbitate
754 1589 910 1666 superata,
935 1581 969 1644 ad
989 1579 1172 1664 tranquillam

20 1685 146 1748 veritatis
168 1683 326 1748 stationem
353 1681 568 1768 appulerimus,
600 1683 705 1746 difficili
728 1704 762 1746 ao
786 1693 987 1768 tempestuoso
1009 1683 1088 1746 omni
1106 1681 1173 1746 loco

20 1787 187 1850 transmisso
201 1797 232 1850 et
247 1785 385 1870 procellis
402 1807 437 1848 ac
455 1784 601 1870 spumosis
618 1786 760 1849 undarum
777 1784 938 1850 vorticibus
952 1784 1101 1865 delurreti,
1124 1784 1174 1850 ubi

20 1887 199 1953 iactationem
216 1907 251 1952 ac
268 1887 445 1971 vertiginem
464 1886 578 1972 experti
595 1887 731 1973 saepius,
767 1896 825 1950 tum
841 1888 944 1951 brevia
962 1888 1129 1972 vadosaque
1145 1898 1176 1951 et

20 1991 119 2056 inlesta
145 1991 238 2056 beluis
262 1991 326 2054 loca
351 1989 560 2074 quamplurima
586 1990 813 2074 prospeximus,
846 2011 921 2073 quae
946 1988 1062 2073 quidem
1085 1990 1122 2052 iis
1145 1990 1174 2053 in

21 2092 258 2179 disputationibus
289 2091 564 2175 commentariisqne
594 2091 749 2176 periclitati
779 2111 898 2169 snmus,
930 2112 995 2156 cum
1026 2101 1176 2178 postremo

21 2197 93 2279 pacis
111 2207 226 2282 portum
243 2194 357 2258 eminus
374 2195 559 2271 intueamur,
592 2193 627 2258 ad
651 2213 716 2257 eum
734 2215 839 2258 navem
858 2193 1006 2278 applicare
1023 2193 1176 2279 cupientes

20 2297 103 2362 divini
126 2298 254 2363 numinis
278 2318 361 2383 opem
387 2317 491 2360 rursus
517 2295 749 2380 implorabimus.
797 2297 843 2360 Ac
864 2306 942 2359 metu
962 2295 1078 2379 quidem
1096 2295 1175 2360 omni

22 2412 48 2462 et
65 2402 258 2487 trepidatione
277 2419 445 2482 narrseaque
463 2410 619 2476 cessante,
654 2399 763 2483 optimo
779 2398 808 2461 in
830 2409 908 2461 statu
936 2399 1040 2482 positi,
1074 2399 1177 2462 iucun-

21 2501 194 2588 dissimoque
220 2501 357 2566 certioris
380 2521 470 2564 aurae
494 2521 528 2564 ao
555 2498 723 2564 securitatis
745 2500 843 2564 alllatu
860 2502 1064 2585 perfruentes,
1096 2512 1177 2566 trau·

21 2605 135 2686 quillum
154 2607 211 2670 iam
230 2607 260 2668 in
279 2615 393 2689 portum
411 2602 544 2666 subducti
563 2602 667 2687 spiritu
686 2602 843 2687 animoque
858 2603 1013 2687 gestimus.
1059 2601 1177 2666 Etenim

20 2705 52 2768 iis
67 2709 94 2770 in
119 2709 273 2785 omnibns,
305 2707 331 2770 si
356 2726 459 2769 verum
483 2704 568 2768 lateri
592 2705 744 2782 volumus,
779 2705 909 2790 pluribus
931 2705 1123 2769 incommodis
1148 2717 1179 2770 et

22 2810 154 2874 maximis
173 2809 288 2873 iniuriis
304 2808 462 2872 conflictati
479 2829 513 2870 ae
532 2806 666 2871 terrestri
680 2807 885 2891 maritimoque
903 2809 1009 2872 itinere
1028 2809 1176 2887 coniecto,

21 2933 139 2994 quorum
164 2913 194 2976 in
210 2913 260 2976 illo
283 2911 438 2996 impeditas
456 2931 490 2974 ac
512 2909 642 2973 difficiles
658 2910 790 2974 salebras
810 2921 839 2974 et
853 2910 1020 2976 solitudinis
1038 2911 1179 2996 asperita-

23 3023 79 3090 tes,
112 3015 144 3079 in
167 3015 222 3079 boc
246 3015 328 3078 varia
348 3012 475 3098 pericula
496 3013 603 3075 luimus
626 3013 758 3091 emensi,
789 3033 854 3075 cum
872 3012 928 3076 iam
946 3012 1094 3076 civitatem
1112 3033 1179 3097 pro·

21 3117 193 3200 spiciamus,
225 3119 260 3180 ad
277 3118 371 3202 ipsam
394 3135 585 3200 properemus
605 3125 737 3178 sanctam
754 3113 959 3194 Hierusalem,
990 3111 1102 3180 Christi
1119 3115 1180 3179 vir-

22 3220 114 3301 ginem
133 3241 170 3284 ao
186 3239 342 3305 sponsam,
376 3216 458 3280 basin
478 3227 505 3279 et
530 3228 643 3301 petram
666 3217 890 3296 solidissimam,
923 3219 1180 3301 venerandamque

23 3333 140 3386 ciatrem
167 3333 298 3386 nostram
324 3333 353 3385 et
375 3319 498 3384 eandem
529 3315 641 3384 Christi
667 3339 817 3403 sponsam.
863 3317 896 3383 ln
928 3341 985 3404 quo
1017 3329 1181 3405 opportune

23 3423 93 3488 istud
110 3443 256 3510 usurpare
273 3442 445 3508 possumus,
471 3425 583 3496 lenite,
606 3425 789 3484 ascendamus
806 3426 846 3482 nd
861 3433 979 3484 moralem
998 3426 1120 3496 domnici,
1153 3431 1184 3483 et
1196 3441 1317 3498 numae.

23 3531 57 3588 ad
76 3532 188 3591 domum
209 3531 258 3588 dei
275 3528 377 3599 luced,
402 3535 432 3586 et
452 3525 634 3586 annuntiabit
652 3525 733 3586 nobis
755 3529 826 3586 cebro
848 3547 927 3586 eumn
951 3535 1009 3588 etc.

103 3631 196 3716 Agite
211 3630 309 3712 itaque
327 3624 439 3693 Christi
456 3626 505 3690 lilii
520 3647 554 3689 ac
573 3637 693 3690 sanctae
710 3627 755 3690 dei
774 3626 918 3690 ecclesiae
936 3627 1038 3705 liberi,
1062 3626 1109 3711 qui
1127 3626 1182 3689 boo
1201 3625 1260 3694 0⁰?-
1275 3625 1306 3674 ¹¹·

25 3744 154 3799 nostrum
178 3733 214 3795 de
238 3728 365 3795 LXXX
388 3729 561 3795 haeresibus
584 3749 657 3813 opus
681 3729 808 3813 benigne
835 3730 1042 3815 percurristis,
1075 3727 1181 3812 quique

27 3855 134 3900 mecum
162 3834 335 3899 altissimum
358 3833 437 3897 illum
463 3853 620 3918 pravorum
639 3832 824 3916 dogmatum,
856 3853 931 3916 qnae
949 3833 1098 3916 hucusque
1115 3851 1181 3915 per·

26 3939 210 4016 censuimus,
240 3937 385 4020 gurgitem
404 3937 563 4012 tranastis,
596 3955 630 3996 ac
649 3943 762 3997 vastam
781 3945 810 3998 et
824 3935 1034 3999 formidabilem
1052 3931 1182 3996 siticulc·
1240 3957 1242 3964 ·

26 4058 142 4126 samque
168 4039 355 4104 solitudinem
379 4038 576 4124 peragrastis,
608 4055 705 4100 rerum
732 4037 860 4101 omnium
878 4037 1026 4102 dominum
1047 4034 1183 4121 implore-

57 4311 80 4366 4.
98 4309 288 4380 ὑπελωφῶντες
304 4315 354 4364 cod
371 4313 469 4376 ltbeda'q.
624 4313 705 4364 Petne.
723 4313 802 4362 Coton.
818 4316 888 4373 repet

57 4385 319 4446 stomacharentur
340 4385 448 4433 vocatam
463 4377 510 4440 τὰς
523 4381 590 4431 nauel⁴
656 4378 681 4431 7.
709 4381 783 4443 Vulqo
805 4381 859 4429 h'bri
880 4372 967 4448 tillense.
1011 4379 1088 4439 οιιαηι
1110 4381 1187 4440 recept

26 4455 60 4501 ota
75 4453 211 4514 includens,
225 4456 337 4514 tanquam
356 4451 480 4500 delendam
496 4450 590 4500 iudico·
623 4451 764 4510 scripturam
786 4439 882 4512 αὔρας,
915 4459 944 4496 en
966 4448 1062 4496 Petonlo
1084 4447 1184 4496 debetur.

27 4525 66 4569 ret.
625 4519 690 4566 Verte
704 4515 842 4567 securitatis
858 4531 888 4564 ex
906 4523 974 4565 terra
986 4513 1056 4565 lirma
1066 4514 1132 4565 arrria
1147 4513 1186 4563 al-

58 4585 82 4639 b.
94 4585 144 4655 ned
160 4603 205 4651 pro
219 4583 268 4642 ἀπὸ
282 4587 391 4638 mendose
403 4589 487 4649 temtor
497 4588 524 4636 tn
536 4587 589 4637 edit
623 4581 685 4634 llari.

908 4675 946 4736 31
966 4669 983 4708 *
