3072 5002
326 335 386 401 150
751 347 1062 402 ειαοτισεινειιαιι

195 481 263 552 ῐιφ,
279 481 307 546 ξ,
414 461 518 530 ιἈλλοί
537 461 592 548 τήν
607 467 762 532 δικαίωσιν
777 467 808 544 ἐξ
825 464 942 549 ῦμφοῦν
962 465 1053 551 λίγα,
1080 466 1133 532 καί
1150 461 1206 549 τήν
1219 463 1314 550 χάριν.
1357 473 1479 532 Δικαια-

326 567 430 644 θέντες
446 567 479 632 δέ
495 568 581 656 ἐντῷ
600 565 725 652 ὀνόματι
748 573 831 634 ’τοῦ
851 571 959 654 κυρίου
980 564 1066 651 ήμιῦν
1086 564 1186 651 Ἰησοῦ
1209 573 1357 653 Χριστοῦ,
1389 569 1480 636 καίίν

323 677 365 760 τρῦ
380 667 523 753 κνεῦματι
538 676 592 736 τοῦ
616 675 693 736 θεοῦ
715 665 818 753 ήμῦν,
847 668 953 754 ῦμοιον
974 675 1016 760 τῷ
1032 671 1141 753 είιτιῑν,
1171 671 1392 749 Δικαισθέντες
1406 671 1480 738 δέίτ

324 775 449 849 τιίστεος
470 768 591 859 είρήνην
612 774 715 856 ἐχομεν
735 771 812 860 ιιρδς
832 769 886 839 τδν
905 770 982 840 θεὸν
1003 769 1054 840 διά
1077 779 1132 840 τοῦ
1155 777 1263 860 κυρίου
1285 772 1372 859 ήμῦν
1389 771 1480 856 Ἰησοῦ

326 881 468 962 Χριστοῦ.
516 874 624 952 Οῦδείς
646 873 770 942 δῦναται
791 878 883 942 είντείν
900 873 1006 962 κῦριον
1026 876 1161 959 Ἰησοῦν,
1193 879 1222 942 εί
1237 874 1279 960 μή
1294 879 1327 944 ἐν
1342 875 1481 961 τινεῦματι

323 975 411 1067 άγίμ·
441 978 509 1056 καί,
543 974 651 1054 Οῦδείς
675 977 799 1044 δῦναται
821 985 939 1061 πνεῦμα
963 975 1052 1064 ῦγιον
1070 981 1171 1061 λαβεῖν
1195 977 1240 1062 8ή
1261 975 1344 1066 παρά
1371 981 1480 1066 κυρίου.

324 1082 490 1167 Διαιρέσεις
507 1080 539 1145 δέ
552 1073 739 1164 χαρισμάτων
755 1082 827 1162 είσί,
849 1079 883 1147 τῦ
898 1081 931 1148 δέ
945 1079 1020 1148 αῦτῦ
1034 1087 1166 1164 πνεῦμα,
1188 1083 1240 1148 καί
1253 1081 1411 1166 διαιρίσεις
1425 1085 1481 1146 δια-

322 1189 433 1250 κονιῦν
449 1184 538 1261 είσιν,
570 1178 639 1248 άδέ
656 1181 750 1259 αῦτῦς
769 1181 858 1264 θεάς,
889 1180 1050 1270 δένεργῦν
1072 1181 1110 1249 τά
1127 1181 1225 1249 πάντα
1240 1186 1273 1250 ίν
1293 1190 1375 1252 πᾶσι.
1426 1185 1481 1248 Καί

323 1282 383 1352 άιτῦ
400 1283 490 1368 δόξης
505 1287 547 1362 είς
561 1285 670 1366 δόξαν,
693 1286 826 1363 *καθείς
841 1283 902 1354 ῦτσῦ
920 1291 1028 1373 κυρίου
1044 1284 1219 1369 πνεύματος.
1264 1281 1342 1366 Καί,
1364 1284 1426 1370 Μή
1438 1293 1481 1350 ίυ-

322 1397 403 1454 τεεῖτε
416 1385 450 1454 τά
465 1393 582 1470 ιτνεῦμα
598 1386 631 1456 τά
649 1387 749 1474 ῦγιον,
779 1391 812 1455 ἐν
830 1381 855 1479 ηῦ
877 1392 1097 1475 ἐσφραγίσθητε
1118 1391 1161 1466 είς
1181 1386 1293 1476 ήμέραν
1314 1385 1482 1472 άνεσλυτρά·

322 1511 412 1569 σεως,
443 1488 548 1573 ὅμοιον
566 1497 607 1580 τῷ
623 1493 732 1571 είιτεῖν,
764 1495 809 1558 Εί
821 1498 1046 1579 παραζηλοῦμεν
1062 1488 1116 1558 τδν
1130 1489 1252 1577 κῦριον,
1281 1488 1322 1574 μή
1340 1489 1480 1576 ίσγυρίτε·

322 1617 372 1674 ροι
388 1592 483 1658 αῦτοῦ
498 1594 600 1676 ἐσμενς
622 1592 656 1660 τδ
674 1594 716 1674 δέ,
741 1601 867 1678 Πνεῦμα
884 1599 983 1680 ρητῦς
996 1597 1082 1680 λίγει,
1105 1592 1212 1678 ὅμοιον
1225 1599 1267 1684 τῷ
1280 1597 1384 1672 είκεῖν,
1412 1592 1482 1659 Τάδε

321 1695 397 1781 λέγει
414 1694 519 1781 κῦριος
535 1694 757 1782 παντοκράτωρ.
802 1699 880 1776 Καί,
908 1696 948 1764 Τά
968 1694 1084 1782 πνεῦμά
1106 1721 1165 1780 μου
1185 1698 1343 1781 ἐφίστηκιν
1357 1697 1392 1762 ἐν
1408 1697 1481 1784 μίσιγ

200 1841 253 1888 Μ,
263 1830 310 1876 η
324 1793 418 1880 ῦμοῦν,
431 1794 502 1863 Ἐάν
511 1824 556 1875 τις
566 1800 632 1882 ἐμοί
644 1797 748 1890 άνσίξη
761 1807 776 1846 ⁶
787 1801 936 1880 είςελθεῖν,
954 1798 1011 1885 ἐγοί
1022 1802 1073 1866 καί
1084 1796 1103 1866 ῦ
1113 1796 1210 1884 πατήρ
1225 1795 1341 1882 ομονήν
1352 1797 1425 1886 παρ’
1434 1797 1481 1865 αῦ·

321 1905 364 1988 τρῖ
373 1897 544 1983 ποιήσομεν.
573 1897 695 1979 Ἡσαΐας
710 1902 753 1982 δέ,
772 1904 831 1968 Καί
846 1899 892 1968 ἐπ’
907 1899 999 1968 αῦτῦν
1009 1909 1126 1987 τιυεῦμα
1135 1909 1222 1968 θεοῦ.
1250 1898 1289 1966 ‘0
1299 1901 1333 1967 δέ
1346 1901 1481 1987 Χριστὸς,

325 2007 451 2085 Πνεῦμα
467 2007 574 2087 κυρίου
597 2003 664 2070 'ln’
683 2004 743 2087 ἐμέ,
765 1996 805 2071 οῦ
824 2007 933 2070 εἵνεκεν
947 2007 1042 2090 ἐχρισέ
1055 2031 1098 2088 με.
1133 2007 1205 2086 Καί,
1221 2006 1340 2088 Ἰησοῦν
1354 2001 1410 2070 τδν
1426 2000 1480 2070 άαί

323 2105 467 2190 Ναζαρὲτ,
482 2104 518 2172 δν
531 2109 644 2194 ἐγρισεν
657 2103 785 2183 ’δθεάς
797 2105 940 2191 τινεῦματι
953 2104 1044 2197 ῦγίρι·
1067 2106 1121 2191 θή,
1137 2107 1250 2194 Κῦριος
1263 2105 1432 2175 άαίσταλαί
1441 2129 1482 2189 με,

320 2208 373 2274 καί
388 2207 422 2275 τά
439 2215 555 2294 πνεῦμα
572 2207 675 2276 αῦτοῦ.
712 2206 833 2295 Φανερά
845 2209 878 2274 δέ
890 2212 943 2276 καί
957 2206 977 2293 ή
994 2208 1083 2294 φωνή
1099 2217 1159 2277 τῦν
1173 2211 1311 2296 Σεραφίμ
1325 2207 1482 2294 κράζουσι,

314 2308 429 2397 Ἀγιος,
452 2308 549 2397 άγιος,
572 2310 657 2398 ῦγιος
671 2309 776 2398 κῦριος
792 2311 938 2395 Σαβαοίθ.
978 2309 1053 2378 Ἐάν
1069 2313 1103 2379 δέ
1117 2310 1249 2403 άκοῦσης
1262 2311 1318 2392 ὅτι,
1345 2317 1392 2402 Τῇ
1408 2315 1483 2401 δεξιᾷ

320 2420 376 2480 τοῦ
388 2420 466 2478 θεοῦ
480 2411 631 2496 ῦψωθείς,
658 2421 693 2462 ¹⁰
702 2416 763 2494 καί,
785 2413 841 2498 τήν
856 2417 1028 2502 ἐπαγγελίαν
1040 2422 1095 2482 τοῦ
1108 2415 1273 2499 τινεῦματος
1285 2412 1388 2497 λαβοίν
1405 2411 1483 2498 ιιαρά

320 2522 375 2582 τοῦ
396 2514 524 2599 πατρὸς,
552 2515 753 2603 ήτιεριμένειν
768 2516 823 2602 τήν
838 2519 1013 2605 ἐπαγγελίαν
1028 2525 1082 2584 τοῦ
1098 2516 1265 2606 κστρῦςήν
1282 2516 1445 2601 ήκοῦσατε,
1464 2514 1483 2600 ἢ

322 2618 379 2698 ῦτι,
406 2616 446 2684 Τά
460 2625 578 2702 πνεῦμα
589 2618 682 2686 αῦτῦν
694 2618 828 2703 ἐσβάλλει
840 2622 883 2697 είς
892 2618 947 2704 τήν
958 2622 1080 2706 ἐρημον,
1103 2619 1125 2705 ή
1138 2620 1193 2700 ὅτι,
1217 2617 1307 2697 αῦτῦς
1319 2621 1407 2706 λδγει,
1429 2617 1482 2702 Μή

320 2717 515 2807 μεριμνήσητε
531 2726 560 2788 τί
576 2725 691 2806 είκηττ,
713 2720 761 2790 ῦτι
774 2719 808 2790 τδ
828 2730 944 2807 πνεῦμα
963 2721 1041 2790 11τῦ
1057 2731 1166 2790 λαλοῦν
1181 2726 1214 2790 ἐν
1227 2720 1315 2806 ῦμῖν,
1336 2720 1373 2806 ή,
1397 2725 1440 2788 Εί
1454 2721 1483 2786 δέ

320 2826 353 2890 ίν
367 2821 512 2906 τινεῦματι
535 2833 615 2892 θεοῦ
643 2821 822 2908 ι’ἐκβάλλω
842 2823 879 2890 τά
892 2823 1049 2909 δαιμόνια,
1079 2825 1116 2910 ἢ,
1143 2824 1178 2891 ‘O
1191 2826 1223 2892 δέ
1239 2829 1429 2909 βλασφημεῖν
1445 2825 1483 2899 είς

320 2926 354 2995 τά
368 2936 486 3011 πνεῦμα
502 2925 535 2994 τῦ
553 2925 659 3012 ῦγιον,
682 2925 739 2993 οῦκ
754 2925 938 3011 ἀφεθήσεται
955 2928 1055 3018 αῦτςῦ,
1076 2930 1128 2996 καί
1143 2926 1180 2994 τά
1196 2929 1278 3011 ἐξής,
1311 2923 1398 3010 Ηή,
1422 2925 1482 2992 Πά-

320 3055 379 3116 τερ,
396 3033 439 3108 είς
449 3027 551 3116 χεῖράς
563 3053 619 3096 σου
634 3028 850 3114 παραθήσομαι
862 3028 897 3096 τδ
911 3029 1029 3114 πνεῦμά
1043 3057 1114 3114 μου,
1134 3028 1165 3114 ἢ,
1186 3029 1227 3096 To*
1242 3034 1364 3097 ιταιῦίον
1377 3027 1483 3114 ηῦξανε

321 3136 374 3201 καί
391 3136 583 3220 ἐκραταιοῦτο
598 3139 640 3221 τρῦ
653 3131 810 3215 ττνεῦματι,
828 3133 990 3218 ΗἸησοῦς
1007 3134 1040 3200 δέ
1051 3135 1195 3217 κλησθείς
1212 3130 1381 3217 τινεῦματος
1400 3128 1483 3218 άγίον

320 3233 505 3322 ῦτιέστρεψεν
527 3232 586 3302 άκδ
610 3241 663 3301 τοῦ
685 3232 856 3321 Ἰορδάνου,
885 3234 923 3321 ή,
954 3233 1151 3323 ’Τττέστρεψεν
1173 3233 1287 3318 Ἰησοῦς
1304 3241 1342 3324 τῇ
1359 3232 1484 3317 δυνάμει

320 3345 374 3405 τοῦ
388 3338 567 3422 τινεῦματος,
597 3336 634 3422 ή,
672 3337 712 3404 Τά
730 3341 939 3426 γεγεννημίνον
959 3342 992 3406 ἐκ
1007 3345 1061 3405 τοῦ
1078 3335 1246 3422 τινεῦματος
1263 3335 1384 3419 πνεῦμά
1400 3339 1482 3414 ἐστιν,

321 3439 426 3523 ὅμοιον
441 3447 483 3531 τῷ
499 3444 607 3521 εἰπεῖν,
628 3439 670 3506 “0
687 3443 807 3528 γέγονεν
822 3444 854 3507 ἐν
870 3439 950 3530 αῦτςῦ
967 3441 1025 3524 ζωή
1040 3433 1093 3525 ήν,
1124 3439 1158 3524 ἢ,
1181 3435 1274 3526 Κάγιί
1290 3441 1483 3526 παριαισλέσσ

319 3540 373 3610 τδν
393 3545 564 3629 ιἐντατέρα,
586 3545 638 3610 καί
655 3542 743 3610 ῦλλον
761 3541 962 3628 Παράκίητον
976 3543 1067 3610 δάσει
1080 3540 1152 3627 ῦμῖν
1165 3540 1199 3608 τά
1215 3548 1331 3624 πνεῦμα
1346 3547 1403 3624 τῆς
1418 3542 1483 3624 ἄλη·

319 3649 422 3726 θείας,
451 3644 487 3729 ή,
517 3644 578 3714 Διῦ
598 3651 627 3712 τί
642 3644 793 3731 ἐπλήρωσε
807 3644 862 3730 τήν
881 3650 1008 3734 καρδίαν
1023 3669 1078 3713 σου
1094 3642 1113 3712 ῦ
1128 3650 1280 3723 Σατανᾶς,
1310 3649 1353 3732 τῷ
1366 3640 1484 3731 Ἀνανίᾳ

325 3750 475 3836 ιθλέγοιν,
502 3748 676 3831 ψεῦσασθαί
698 3769 731 3814 σε
748 3748 781 3814 τῦ
801 3755 920 3832 πνεῦμα
936 3749 970 3815 τῦ
987 3747 1089 3835 ῦγιονς
1118 3750 1170 3814 καί
1189 3743 1261 3831 μετά
1274 3751 1387 3828 ταῦτα,
1423 3743 1484 3812 Οῦι

319 3849 497 3938 άνθροίιτοις
520 3853 653 3935 ἐψεύσω,
668 3853 670 3864 ’
685 3847 757 3915 άλλῦ
782 3856 898 3940 Πθερῦ.
934 3849 1011 3937 ’Ἆρα
1033 3850 1108 3927 θεὸς
1125 3853 1158 3917 ἐκ
1175 3855 1268 3929 θεοῦ,
1301 3851 1400 3914 ι’καί
1413 3845 1484 3924 θεάς

236 4023 239 4030 ⁴
319 3952 354 4020 τά
371 3961 488 4039 πνεῦμα
502 3951 536 4022 τά
554 3953 657 4040 ῦγιον,
680 3944 705 4042 ᾦ
723 3949 887 4036 ἐψεύσαντο
905 3955 1003 4020 οέτοῦ
1015 3953 1179 4040 τιμήματος
1191 3953 1368 4037 τοῦχωρίου
1383 3973 1484 4032 νοσφι-

319 4055 448 4140 σάμενοι.
483 4055 539 4138 Ἦ,
574 4055 669 4132 ιοὋς
692 4052 870 4142 ἐφανεροίθη
890 4058 923 4122 ἐν
949 4059 1054 4142 σαρκί,
1083 4051 1249 4137 ἐδικαισίθη
1274 4055 1307 4119 ἐν
1329 4053 1483 4138 κονιάματι

355 4193 412 4246 Gn.
432 4197 528 4247 vl.-
551 4197 572 4247 1.
590 4189 667 4248 Ἀλλά
682 4191 883 4262 καίτήνΑκοστ.
952 4193 976 4250 6.
1044 4189 1142 4265 ἀῦτῷ
1161 4189 1238 4263 μονήν
1254 4195 1307 4244 eod.
1324 4195 1425 4260 Μῦς.

320 4258 680 4400 οῦάίῦῖῦμῖίῗιίαωῦ
698 4261 784 4330 ”W
800 4259 885 4332 Ἰῶί
951 4263 977 4385 ί
994 4261 1009 4385 ί
1026 4261 1262 4392 οῦῦιῗίίίλἸ

354 4395 611 4534 {xima
952 4397 1200 4535 ?·0.‘2.?5'‘4'5·m.

354 4533 376 4584 ε’).
405 4533 511 4594 :temo
536 4533 588 4604 ίγιί
613 4534 659 4590 καὶ
682 4531 815 4606 δαατήμ,
841 4535 886 4592 καὶ
954 4537 994 4587 11.
1011 4533 1056 4588 τοῦ
1073 4534 1169 4603 πατρός
1185 4555 1233 4604 μου
1249 4533 1279 4590 τῦ
1298 4537 1387 4590 λαλοῦν
1399 4539 1483 4590 Am.

321 4599 399 4674 μονήν
409 4605 495 4660 Ατοον.
955 4601 994 4656 12.
1013 4601 1115 4675 ἐκβάλω
1132 4607 1203 4658 codd.
1220 4619 1275 4658 στα.
1294 4609 1316 4655 ιι
1332 4605 1369 4656 αλ
1384 4608 1461 4670 μηίια
