3042 5016
294 320 430 372 rnusnn
448 321 509 374 nra.
527 323 570 374 ιιι.
586 321 668 374 ron.
686 323 718 374 ιι.
736 321 834 375 unna.
850 322 984 376 nxxvn.
1154 309 1216 374 345

57 463 91 505 ac
117 451 253 525 tanquam
278 439 419 504 baeretici
445 441 580 525 dogmata
603 441 659 505 ista
683 441 808 505 iactate:
841 453 892 506 ant
908 443 932 506 si
950 453 1150 528 patrnmesse
1166 443 1218 508 lilii

56 544 162 618 vultis,
197 543 268 606 nibil
292 553 411 628 praeter
434 543 499 622 illa,
531 543 821 629 quaascripsernnt,
856 545 911 629 ipsi
928 546 1114 610 sentiendum
1135 557 1218 631 puta-

56 658 129 711 tote.
175 643 293 710 Etenim
319 666 405 731 quam
430 646 500 710 illud
526 646 683 710 absurdum
705 647 760 727 sit,
792 647 841 710 vel
858 647 925 711 binc
946 649 1118 713 existimare
1135 659 1218 735 pote·

54 751 120 812 stis.
166 743 200 813 Si
220 748 296 812 enim
313 747 435 812 verbum
454 749 588 835 corpori,
620 750 703 813 cuius
723 759 829 814 natura
851 751 885 813 de
902 760 981 814 terra
1005 750 1132 815 delibata
1158 763 1215 830 est,

55 851 306 917 consubstantiale
330 852 385 930 sit,
423 872 487 915 cunr
515 873 554 916 ιιι
580 861 692 937 patrum
717 853 906 918 confessione
932 851 1053 938 perinde
1076 854 1114 916 sit
1140 853 1216 939 patri

55 953 307 1040 consubstantiale
323 953 463 1032 verbum,
496 964 579 1038 pater
594 954 657 1040 ipse
674 965 794 1018 terreno
818 955 936 1042 corpori
956 955 1216 1020 consubstantialis

56 1057 124 1120 crit.
170 1053 239 1139 Quo
256 1055 372 1141 quidem
390 1057 569 1136 constituto,
594 1055 661 1141 quid
679 1058 817 1142 estquod
837 1059 967 1122 Arianos
983 1057 1143 1136 incusetis,
1169 1057 1218 1142 qui

55 1161 145 1224 lilium
162 1170 328 1223 creaturam
345 1179 413 1223 esse
430 1158 610 1238 detendunt,
635 1179 700 1222 cum
715 1181 771 1223 vos
787 1159 842 1246 ipsi
859 1172 970 1245 patrem
987 1161 1132 1224 creaturis
1148 1181 1220 1224 con·

54 1261 277 1326 substantialem
296 1282 364 1326 esse
387 1262 510 1342 dicatis,
542 1272 573 1325 ιι
589 1263 624 1324 ad
644 1262 721 1326 aliud
739 1263 897 1348 impietatis
911 1283 1005 1347 genus
1022 1261 1216 1342 declinantes,

55 1365 83 1427 in
100 1384 240 1444 carnem,
265 1385 351 1444 ossa,
385 1366 477 1450 pilos,
509 1384 637 1443 nervos,
661 1375 753 1429 toturn
775 1365 901 1449 dariique
917 1385 1025 1450 ccrpns
1040 1386 1217 1428 conversum

55 1487 124 1531 asse
143 1465 283 1544 verbum,
315 1477 345 1530 et
365 1487 381 1530 a
398 1478 501 1531 natura
519 1489 573 1530 sua
593 1467 754 1532 descivisse
774 1487 945 1551 persuasum
965 1467 1117 1532 babeatis?
1160 1465 1219 1532 Su·

56 1579 158 1654 perest
172 1571 269 1651 itaque
290 1581 322 1633 ιιι
337 1589 354 1633 ι
371 1580 451 1633 terra
471 1571 643 1655 productum
662 1589 730 1634 esse
749 1570 871 1634 verbum
888 1569 953 1634 sine
970 1569 1218 1653 tergiversatione

55 1671 173 1736 dicatis.
218 1669 297 1736 Nara
316 1693 332 1736 ι
350 1683 430 1736 terra
448 1672 559 1736 ossium
575 1674 722 1758 totiusque
741 1673 874 1758 corporis
890 1684 995 1736 natura
1010 1672 1216 1758 proficiscitur.

58 1771 211 1858 Quaenam
238 1785 284 1837 est
304 1774 377 1838 baec
401 1785 482 1840 tants
510 1775 658 1839 dementia
681 1785 713 1837 ιιι
728 1775 880 1838 nobiscum
906 1775 961 1861 ipsi
984 1774 1140 1861 pugnetis?
1183 1771 1218 1840 Si

57 1877 174 1963 quidem
199 1898 264 1941 cum
291 1877 414 1941 verbum
441 1879 557 1963 corpori
582 1878 833 1942 consubstantiale
854 1897 923 1941 esse
948 1877 1062 1956 dicitis,
1095 1876 1219 1940 alterum

56 2001 120 2043 cum
149 1979 241 2042 altero
266 1979 347 2043 velunt
372 1981 520 2044 diuersum
548 1981 709 2066 comparari
738 1979 921 2064 significatis.
969 1976 1044 2044 Cum
1067 1991 1164 2045 autem
1188 1980 1218 2043 in

56 2103 176 2145 carnem
194 2101 262 2144 esse
286 2102 463 2145 conversum
488 2083 641 2161 asseritis,
674 2084 768 2145 eidam
792 2081 882 2147 uerbo
899 2081 1089 2145 mutationem
1107 2082 1220 2166 alburgi-

56 2185 104 2248 tis.
154 2180 230 2265 Quis
253 2181 344 2268 igitur
369 2183 507 2268 deinceps
531 2183 603 2247 baec
629 2184 752 2248 uvobis
775 2186 823 2248 vel
840 2205 914 2248 voce
934 2195 1019 2247 tenuras
1035 2185 1219 2268 pronuntiari

56 2287 226 2349 sustineat?
254 2283 332 2354 ‚Vos
350 2287 427 2349 enim
447 2284 592 2350 haeresim
610 2307 725 2350 omnem
744 2287 891 2371 impietate
912 2285 1085 2372 superastis.
1132 2284 1218 2369 Quod

56 2388 80 2450 si
97 2388 221 2452 verbum
237 2389 353 2474 corpori
373 2388 623 2452 consubstantiale
639 2391 696 2467 sit,
728 2397 949 2474 supervacanea
966 2399 1013 2452 est
1027 2385 1143 2451 Mariae
1158 2406 1219 2451 rae·

56 2491 153 2556 moria
172 2493 268 2554 ominis
282 2512 317 2555 ac
332 2491 462 2570 iunctio,
496 2513 561 2554 cum
579 2502 648 2554 ante
669 2492 747 2556 illam
774 2493 859 2555 ctiam
885 2492 1094 2577 sempiternum
1111 2508 1220 2575 corpns

57 2615 124 2658 esse
153 2595 297 2679 potuerit,
332 2594 572 2678 quemadmodum
598 2604 627 2656 et
655 2593 776 2658 verbum
800 2594 911 2680 ipsum,
943 2595 986 2674 si,
1019 2595 1216 2672 masseritie,

58 2697 175 2782 corpori
196 2697 446 2760 consubstantiale
470 2697 520 2760 sit.
567 2693 644 2778 Quid
668 2706 765 2759 autom
790 2697 910 2760 verbum
935 2698 991 2761 Ιιιιι
1008 2695 1149 2759 adveurire
1166 2716 1219 2759 ιιι-

58 2820 143 2864 cesse
162 2799 233 2876 luit,
257 2811 289 2863 ιιι
305 2799 353 2863 vel
367 2799 395 2862 id
413 2799 488 2883 quod
505 2798 562 2861 iam
579 2798 830 2862 consubstantiale
847 2799 901 2862 sibi
919 2811 983 2862 crat
998 2800 1146 2876 indueret,
1170 2797 1219 2862 ncl

57 2911 162 2965 natura
184 2922 238 2964 sna
263 2911 422 2978 mutatum,
454 2922 561 2986 corpus
587 2901 773 2964 efficeretur?
825 2899 895 2964 Non
924 2903 1001 2964 enim
1029 2903 1218 2986 scnretipsam

57 3003 197 3068 divinitas
223 3003 364 3080 assumit,
398 3013 430 3067 ut
450 3005 526 3088 quod
551 3004 606 3067 sibi
631 3004 882 3068 consubstantiale
907 3016 952 3067 est
971 3005 1090 3081 induat,
1123 3023 1218 3088 neque

57 3107 201 3185 verbum,
235 3107 310 3189 quod
328 3107 424 3170 alienu
446 3119 564 3191 peccata
585 3107 702 3193 expiat,
735 3118 886 3192 peceatum
906 3107 993 3170 ullum
1011 3105 1128 3170 admisit
1143 3116 1174 3170 ut
1190 3105 1219 3169 in

57 3229 165 3295 corpus
183 3229 358 3273 conversum
377 3209 505 3294 seipsum
522 3231 576 3294 pro
589 3231 622 3272 se
639 3208 777 3273 sacrilicii
793 3209 886 3272 instar
901 3209 1034 3286 aderrat,
1060 3229 1094 3273 ae
1110 3219 1220 3272 semet-

57 3311 152 3395 ipsum
178 3312 347 3375 redimeret.

144 3411 248 3496 Quare
273 3415 361 3498 longe
380 3413 467 3477 aliter
491 3435 558 3478 sese
577 3435 625 3478 res
643 3413 742 3477 habet.
788 3413 829 3478 Et
845 3418 1092 3478 Abrcoma'senren
1118 3437 1219 3497 appre-
1238 3428 1298 3492 cap.
1315 3427 1373 3477 vlt.

57 3520 171 3591 tendit,
196 3528 229 3580 nt
245 3517 374 3602 loquitur
389 3515 552 3601 apostolus.
598 3513 682 3582 Unde
692 3521 823 3600 fratrum
838 3539 952 3580 eumaem
971 3523 1115 3580 rainildam
1130 3491 1373 3580 ornara'-¹¹⁸i''¹'¹‘L

58 3621 107 3682 brac
125 3641 189 3681 ease
214 3620 329 3697 debuit,
361 3641 416 3683 nec
441 3619 589 3681 diversum
613 3620 730 3684 anobis
754 3641 861 3706 corpus
883 3641 1046 3684 assumere.
1092 3618 1220 3683 Proinde

59 3735 86 3785 ιι
104 3720 204 3786 Maria
224 3723 336 3806 reipsa,
362 3743 417 3788 nec
433 3722 569 3786 simulate
588 3723 756 3806 protertur,
780 3743 820 3786 ex
839 3745 894 3806 qna
916 3745 1022 3806 corpus
1040 3723 1108 3785 illud
1123 3741 1221 3782 sume-

60 3837 121 3904 ret,
147 3846 184 3888 ac
201 3836 337 3909 tanquam
356 3826 503 3912 peculiare
522 3835 552 3887 et
569 3824 716 3909 proprium
737 3825 889 3910 pronubis
907 3825 1040 3889 oberret.
1088 3822 1218 3886 Eandem

58 3927 135 3990 illam
153 3949 242 4013 porro
262 3925 365 3993 Esaias
384 3927 526 3992 eiusmodi
543 3927 685 3989 vaticinio
702 3929 939 3992 demonstrabat:
963 3932 1039 3990 Erre
1055 3931 1137 4007 origo
1150 3947 1217 3988 eoa-
1230 3937 1359 3997 raretum

59 4035 157 4112 cipiet,
187 4037 335 4112 etpuriet.
385 4029 463 4095 Τιιιιι
492 4027 615 4095 Gabriel
639 4029 674 4093 ad
701 4051 765 4093 eam
788 4031 930 4110 mittitur,
964 4049 1022 4093 non
1048 4027 1220 4114 simpliciter

93 4239 134 4288 lt.
152 4239 258 4287 fanone
276 4234 323 4306 τῷ.
693 4235 730 4290 lb.
748 4234 881 4304 γεγένηται
897 4239 932 4286 ed.
949 4239 1026 4299 princ.

94 4303 134 4356 12.
161 4305 205 4357 τοῦ
230 4308 310 4356 umbe.
334 4308 360 4356 t'n
385 4307 422 4356 ed.
441 4308 523 4357 Petcc.
543 4307 622 4358 colon.
693 4307 733 4363 tn.
750 4299 814 4369 adri,
833 4307 897 4355 obest
914 4319 929 4354 c
946 4308 973 4356 Β.

60 4378 128 4436 repet.
694 4373 732 4427 17.
750 4371 843 4436 bauti<
859 4375 886 4423 B.

94 4441 133 4493 13.
158 4435 231 4509 riparia
246 4445 275 4494 Β.
308 4437 384 4510 alpais
407 4443 507 4506 cupere
526 4447 559 4493 ert
582 4457 623 4506 cp.
696 4442 733 4491 pa,
751 4437 800 4507 γὰρ
818 4443 880 4491 obest
896 4456 914 4491 o
930 4443 956 4492 Β.

60 4511 144 4572 spen
160 4515 286 4574 scripturn.
694 4509 753 4559 Gne.
775 4509 829 4557 vu.
850 4535 880 4546 -
928 4511 950 4560 1.
977 4513 1052 4562 Verba
1077 4508 1103 4564 ἰν
1128 4509 1220 4578 γαστρὶ

94 4575 135 4633 14.
165 4574 228 4634 ciacc
251 4577 296 4636 acl
311 4577 360 4648 apt
377 4578 480 4650 Μαρίας
497 4579 578 4642 αιιιος
594 4581 622 4634 Β.
659 4576 727 4644 tter,
742 4576 788 4632 καὶ
803 4574 903 4646 τέξεται
919 4579 1083 4636 ᾶιιιιιιιιιιιι·
1098 4583 1124 4632 tn
1140 4581 1169 4632 a.
