3072 5002
288 432 425 487 rinnau
442 433 505 485 mn.
519 433 562 486 nr.
579 430 663 486 nou.
675 433 694 485 r.
711 431 811 487 ntea.
830 433 950 486 nxxrn.
1140 413 1200 484 tel

59 552 128 617 eles.
171 553 324 640 Angustus
343 554 499 640 episeopus
516 551 742 640 Errplrratesiae.
788 549 896 618 Pollux
913 553 1068 640 episeopus
1084 552 1203 640 provin·

56 656 110 719 niae
132 659 278 721 secundae
301 655 428 743 Libyae.
483 654 656 721 l‘aneratius
680 656 836 742 episeopus
861 653 984 720 Pelusii.
1036 653 1204 720 Plrilioadua

56 759 195 845 episeopus
217 759 457 844 Augustodurum
477 755 623 845 Phrygiae
651 758 834 845 pronioeiae.
879 755 1025 843 Serapion
1050 757 1205 845 episeopus

57 861 200 950 Antipyrqi
217 859 347 948 Libyae.
394 859 543 926 Eusebius
563 861 718 948 episeopus
736 858 882 928 Sebastae
898 858 1096 927 Palaestinae.
1142 859 1204 924 lle-

54 961 169 1030 liodorus
207 965 364 1052 episoopns
404 961 540 1030 Sezusae
576 961 761 1051 Pentapolis.
822 961 1010 1030 Ptolemaeos
1047 962 1203 1050 episeopus

57 1063 442 1153 l'lomneoselngustoniees.
481 1066 622 1152 Augarus
640 1067 795 1153 episeopus
812 1061 886 1154 Cyri
903 1064 1098 1152 Euphrasiae.
1139 1063 1204 1130 Ex-

55 1169 155 1234 eresius
174 1171 332 1256 episeopus
350 1167 545 1234 Gerasnrum.
592 1167 724 1234 Arabion
739 1169 894 1256 episeopus
911 1168 1090 1233 Adrenrum.
1125 1163 1205 1234 Cloa-

56 1269 132 1336 risios
146 1271 303 1359 episeopus
321 1273 424 1336 Aznti.
471 1269 624 1338 Elissaeos
640 1270 795 1357 episeopus
811 1268 1086 1359 Diocletianopolis.
1128 1268 1205 1335 Ger·

55 1393 144 1438 nonus
159 1375 316 1461 episeopus
334 1370 502 1440 Petraeum.
547 1373 712 1440 Baroeloius
732 1375 886 1460 episeopus
903 1373 1044 1440 Arabius.
1091 1370 1204 1438 Omnes

56 1477 171 1564 episcopi
195 1497 321 1543 numere
343 1472 462 1542 XLlll.

88 1596 266 1650 HACTENUS
284 1597 568 1649 sutttntttsttottttnt
585 1599 631 1652 ΕΤ
649 1595 852 1650 setnnottunt
870 1596 957 1648 l‘lDEl
975 1595 1165 1650 mustene.

125 1815 200 1884 Cum
223 1820 299 1884 hane
322 1831 352 1885 et
374 1831 490 1884 eeteras
520 1820 548 1884 id
571 1842 714 1905 genoso
695 1819 714 1884 Γ
717 1820 763 1884 der
789 1819 995 1906 expositiones
1011 1841 1066 1884 vos
1091 1818 1200 1904 legitis,
1244 1825 1305 1893 cop.

55 1921 143 2004 quibus
165 1923 339 2010 prudentiae
366 1922 446 1987 inest
467 1944 501 1987 ae
523 1921 623 1987 iodieii
654 1923 803 2002 nonnihil,
840 1923 1064 1988 animadvertite
1093 1943 1204 2008 quaeso
1221 1843 1330 1946 xm·

56 2044 125 2104 qnam
147 2024 302 2089 subdolum
326 2046 362 2089 ee
384 2025 560 2090 malitiosum
583 2027 622 2089 sit
643 2023 730 2089 unius
753 2047 794 2088 ex
814 2025 863 2094 illa
885 2037 967 2090 seeta
996 2025 1085 2111 partis
1108 2025 1206 2090 eonsi-

55 2123 127 2205 lium,
150 2149 186 2190 ae
210 2127 281 2192 niltil
305 2141 417 2192 neotum
441 2127 565 2205 habeut,
590 2149 686 2212 neque
701 2127 748 2192 vel
770 2128 921 2192 levissime
939 2127 1058 2193 divinae
1078 2127 1147 2191 lidei
1167 2127 1207 2192 sit

55 2230 234 2310 professionis
267 2242 512 2296 consentaneum.
569 2228 689 2296 Etenim
723 2230 857 2294 dominus
887 2231 926 2293 ita
959 2229 1203 2294 commonefecit.

57 2331 280 2406 nonnemo
299 2337 421 2409 nudetis,
452 2337 617 2414 proedt'ente
637 2355 724 2414 orqner
746 2345 830 2396 teoto.
877 2332 977 2419 Atque
998 2343 1032 2398 ut
1052 2333 1308 2442 apostoluslpttttttlu

56 2431 189 2500 hortatur:
217 2439 368 2499 Veritatem
385 2441 576 2518 unusqusique
592 2439 726 2551 loquutur
742 2458 805 2498 eum
819 2441 951 2518 promitto
968 2458 1032 2498 ruo.
1079 2435 1121 2500 At
1137 2457 1203 2521 pto·
1217 2397 1344 2507 splen.

56 2533 125 2616 pheta
146 2537 264 2602 illorum
286 2538 502 2623 improbitatem
526 2560 584 2602 non
608 2537 673 2602 sine
695 2537 925 2621 reprehensione
948 2539 1106 2602 declarat..
1136 2543 1204 2601 Cum
1222 2552 1307 2600 nuto.

53 2645 183 2716 promino,
220 2639 330 2725 inquit,
361 2643 487 2724 loquitur
499 2645 641 2722 pneqien,
673 2645 702 2704 uir
725 2644 809 2703 eorde
827 2663 893 2704 vero
910 2663 962 2703 suo
988 2643 1101 2704 dolet
1086 2645 1206 2706 rnrinr‘er’·
1237 2603 1304 2663 ω’

57 2744 123 2816 turo,
147 2743 214 2808 sive
238 2743 388 2807 malitiam.
435 2741 521 2808 Talis
545 2754 590 2806 est
611 2741 742 2807 Anneius
764 2742 819 2807 iste
842 2765 907 2806 eum
931 2742 1004 2808 suis.
1050 2741 1207 2808 Nemeum

57 2861 82 2904 se
100 2841 243 2909 aBasilio
266 2845 377 2910 eteius
404 2845 527 2910 asseclis
550 2845 783 2926 disiunxissent,
814 2867 872 2930 quo
895 2866 986 2909 uerae
1009 2845 1206 2910 ennlessionis

58 2944 189 3012 rioeulum
208 2967 245 3010 ae
268 2968 378 3012 nexum
402 2947 567 3013 dissolvere
589 2949 742 3034 eripientes
766 2946 957 3012 adulterinam
981 2947 1083 3013 neseio
1106 2970 1204 3033 qnam,
1229 2963 1235 2974 '

58 3055 80 3107 et
99 3049 130 3112 ad
152 3049 346 3114 refellendum
374 3051 505 3129 facilem,
541 3061 571 3115 et
592 3049 622 3114 in
646 3071 749 3115 omnes
780 3060 880 3138 partes
909 3050 1102 3130 versabilem,
1137 3049 1206 3116 fodei

59 3150 254 3230 professionem
272 3153 444 3234 ediderunt,
469 3163 500 3216 nt
522 3173 562 3217 ex
585 3162 728 3239 enneepte
751 3151 815 3239 ipsa
837 3153 995 3219 verborum
1020 3153 1157 3234 formula,
1180 3153 1206 3218 si

59 3249 145 3332 qnilus
165 3253 321 3340 imponere
339 3254 466 3333 vellent,
489 3256 595 3320 iustam
619 3277 654 3319 oe
669 3255 827 3340 legitimam
845 3255 1063 3320 confessionem
1086 3277 1157 3341 prae
1173 3276 1206 3318 se

60 3351 229 3420 lerrerideri
253 3368 393 3442 possent,
426 3357 472 3424 ain
494 3358 636 3444 perfidiae
658 3378 730 3422 suae
753 3357 835 3422 uirus
859 3349 1029 3444 patelaeere
1052 3369 1205 3444 cuperent,

59 3451 183 3521 eiusmodi
206 3457 266 3522 illis
288 3459 323 3522 ad
343 3481 460 3523 manum
478 3470 560 3524 esset
584 3461 651 3523 lidei
675 3461 840 3546 prolessio,
876 3481 949 3545 quae
972 3461 1117 3545 utrimque
1140 3481 1207 3546 spe-

60 3565 126 3622 ctans
145 3561 179 3624 ad
204 3560 363 3644 quamlibet
380 3563 496 3626 illorum
512 3562 729 3626 simulationem
746 3573 844 3648 aptum
861 3562 995 3647 quiddam
1011 3563 1207 3647 exprimeret.

61 3654 258 3746 sedquoniam
278 3662 307 3726 in
326 3664 382 3728 hou
400 3663 504 3728 Aeacii
528 3665 754 3744 conventiculo,
790 3665 867 3749 qnod
890 3664 927 3729 alr
946 3665 1012 3729 aliis
1029 3664 1142 3729 duobus
1161 3674 1207 3728 est

61 3762 223 3846 teinoetum,
249 3803 289 3813 —
320 3766 377 3828 iam
399 3764 477 3831 enirn
501 3767 628 3832 diximus
648 3777 709 3832 tres
729 3767 759 3831 in
778 3779 877 3853 partes
896 3769 1074 3832 Asianorum
1097 3777 1206 3832 sentam

62 3881 113 3927 etse
129 3867 273 3946 divisam3
298 3889 387 3952 qnare
404 3866 572 3947 Eudoxius,
598 3867 778 3950 Germanus,
805 3866 955 3955 Georgius
971 3870 1206 3948 Alexandrinus,

63 3959 176 4033 Euooins
200 3969 408 4036 Antiochenns
435 3972 464 4035 in
487 3993 572 4036 unam
598 3969 753 4036 lectionem
781 3973 929 4058 segregati
956 3983 1043 4050 suot,
1078 3969 1206 4036 Basilius

63 4086 119 4131 nero
134 4069 285 4153 Eleusine,
309 4070 495 4152 Eustatloius,
520 4072 670 4159 Georgius
686 4072 888 4154 Laodicenos,
914 4071 1054 4140 Silvanus
1073 4073 1207 4138 Tarsen-

63 4167 110 4251 sis,
136 4171 332 4239 llaoedonius
351 4172 715 4262 constantinopolitanus,
748 4177 841 4242 etalii
858 4177 1024 4264 complures
1046 4177 1206 4264 separatim

64 4289 130 4336 suun
145 4297 251 4363 eorpus
266 4277 446 4358 elleeerunt,
471 4279 601 4344 Anneius
618 4279 760 4364 denique,
793 4279 1024 4364 utsupradixi,
1058 4300 1123 4346 eum
1139 4277 1207 4345 Me-

65 4368 135 4455 letio,
163 4377 330 4467 lintpohio,
366 4391 397 4444 et
420 4381 487 4446 aliis
514 4381 663 4446 nonnullis
689 4382 791 4446 tertias
814 4380 845 4446 iu
868 4393 967 4468 partes
990 4382 1204 4449 discesserunt.

66 4543 189 4610 'llltqltw
213 4553 273 4616 slqln
298 4552 332 4604 Μ.
356 4553 447 4604 annun
489 4555 607 4606 inlibris
640 4556 688 4606 lun·
704 4551 967 4621 repromissioni-enode

65 4568 444 4686 *somnolentiores
461 4621 543 4674 Polou.
560 4624 605 4674 co·
674 4618 698 4676 4.
718 4573 911 4691 psllruoreodd.
927 4637 983 4677 nora.
1000 4629 1103 4688 uterque.
