3042 5016
314 299 376 363 336
738 313 860 366 οκυοτι
878 313 1050 365 κεινυιυιι

315 428 524 514 ἐργασάμενοι,
546 429 597 496 καλ
614 426 728 512 λύπην,
757 433 809 516 καί
828 435 933 514 ζημίαν
947 438 1001 514 τῆς
1015 427 1067 495 ἀπ’
1085 430 1217 514 ἀλλήλων
1230 431 1410 518 γλυκύτητος
1424 433 1464 496 καί

315 529 441 617 ἀγάπης.
490 529 551 614 Τήν
575 529 631 618 γάρ
650 539 710 597 τῶν
726 539 820 599 θείων
838 541 962 619 γραφῶν
982 533 1167 600 ἀκολουθίαν
1185 535 1236 598 καί
1255 531 1408 618 εὐθύτητα
1424 534 1464 599 καί

314 633 441 711 ἀκακίας
463 631 639 721 δμολογίαν,
670 636 859 720 προφητικήν
883 661 913 700 τε
937 637 986 702 καλ
1007 635 1196 724 εύαγγελικήν
1213 639 1263 702 καί
1282 635 1465 720 ἀποστολικήι

314 741 412 802 πίστιν
443 739 583 823 παρέντες
608 735 787 821 σοφιστικήν
811 737 884 823 ἡμῖν
908 740 985 816 λέξιν
1008 741 1061 804 καί
1090 739 1220 823 μυθάδη
1249 739 1465 826 παρειςήγαγοι,

314 837 381 923 μεθ’
402 833 439 922 ής
461 842 512 904 καί
536 847 650 904 πολλῶν
679 843 808 906 ίδεινολν
826 839 1027 922 ἀκολουθίαν,
1061 851 1241 928 πληροῦντες
1259 846 1289 908 ἐν
1306 845 1423 920 έαυτοῖς
1440 841 1465 906 τί
1512 885 1513 906 ι

314 944 470 1029 είρημένον
485 942 541 1023 ότι,
557 941 786 1026 Ἀποστήσονταί
797 970 873 1020 τινες
888 951 941 1027 τῆς
954 941 1147 1031 ὑγιαινούσης
1158 949 1359 1027 διδασκαλίας,
1376 946 1467 1032 προςέ-

315 1071 414 1128 χοντες
436 1046 548 1130 μύθοις
569 1050 620 1112 καί
642 1051 855 1127 κενοφωνίαις.

176 1263 243 1334 Κεφ.
262 1261 294 1335 β’.
394 1247 428 1316 ‘0
447 1251 678 1338 πρεςβύτηςκαὶ
701 1250 921 1338 σεμνοπρεπής,
953 1249 971 1318 ό
986 1250 1034 1317 ἀεί
1057 1251 1130 1336 η’μῖν
1154 1250 1323 1340 ἀγαπητός,
1356 1255 1408 1319 καί
1435 1257 1468 1340 τῦ

312 1361 459 1444 μακαρίτη
488 1355 576 1444 πάπμ
596 1353 783 1443 Ἀθανασίςο,
813 1357 864 1420 καὶ
891 1363 982 1422 πᾶσιν
1008 1353 1201 1440 ἀρθοδόξοις,
1232 1349 1469 1443 Ἀπολινάριοςό

312 1455 373 1523 ἀπό
388 1461 584 1537 Λαοδικείας,
615 1451 704 1533 οὗτος
719 1450 758 1540 ἦν
775 1455 793 1523 δ
808 1460 840 1523 ἐν
856 1457 932 1548 ἀρχῇ
950 1465 1037 1524 τοῦτο
1058 1457 1092 1524 τδ
1108 1463 1190 1544 δῆμοι
1204 1459 1365 1543 ἐπινοήσας
1381 1486 1411 1525 τε
1426 1459 1467 1523 καί
1512 1463 1513 1530 Q

312 1558 523 1647 προαγόμενος.
578 1561 639 1624 Καὶ
663 1560 698 1625 τοί
723 1567 825 1646 πρῶτα
850 1561 903 1643 μέν
929 1560 1119 1644 ένηχούμενοι
1146 1559 1207 1628 ἀπό
1230 1589 1320 1628 τινοιν
1343 1569 1405 1628 ταῖν
1426 1557 1466 1625 ύτί

313 1660 406 1728 αὐτοῦ
430 1664 702 1746 μεμαθητευμένων
724 1662 921 1746 ι’μτιστοῦμεν,
952 1666 979 1729 εί
1001 1661 1059 1750 ἀρα
1081 1662 1189 1750 δάνήρ
1211 1673 1349 1742 τοιοῦτος
1374 1663 1467 1750 τυγμί-

312 1791 374 1830 ναν
400 1772 488 1831 τοῦτο
513 1764 709 1851 παρειςήγαγε
735 1773 776 1855 τῷ
800 1770 856 1855 βίῳ
878 1765 912 1832 τδ
930 1771 1025 1851 ῥῆμα,
1058 1770 1101 1833 ἐτι
1116 1770 1150 1832 ἐν
1171 1771 1335 1857 προςδοκίηι
1360 1771 1470 1842 ἐλπίδας
1512 1807 1513 1858 η

314 1876 597 1956 μακροθυμοῦντες,
629 1871 686 1950 ἴοις
705 1867 844 1954 τάκριβὲς
866 1871 1039 1956 ἐπιγνῦμεν.
1078 1869 1235 1960 Ἐλέγομεν
1249 1868 1305 1958 γάρ
1322 1869 1397 1948 τούς
1411 1879 1470 1936 ποί-
1512 1869 1513 1954 ί

314 1974 370 2047 δας
386 1970 455 2048 τούς
487 1970 558 2036 ιἀπ’
573 1969 666 2038 αύτοῦ
681 1970 756 2058 πρός
770 1971 848 2054 ήμάς
862 1969 1064 2056 ἀφικομένους
1079 1971 1121 2056 μή
1139 1981 1283 2049 νοοῦντας
1300 1971 1338 2038 τά
1355 1976 1471 2057 βαθέος

313 2071 374 2140 ύπδ
392 2081 445 2140 τοῦ
464 2074 717 2161 τοιούτουλογίου
735 2073 860 2160 ἀνδρός,
890 2076 942 2139 καί
959 2083 1099 2156 συνετοῦ,
1129 2077 1181 2141 καὶ
1197 2073 1398 2158 διδασκάλου,
1426 2071 1470 2157 ἀφ’

312 2179 426 2243 ἐαυτοῖν
443 2183 537 2242 ταῦτα
558 2176 710 2258 πλάττειν,
740 2175 781 2261 μή
798 2175 850 2242 ἀπ’
866 2175 959 2243 αὐτοῦ
976 2178 1197 2262 μεμαθηκότας.
1243 2176 1345 2244 Πολλά
1364 2171 1472 2266 γάρήτ

313 2279 333 2346 ἀ
350 2282 382 2346 ἐν
400 2279 504 2357 αὐτοῖς
521 2289 610 2356 οτοῖς
625 2279 701 2367 πρός
716 2277 798 2364 ἡμᾶς
811 2282 979 2363 ἐρχομένοις
993 2279 1202 2365 ήμφιβάλλετο.
1249 2281 1334 2358 Τινὲς
1348 2283 1407 2364 μὲν
1421 2279 1469 2367 γάρ
1512 2285 1513 2342 λ

313 2380 413 2448 αύτῦν
436 2382 598 2466 ἐτόλμησαν
615 2384 708 2469 λέγειν
730 2381 850 2450 ἀνωθεν
867 2381 919 2449 τόν
936 2382 1066 2470 Χριστόν
1086 2381 1119 2450 τό
1137 2391 1223 2467 σῦμα
1242 2387 1471 2468 κατενηνοηέναι

309 2484 512 2567 Ἐπιμένουσα
541 2484 573 2549 δὲ
588 2487 620 2549 ἐν
639 2492 675 2575 τῇ
694 2493 754 2552 τῦν
770 2484 942 2572 ἀνθρώπων
960 2489 1059 2576 ἐννοίᾳ
1075 2484 1096 2569 ή
1114 2491 1262 2573 ξενολογία
1282 2489 1331 2554 ἐπὶ
1347 2487 1407 2572 τήν
1424 2491 1473 2552 διν·
1512 2511 1513 2572 ss

190 2613 241 2659 m·
254 2601 299 2647 Μ·
313 2587 422 2671 νύτητα
446 2585 605 2672 προκοπήν
629 2587 781 2675 εἰργάζετο.
818 2587 919 2655 ’Ἄλλοι
941 2591 973 2655 δὲ
993 2592 1023 2667 ἐξ
1046 2586 1146 2655 αύτοῑν
1161 2591 1213 2655 καί
1229 2588 1263 2656 τδ
1280 2587 1388 2674 φυγήν
1405 2593 1470 2671 ears
1512 2581 1513 2586 ἐ

313 2693 403 2770 φέναι
421 2688 473 2756 τόν
490 2689 620 2773 Χριστόν
637 2690 816 2775 ἠρνήσαντο.
865 2692 949 2768 Τινές
963 2692 995 2758 δέ
1015 2695 1067 2758 καί
1088 2690 1251 2776 δμοούσισν
1267 2691 1300 2760 τό
1316 2699 1407 2776 σῶμα
1424 2697 1471 2758 τοῦ

315 2799 447 2878 Χριστοῦ
461 2801 497 2884 τῇ
513 2792 632 2876 θεότητι
648 2795 742 2880 λέγειν
757 2794 935 2878 ἐτόλμησαν,
956 2796 1008 2860 καλ
1021 2792 1057 2860 τά
1073 2793 1237 2883 ἀνατερικά
1254 2797 1329 2884 μέρη
1345 2799 1392 2874 είς
1408 2803 1469 2862 παλ
1512 2815 1513 2852 ι

312 2892 366 2979 λήν
386 2894 516 2981 ταραχήν
542 2899 735 2980 κατέστησαν,
768 2895 806 2962 δι’
827 2895 883 2973 οῦς
905 2894 1017 2983 ἀνάγκη
1041 2899 1140 2984 γέγονε
1161 2897 1289 2965 σύνοδον
1309 2920 1471 2986 σνγτιροτη-

311 3005 405 3082 θῆναι
421 3001 471 3064 καί
491 2996 705 3083 ἀναθεματίσαι
722 2997 796 3076 τούς
812 2998 975 3076 τοιούτους.
1015 2998 1104 3066 ’Λλλά
1126 3003 1177 3067 καί
1200 2998 1408 3086 ύπομνήματα
1423 3001 1470 3067 πέ-

312 3127 455 3187 πρακται,
479 3094 520 3168 ύν
538 3103 705 3188 ἀντίγραφα
720 3108 762 3193 τῷ
781 3107 929 3193 μακαρίτη
946 3100 1034 3192 πάπςι
1046 3103 1221 3194 Ἀθανασίηι
1238 3103 1411 3189 ἀπεστάλη,
1440 3099 1473 3169 δι’
1512 3143 1513 3192 ρ

312 3203 352 3288 ἣν
372 3206 469 3270 αἰτίαν
492 3212 551 3271 τοῖν
575 3202 796 3288 ύπομνημάτοιν
818 3207 870 3272 καί
887 3203 979 3282 αύτδς
995 3203 1191 3292 δμακαρίιης
1209 3204 1393 3294 ἠναγκάσθη
1410 3203 1472 3294 γρά-

313 3325 374 3390 ψαι
389 3307 544 3391 ἐπιστολήν
557 3306 633 3373 καιά
645 3314 705 3374 νῦν
718 3306 754 3374 τά
767 3317 890 3378 τοιαῦτα
903 3307 1061 3394 λεγόντων,
1083 3306 1155 3392 μιτά
1168 3309 1368 3393 ἀπειλητικῦν
1382 3309 1472 3396 λόγον
1512 3351 1513 3390 η

314 3409 560 3492 ἐπιπεμψάμενος
582 3418 623 3500 τῷ
637 3411 856 3501 αίδεσιμιοτάτρι
874 3412 1027 3502 ἐπισκόπρι
1040 3411 1223 3500 Ἐπικτήτῳ,
1251 3411 1299 3479 ότι
1314 3418 1472 3496 κατηξίοσε

314 3513 381 3596 περί
397 3515 505 3579 τοῦτον
519 3511 576 3579 κάν
593 3511 750 3600 ἀπόκρισιν
766 3524 829 3591 τοῖς
843 3513 986 3602 ταράξασι
1002 3519 1116 3582 δοῦναι.
1159 3522 1277 3596 Σαφιδς
1292 3516 1327 3581 δέ
1339 3520 1411 3602 περί
1426 3522 1474 3598 τῆς
1512 3507 1513 3558 Ῑ

312 3617 438 3690 πίστεως
457 3613 604 3701 8γράψας
618 3613 635 3682 δ
649 3615 739 3694 αύτδς
753 3623 916 3705 μακαρίτης
930 3621 961 3684 ἐν
975 3616 1083 3709 ταύτηῖ,
1105 3621 1156 3684 καί
1168 3616 1240 3694 τούς
1253 3615 1332 3684 αῦτά
1344 3618 1473 3701 φάσκον
1512 3605 1513 3690 ί

311 3743 364 3794 τας
379 3721 429 3784 καί
444 3717 642 3804 ταράττοντας
656 3717 847 3807 ἀπεκήρυξεν.
886 3713 942 3797 ‘Hc
956 3725 1110 3805 ἐπιστολῆς
1125 3720 1158 3788 τδ
1175 3721 1362 3808 ἀντίγραφον
1376 3724 1474 3789 ἐνταῦ·

312 3829 357 3886 θα
378 3824 573 3909 παραθέσθαι
589 3821 697 3894 διόλου
718 3821 881 3910 ἀναγκαῖον
897 3822 1061 3910 ἡγησάμην.
1107 3826 1166 3890 Καί
1189 3826 1249 3890 ἐστι
1270 3821 1347 3890 τόδε.

345 3961 370 4012 2.
393 3963 482 4022 δεινῶς
505 3964 664 4014 mendosus:
689 3967 714 4016 in
737 3966 774 4015 ιδ.
793 3967 874 4016 Ρτλον.
909 3965 951 4032 qui
966 3964 1069 4032 abipso
1085 3965 1117 4015 οδ
1132 3980 1178 4015 ποι
1193 3973 1321 4016 venerant.

313 4032 395 4084 colon.
413 4038 485 4093 τιμαί.
944 4034 968 4084 2.
987 4036 1086 4086 λλιιλίλνλ
1099 4036 1142 4084 λοι
1155 4039 1225 4094 τοῖς,
1246 4034 1309 4096 φασδ
1323 4037 1351 4084 λιι
1366 4035 1474 4088 edith·

348 4097 406 4148 (λιν.
428 4101 459 4149 λλ.
476 4127 510 4137 -
546 4099 568 4151 λ.
598 4103 694 4150 σοπιοιι·
718 4095 762 4153 ἀπ’
789 4095 875 4154 αύτοῦ.
909 4107 959 4152 ιον.
975 4107 1114 4165 αοαιοιοι,
1138 4117 1168 4154 ια
1185 4107 1282 4166 utroque
1297 4103 1367 4154 τοδδ.
1386 4106 1476 4154 md

312 4165 378 4217 Libri
391 4169 462 4231 νιλφο
484 4161 525 4220 ἀπ’
541 4161 627 4221 αύτοῦ.
665 4171 793 4220 Carnarius
810 4173 878 4220 νιτιλι
911 4172 967 4221 edit.
981 4173 1059 4234 φτίαο.
