3042 5016
168 1052 220 1098 m-
234 1039 280 1084 κο
529 975 612 1089 τον
631 1031 700 1091 ΕΝ
715 1030 864 1090 mom
884 1029 1059 1089 Ποτνοε
1079 1028 1222 1090 ΗΜιιΝ

640 1182 943 1270 ΕΠιοΑΝ
959 1183 979 1269 1
998 1181 1041 1271 0
1061 1151 1114 1270 ν’

394 1393 615 1463 ΚΑΤΑ
675 1394 835 1464 ΤΩΝ
895 1391 1353 1463 ΑΙΡΕΣΕΩΝ

482 1557 610 1612 τουσι
633 1556 828 1610 ΔΕΥΤΕΡΟΣ
854 1555 927 1622 σοι
952 1523 1087 1610 Τνεσον
1111 1555 1266 1610 mmor.

574 1805 722 1874 ΚΑΤΑ
776 1803 1175 1892 ΔΙΜΟΙΡΙΤΩΝ,

293 1927 359 1994 τῶν
384 1915 450 1994 ῦπδ
475 1947 568 1994 τινων
593 1924 793 2014 κληθέντων,
820 1918 866 2014 μή
893 1922 1020 1994 τελείων
1046 1917 1107 2013 τήν
1133 1923 1277 2014 Χριστοῦ
1302 1915 1448 2016 ένοινθρά-
1506 1929 1507 1938 ‘

396 2067 494 2135 πησιν
522 2037 780 2136 ὁμολογούντων,
806 2039 1014 2134 πεντηκοστὴ
1041 2038 1185 2136 ἑβδόμη,
1217 2035 1266 2134 *ἡ
1293 2042 1355 2113 καὶ

701 2157 892 2255 έπτοιιιοστή
917 2157 1047 2254 ἑβδόμη.

218 2363 223 2377 .
252 2322 269 2379 ’.
381 2311 522 2391 Καθεξῆς
547 2308 580 2372 δέ
601 2306 720 2383 τούτοις
745 2306 834 2374 πάλιν
859 2309 1002 2384 ἐπίπονος
1019 2304 1092 2390 ήμῖν
1110 2308 1142 2372 ἐν
1166 2304 1318 2392 προλήψει
1335 2313 1378 2396 τρῖ
1399 2309 1451 2394 βίῳ
1506 2319 1507 2324 ’

295 2411 385 2498 ἐρρῦη
401 2438 445 2487 τις
461 2410 598 2495 ἀλλοτρία
614 2416 668 2493 τῆς
681 2414 807 2486 πίστεως
822 2411 912 2488 λέξις,
942 2412 975 2476 ἐκ
993 2414 1082 2486 ποίας
1096 2411 1192 2486 αίτίας
1206 2409 1264 2475 οῦκ
1282 2411 1338 2492 ἔχω
1354 2409 1450 2494 λέγειν,

295 2511 354 2580 ἀλλ’
371 2517 421 2578 ἵνα
438 2511 479 2596 μή
493 2510 567 2601 ἐάση
582 2509 602 2576 ῦ
615 2513 662 2578 σἰεί
677 2511 830 2598 ταράσσων
845 2510 900 2595 τήν
913 2511 1106 2598 ἀνθρωπείαν
1118 2509 1220 2593 φύσιν,
1242 2513 1294 2576 καί
1309 2516 1451 2593 πολεμοῦν,

295 2614 338 2693 οῦς
354 2618 456 2694 εἰπεῖν,
479 2617 629 2696 διάβολος,
652 2613 804 2697 ἐμβάλλων
817 2611 912 2680 αῦτσῦ
925 2612 961 2680 τά
976 2613 1069 2702 πικρά
1085 2613 1247 2702 δηλητήρια
1260 2617 1292 2680 ἐν
1305 2622 1369 2691 τοῖς
1379 2623 1452 2679 θαυ-

295 2722 412 2801 μασίοις
428 2717 579 2800 ἐδέσμασι,
603 2719 653 2782 καλ
670 2713 711 2795 ολς
728 2719 759 2782 ἐν
777 2719 868 2800 μέλιτι
889 2717 1085 2803 παραβάλλων
1097 2715 1151 2800 τήν
1168 2721 1290 2803 πικρίαν
1306 2715 1388 2783 οῦτοι
1407 2711 1452 2781 διά

295 2847 383 2886 τινων
399 2827 459 2885 τοῖν
473 2817 517 2885 ἐπ’
534 2818 628 2905 άιιρον
644 2824 714 2905 βίον
730 2821 983 2902 θαυμαζομένων,
1010 2821 1063 2885 καλ
1078 2822 1110 2886 ἐν
1127 2821 1260 2896 ἐπαίνοις
1274 2816 1453 2904 ὄρθοδοξίσς

296 2923 343 2989 ιἰελ
358 2924 637 3010 καταγγελλομένων.
683 2924 743 2989 Καλ
761 2921 817 3008 γάρ
835 2921 923 2988 τοῦτό
944 2924 1004 2988 ἐστι
1019 2920 1052 2987 τά
1069 2925 1156 3009 ἔργον
1171 2917 1280 3001 αὐτοῦ,
1306 2928 1362 2988 τοῦ
1377 2929 1451 3004 φθο

294 3024 442 3109 νήσαντος
469 3025 604 3113 άπαρχῆς
632 3033 673 3114 τῷ
702 3027 791 3111 πατρλ
820 3022 906 3107 ήμῶν
931 3023 1043 3108 Ἀδάμ,
1079 3026 1131 3091 καὶ
1158 3031 1250 3090 πᾶσιν
1278 3019 1454 3110 άνθράποις

298 3129 514 3214 ἐχθραίνοντος.
556 3125 608 3204 Ὡς
631 3131 682 3192 καί
710 3127 794 3194 ιποῦ
817 3153 906 3192 τινων
930 3135 1034 3208 σοφῶν
1050 3131 1179 3214 εἴρηται,
1209 3125 1255 3192 δτι
1271 3125 1395 3209 φθόνος
1411 3125 1454 3190 δελ

172 3246 283 3305 mm
297 3239 362 3307 ταῖς
387 3228 525 3316 μεγάλαις
549 3230 723 3317 εὐπραγίαις
746 3231 914 3306 ἀντίπαλος.
971 3229 1059 3296 Οῦτω
1085 3231 1137 3296 καί
1161 3229 1210 3296 διά
1232 3237 1292 3296 τοῖν
1316 3229 1455 3314 μειζόνων

295 3333 465 3420 πρσςολπων
480 3334 566 3416 έβαλέ
579 3359 661 3409 τινας
682 3331 863 3420 προφάσεις,
895 3335 945 3397 ἵνα
968 3329 1048 3416 ήμᾶς
1063 3334 1114 3398 καὶ
1133 3329 1186 3416 τήν
1204 3329 1291 3418 άγίαν
1309 3341 1365 3398 τοῦ
1382 3338 1456 3398 θεοῦ

297 3440 452 3520 ἐκκλησίαν
468 3434 582 3502 άλυπον
595 3434 636 3520 μή
660 3434 750 3526 ἐάσῃ,
780 3434 853 3500 &aad
878 3432 923 3500 άελ
948 3437 1181 3521 θορυβουμένην
1196 3460 1226 3500 τε
1244 3438 1294 3502 καί
1312 3443 1456 3518 πολεμου-

297 3541 397 3624 μένην.
432 3537 539 3616 Ἔδοξε
555 3536 613 3624 γάρ
631 3560 688 3604 τισι
709 3541 761 3603 καί
777 3547 841 3614 τοῖς
856 3541 886 3616 ἐξ
900 3535 987 3621 ήμολν
1000 3535 1201 3624 ὁρμωμένοις,
1231 3541 1283 3603 καλ
1298 3541 1333 3604 ἐν
1346 3537 1456 3626 μεγάλη

295 3643 428 3708 διαθέσει
450 3627 650 3726 ὑπάρχουσιν,
680 3644 712 3707 ἐν
728 3642 862 3718 ἐπαίνοις
889 3642 922 3706 δέ
945 3641 993 3709 άελ
1016 3639 1084 3726 παρ’
1106 3637 1179 3724 ήμῖν
1194 3643 1246 3706 ιιαλ
1268 3638 1351 3728 παρά
1368 3648 1457 3706 πᾶσιν

296 3743 475 3832 σ’ρθσδόξσις
490 3745 743 3827 ἐκθειαζομένοις,
775 3743 986 3830 παρεκβάλλειν
1001 3741 1054 3810 τάν
1070 3749 1144 3808 νοῦν
1161 3742 1222 3810 ιἰπδ
1241 3750 1295 3826 τῆς
1312 3749 1367 3808 τοῦ
1387 3750 1457 3828 Χρι-

296 3855 368 3914 στοῦ
390 3844 537 3932 ἐνσάρκου
561 3850 742 3932 παρουσίας,
775 3849 826 3912 κοιλ
849 3848 943 3932 λέγειν
967 3845 1014 3913 ὅτι
1039 3843 1136 3931 σάρκα
1160 3847 1264 3929 ἐλαβεν
1285 3841 1303 3911 ά
1328 3843 1457 3932 Χριστάς

296 3949 394 4016 ἐλθοῦν
409 3947 427 4016 ὅ
442 3949 545 4036 κύριος
563 3945 664 4033 ήμῶν,
695 3950 746 4014 καλ
763 3947 879 4032 ψυχήν,
908 3955 982 4015 νοῦν
999 3948 1031 4014 δέ
1049 3947 1107 4014 οῦκ
1127 3950 1230 4032 ἔλαβε,
1261 3950 1399 4015 τουτέστι
1417 3949 1456 4012 τέ

187 4081 189 4090 ’
295 4059 374 4120 λειον
400 4051 576 4137 ἄνθρωπον·
606 4056 634 4115 τί
659 4052 691 4116 ἐκ
713 4049 821 4116 τοῦτον
845 4058 885 4140 τῷ
911 4054 967 4140 βίῳ
990 4049 1277 4138 συνειςενεγκάμενοι
1294 4047 1400 4136 άγνοοῦ
1418 4051 1456 4114 λέ·

294 4179 375 4240 γειν,
397 4152 514 4241 ἦπαρά
536 4158 624 4220 τίνων
641 4159 699 4219 νῦν
716 4151 775 4238 πρδ
794 4153 896 4220 αὐτοῖν
917 4153 1139 4238 μεμαθηκότες,
1166 4152 1188 4236 ἢ
1205 4159 1234 4218 τί
1250 4152 1408 4238 ὠφέλιμον
1428 4154 1458 4217 ἐε

296 4254 403 4321 τοῦτον
421 4256 627 4342 κερδήσαντες,
658 4255 679 4340 ἢ
695 4255 884 4341 χαρισάμενοι
904 4254 978 4340 ήμῖν
995 4282 1025 4322 τε
1043 4259 1093 4322 καὶ
1111 4265 1173 4332 τοῖς
1189 4253 1336 4322 άκοάουσι
1353 4257 1409 4321 καί
1426 4261 1458 4342 τῇ

296 4353 366 4445 άγίρ
380 4365 434 4423 τοῦ
449 4367 525 4426 θεοῦ
540 4363 696 4449 ἐκκλησίᾳ,
718 4359 807 4426 οὐδέν
823 4358 901 4443 πλήν
915 4358 937 4443 ἢ
953 4357 1083 4445 ταραχήν
1095 4361 1147 4425 καλ
1160 4362 1306 4446 διαίρεσιν
1320 4360 1366 4435 είς
1382 4355 1459 4442 ἡμᾶς
1506 4429 1507 4434 1

330 4531 520 4593 *amandum
536 4535 633 4596 {ortum
649 4523 669 4599 ἧ
685 4535 780 4584 mod.
797 4534 857 4584 ίλίισ-
927 4533 986 4584 Gn.
1005 4535 1022 4582 ί.
1043 4561 1072 4572 -
1113 4532 1133 4583 l.
1153 4527 1200 4585 ῦπδ
1219 4549 1291 4585 τινοιν
1307 4535 1457 4597 οοεείρίίΡε-

295 4601 345 4665 δίς.
890 4606 976 4652 ίσνινε.
1010 4603 1094 4652 Malim
1118 4617 1164 4654 που
1189 4597 1237 4654 ῦπό
1255 4617 1347 4668 τινων,
1374 4607 1458 4653 πίστιν
