<?xml version="1.0" encoding="UTF-8"?>
<!DOCTYPE html PUBLIC "-//W3C//DTD XHTML 1.0 Transitional//EN"
    "http://www.w3.org/TR/xhtml1/DTD/xhtml1-transitional.dtd">
<html xmlns="http://www.w3.org/1999/xhtml" xml:lang="en" lang="en">
 <head>
  <title>
</title>
<meta http-equiv="Content-Type" content="text/html;charset=utf-8" />
  <meta name='ocr-system' content='tesseract 3.04.00' />
  <meta name='ocr-capabilities' content='ocr_page ocr_carea ocr_par ocr_line ocrx_word'/>
</head>
<body>
  <div class='ocr_page' id='page_1' title='image "./corporishaerese00oehlgoog/corporishaerese00oehlgoog_0255.png"; bbox 0 0 3058 5014; ppageno 0'>
   <div class='ocr_carea' id='block_1_1' title="bbox 330 279 1065 346">
    <p class='ocr_par' dir='ltr' id='par_1_1' title="bbox 330 279 1065 346">
     <span class='ocr_line' id='line_1_1' title="bbox 330 279 1065 346; baseline -0.001 -1"><span class='ocrx_word' id='word_1_1' title='bbox 330 279 392 346; x_wconf 76' lang='lat'><strong><em>244</em></strong></span> <span class='ocrx_word' id='word_1_2' title='bbox 755 291 876 344; x_wconf 79' lang='grc' dir='ltr'><strong><em>αεαστι</em></strong></span> <span class='ocrx_word' id='word_1_3' title='bbox 894 291 1065 346; x_wconf 76' lang='grc' dir='ltr'><strong><em>εεινιιιττιι</em></strong></span> 
     </span>
    </p>
   </div>
   <div class='ocr_carea' id='block_1_2' title="bbox 327 405 1520 1216">
    <p class='ocr_par' dir='ltr' id='par_1_2' title="bbox 327 405 1520 1216">
     <span class='ocr_line' id='line_1_2' title="bbox 329 405 1477 497; baseline 0.002 -23"><span class='ocrx_word' id='word_1_4' title='bbox 329 407 386 497; x_wconf 87' lang='grc' dir='ltr'><strong><em>γάρ</em></strong></span> <span class='ocrx_word' id='word_1_5' title='bbox 405 412 599 492; x_wconf 88' lang='grc' dir='ltr'><strong><em>παρίπταται,</em></strong></span> <span class='ocrx_word' id='word_1_6' title='bbox 622 410 673 474; x_wconf 87' lang='grc' dir='ltr'><strong><em>τιαλ</em></strong></span> <span class='ocrx_word' id='word_1_7' title='bbox 695 405 861 492; x_wconf 78' lang='grc' dir='ltr'><strong><em>ῦποχεορεῖ,</em></strong></span> <span class='ocrx_word' id='word_1_8' title='bbox 892 411 944 476; x_wconf 86' lang='grc' dir='ltr'><strong><em>καλ</em></strong></span> <span class='ocrx_word' id='word_1_9' title='bbox 962 407 1176 493; x_wconf 73' lang='grc' dir='ltr'><strong><em>καταλιμπάνει</em></strong></span> <span class='ocrx_word' id='word_1_10' title='bbox 1189 416 1289 476; x_wconf 74' lang='grc' dir='ltr'><strong><em>πᾶσαν</em></strong></span> <span class='ocrx_word' id='word_1_11' title='bbox 1304 413 1402 477; x_wconf 75' lang='grc' dir='ltr'><strong><em>αἰτίαν</em></strong></span> <span class='ocrx_word' id='word_1_12' title='bbox 1424 419 1477 476; x_wconf 82' lang='grc' dir='ltr'><strong><em>σνλ</em></strong></span> 
     </span>
     <span class='ocr_line' id='line_1_3' title="bbox 328 509 1480 603; baseline 0 -25"><span class='ocrx_word' id='word_1_13' title='bbox 328 509 494 597; x_wconf 73' lang='grc' dir='ltr'><strong><em>λογιστικὴν</em></strong></span> <span class='ocrx_word' id='word_1_14' title='bbox 507 517 548 601; x_wconf 78' lang='grc' dir='ltr'><strong><em>τῷ</em></strong></span> <span class='ocrx_word' id='word_1_15' title='bbox 563 509 625 576; x_wconf 87' lang='grc' dir='ltr'><strong><em>άπά</em></strong></span> <span class='ocrx_word' id='word_1_16' title='bbox 638 518 692 594; x_wconf 76' lang='grc' dir='ltr'><strong><em>τῆς</em></strong></span> <span class='ocrx_word' id='word_1_17' title='bbox 706 517 792 588; x_wconf 87' lang='grc' dir='ltr'><strong><em>θείας</em></strong></span> <span class='ocrx_word' id='word_1_18' title='bbox 808 519 926 598; x_wconf 77' lang='grc' dir='ltr'><strong><em>γραφῆς</em></strong></span> <span class='ocrx_word' id='word_1_19' title='bbox 946 515 1143 599; x_wconf 78' lang='grc' dir='ltr'><strong><em>ῦιιλασκαλικῷ</em></strong></span> <span class='ocrx_word' id='word_1_20' title='bbox 1160 511 1257 602; x_wconf 77' lang='grc' dir='ltr'><strong><em>λόγῳ,</em></strong></span> <span class='ocrx_word' id='word_1_21' title='bbox 1289 519 1350 603; x_wconf 82' lang='grc' dir='ltr'><strong><em>τηῦ,</em></strong></span> <span class='ocrx_word' id='word_1_22' title='bbox 1384 514 1480 590; x_wconf 81' lang='grc' dir='ltr'><strong><em>Οῦῦελς</em></strong></span> 
     </span>
     <span class='ocr_line' id='line_1_4' title="bbox 330 607 1480 704; baseline 0 -24"><span class='ocrx_word' id='word_1_23' title='bbox 330 611 393 680; x_wconf 82' lang='grc' dir='ltr'><strong><em>οίιλε</em></strong></span> <span class='ocrx_word' id='word_1_24' title='bbox 408 612 459 680; x_wconf 81' lang='grc' dir='ltr'><strong><em>τόν</em></strong></span> <span class='ocrx_word' id='word_1_25' title='bbox 473 613 549 694; x_wconf 82' lang='grc' dir='ltr'><strong><em>υλόν,</em></strong></span> <span class='ocrx_word' id='word_1_26' title='bbox 565 617 593 680; x_wconf 92' lang='grc' dir='ltr'><strong><em>εί</em></strong></span> <span class='ocrx_word' id='word_1_27' title='bbox 605 612 646 697; x_wconf 74' lang='grc' dir='ltr'><strong><em>μὴ</em></strong></span> <span class='ocrx_word' id='word_1_28' title='bbox 661 610 680 680; x_wconf 86' lang='lat' dir='ltr'><strong><em>o‘</em></strong></span> <span class='ocrx_word' id='word_1_29' title='bbox 693 612 801 699; x_wconf 74' lang='grc' dir='ltr'><strong><em>πατὴρ,</em></strong></span> <span class='ocrx_word' id='word_1_30' title='bbox 822 613 893 680; x_wconf 81' lang='grc' dir='ltr'><strong><em>οῦῦλ</em></strong></span> <span class='ocrx_word' id='word_1_31' title='bbox 906 612 959 681; x_wconf 86' lang='grc' dir='ltr'><strong><em>τόν</em></strong></span> <span class='ocrx_word' id='word_1_32' title='bbox 972 616 1093 700; x_wconf 86' lang='grc' dir='ltr'><strong><em>πατέρα,</em></strong></span> <span class='ocrx_word' id='word_1_33' title='bbox 1111 616 1138 680; x_wconf 86' lang='grc' dir='ltr'><strong><em>εί</em></strong></span> <span class='ocrx_word' id='word_1_34' title='bbox 1151 613 1193 698; x_wconf 79' lang='grc' dir='ltr'><strong><em>μη</em></strong></span> <span class='ocrx_word' id='word_1_35' title='bbox 1208 611 1226 680; x_wconf 86' lang='grc' dir='ltr'><strong><em>ό</em></strong></span> <span class='ocrx_word' id='word_1_36' title='bbox 1239 613 1314 695; x_wconf 83' lang='grc' dir='ltr'><strong><em>υίῦς,</em></strong></span> <span class='ocrx_word' id='word_1_37' title='bbox 1332 617 1383 680; x_wconf 88' lang='grc' dir='ltr'><strong><em>καλ</em></strong></span> <span class='ocrx_word' id='word_1_38' title='bbox 1401 607 1480 704; x_wconf 80' lang='grc' dir='ltr'><strong><em>ηῦέάν</em></strong></span> 
     </span>
     <span class='ocr_line' id='line_1_5' title="bbox 329 713 1479 806; baseline -0.002 -22"><span class='ocrx_word' id='word_1_39' title='bbox 329 715 522 806; x_wconf 79' lang='grc' dir='ltr'><strong><em>άποκαλόιγη.</em></strong></span> <span class='ocrx_word' id='word_1_40' title='bbox 565 713 780 783; x_wconf 85' lang='grc' dir='ltr'><strong><em>Ἀποκαλόπτει</em></strong></span> <span class='ocrx_word' id='word_1_41' title='bbox 798 718 831 782; x_wconf 80' lang='grc' dir='ltr'><strong><em>δέ</em></strong></span> <span class='ocrx_word' id='word_1_42' title='bbox 847 713 886 783; x_wconf 80' lang='grc' dir='ltr'><strong><em>δι’</em></strong></span> <span class='ocrx_word' id='word_1_43' title='bbox 901 715 989 804; x_wconf 89' lang='grc' dir='ltr'><strong><em>άγίον</em></strong></span> <span class='ocrx_word' id='word_1_44' title='bbox 1003 715 1170 800; x_wconf 83' lang='grc' dir='ltr'><strong><em>πνεόμαιος</em></strong></span> <span class='ocrx_word' id='word_1_45' title='bbox 1186 715 1224 783; x_wconf 85' lang='grc' dir='ltr'><strong><em>οῦ</em></strong></span> <span class='ocrx_word' id='word_1_46' title='bbox 1238 726 1302 794; x_wconf 82' lang='grc' dir='ltr'><strong><em>τοῖς</em></strong></span> <span class='ocrx_word' id='word_1_47' title='bbox 1316 714 1409 784; x_wconf 85' lang='grc' dir='ltr'><strong><em>αῦτόν</em></strong></span> <span class='ocrx_word' id='word_1_48' title='bbox 1426 726 1479 784; x_wconf 57' lang='grc' dir='ltr'><strong><em>συί.</em></strong></span> 
     </span>
     <span class='ocr_line' id='line_1_6' title="bbox 327 817 1479 906; baseline 0.001 -20"><span class='ocrx_word' id='word_1_49' title='bbox 327 823 546 906; x_wconf 72' lang='grc' dir='ltr'><strong><em>λογιζομένοις,</em></strong></span> <span class='ocrx_word' id='word_1_50' title='bbox 574 817 645 886; x_wconf 84' lang='grc' dir='ltr'><strong><em>άλλά</em></strong></span> <span class='ocrx_word' id='word_1_51' title='bbox 668 829 729 897; x_wconf 89' lang='grc' dir='ltr'><strong><em>τοῖς</em></strong></span> <span class='ocrx_word' id='word_1_52' title='bbox 755 821 798 896; x_wconf 82' lang='grc' dir='ltr'><strong><em>είς</em></strong></span> <span class='ocrx_word' id='word_1_53' title='bbox 821 817 914 886; x_wconf 85' lang='grc' dir='ltr'><strong><em>αῦτῦν</em></strong></span> <span class='ocrx_word' id='word_1_54' title='bbox 933 825 1059 906; x_wconf 82' lang='grc' dir='ltr'><strong><em>γνησίας</em></strong></span> <span class='ocrx_word' id='word_1_55' title='bbox 1077 821 1129 886; x_wconf 85' lang='grc' dir='ltr'><strong><em>καλ</em></strong></span> <span class='ocrx_word' id='word_1_56' title='bbox 1143 825 1257 897; x_wconf 84' lang='grc' dir='ltr'><strong><em>τελείας</em></strong></span> <span class='ocrx_word' id='word_1_57' title='bbox 1273 819 1479 887; x_wconf 72' lang='grc' dir='ltr'><strong><em>πεπιστευκόσι</em></strong></span> 
     </span>
     <span class='ocr_line' id='line_1_7' title="bbox 330 919 1482 1010; baseline 0 -20"><span class='ocrx_word' id='word_1_58' title='bbox 330 927 391 990; x_wconf 70' lang='lat' dir='ltr'><strong><em>Kal</em></strong></span> <span class='ocrx_word' id='word_1_59' title='bbox 408 921 466 1010; x_wconf 89' lang='grc' dir='ltr'><strong><em>γάρ</em></strong></span> <span class='ocrx_word' id='word_1_60' title='bbox 481 919 549 988; x_wconf 88' lang='grc' dir='ltr'><strong><em>οῦτε</em></strong></span> <span class='ocrx_word' id='word_1_61' title='bbox 564 919 599 988; x_wconf 87' lang='grc' dir='ltr'><strong><em>τά</em></strong></span> <span class='ocrx_word' id='word_1_62' title='bbox 618 927 745 1006; x_wconf 88' lang='grc' dir='ltr'><strong><em>κρίματα</em></strong></span> <span class='ocrx_word' id='word_1_63' title='bbox 761 921 855 988; x_wconf 89' lang='grc' dir='ltr'><strong><em>αῦιοῦ</em></strong></span> <span class='ocrx_word' id='word_1_64' title='bbox 869 925 1025 1007; x_wconf 71' lang='grc' dir='ltr'><strong><em>ἐρευνῆσαι</em></strong></span> <span class='ocrx_word' id='word_1_65' title='bbox 1040 924 1218 1006; x_wconf 75' lang='grc' dir='ltr'><strong><em>δυνηθείης,</em></strong></span> <span class='ocrx_word' id='word_1_66' title='bbox 1240 920 1312 990; x_wconf 80' lang='grc' dir='ltr'><strong><em>οῦιλλ</em></strong></span> <span class='ocrx_word' id='word_1_67' title='bbox 1333 923 1389 1000; x_wconf 87' lang='grc' dir='ltr'><strong><em>τάς</em></strong></span> <span class='ocrx_word' id='word_1_68' title='bbox 1403 921 1482 1000; x_wconf 80' lang='grc' dir='ltr'><strong><em>όόοῦς</em></strong></span> 
     </span>
     <span class='ocr_line' id='line_1_8' title="bbox 328 1022 1520 1116; baseline 0 -23"><span class='ocrx_word' id='word_1_69' title='bbox 328 1025 422 1093; x_wconf 73' lang='grc' dir='ltr'><strong><em>αὐτοῦ</em></strong></span> <span class='ocrx_word' id='word_1_70' title='bbox 447 1024 631 1110; x_wconf 79' lang='grc' dir='ltr'><strong><em>έξιχνιάσεις,</em></strong></span> <span class='ocrx_word' id='word_1_71' title='bbox 662 1022 737 1091; x_wconf 86' lang='grc' dir='ltr'><strong><em>κατά</em></strong></span> <span class='ocrx_word' id='word_1_72' title='bbox 763 1023 795 1091; x_wconf 84' lang='grc' dir='ltr'><strong><em>τό</em></strong></span> <span class='ocrx_word' id='word_1_73' title='bbox 812 1026 1030 1110; x_wconf 85' lang='grc' dir='ltr'><strong><em>γεγραμμένον,</em></strong></span> <span class='ocrx_word' id='word_1_74' title='bbox 1059 1022 1117 1091; x_wconf 82' lang='grc' dir='ltr'><strong><em>κάν</em></strong></span> <span class='ocrx_word' id='word_1_75' title='bbox 1141 1049 1172 1090; x_wconf 90' lang='grc' dir='ltr'><strong><em>τε</em></strong></span> <span class='ocrx_word' id='word_1_76' title='bbox 1189 1029 1282 1112; x_wconf 87' lang='grc' dir='ltr'><strong><em>μυρία</em></strong></span> <span class='ocrx_word' id='word_1_77' title='bbox 1302 1023 1377 1111; x_wconf 73' lang='grc' dir='ltr'><strong><em>ἡμῖν</em></strong></span> <span class='ocrx_word' id='word_1_78' title='bbox 1398 1029 1481 1116; x_wconf 80' lang='grc' dir='ltr'><strong><em>ίλθης</em></strong></span> <span class='ocrx_word' id='word_1_79' title='bbox 1519 1042 1520 1098; x_wconf 75' lang='grc' dir='ltr'>ἶ</span> 
     </span>
     <span class='ocr_line' id='line_1_9' title="bbox 328 1124 1038 1216; baseline -0.003 -20"><span class='ocrx_word' id='word_1_80' title='bbox 328 1135 485 1216; x_wconf 76' lang='grc' dir='ltr'><strong><em>φλυαροῦν,</em></strong></span> <span class='ocrx_word' id='word_1_81' title='bbox 508 1126 633 1195; x_wconf 75' lang='grc' dir='ltr'><strong><em>ἐλεεινόν</em></strong></span> <span class='ocrx_word' id='word_1_82' title='bbox 654 1124 718 1193; x_wconf 81' lang='grc' dir='ltr'><strong><em>κατ’</em></strong></span> <span class='ocrx_word' id='word_1_83' title='bbox 740 1127 790 1210; x_wconf 78' lang='grc' dir='ltr'><strong><em>έμλ</em></strong></span> <span class='ocrx_word' id='word_1_84' title='bbox 812 1125 1038 1214; x_wconf 74' lang='grc' dir='ltr'><strong><em>ἀνθρωπάριον.</em></strong></span> 
     </span>
    </p>
   </div>
   <div class='ocr_carea' id='block_1_3' title="bbox 316 1329 1523 1940">
    <p class='ocr_par' dir='ltr' id='par_1_3' title="bbox 316 1329 1523 1940">
     <span class='ocr_line' id='line_1_10' title="bbox 414 1329 1483 1418; baseline 0 -18"><span class='ocrx_word' id='word_1_85' title='bbox 414 1339 490 1415; x_wconf 80' lang='grc' dir='ltr'><strong><em>Κεφ.</em></strong></span> <span class='ocrx_word' id='word_1_86' title='bbox 504 1332 621 1398; x_wconf 86' lang='grc' dir='ltr'><strong><em>Ἀετίου</em></strong></span> <span class='ocrx_word' id='word_1_87' title='bbox 635 1333 671 1416; x_wconf 83' lang='grc' dir='ltr'><strong><em>η’.</em></strong></span> <span class='ocrx_word' id='word_1_88' title='bbox 703 1335 746 1398; x_wconf 74' lang='lat' dir='ltr'><strong><em>Et</em></strong></span> <span class='ocrx_word' id='word_1_89' title='bbox 759 1331 828 1410; x_wconf 83' lang='grc' dir='ltr'><strong><em>όλος</em></strong></span> <span class='ocrx_word' id='word_1_90' title='bbox 845 1334 905 1400; x_wconf 82' lang='grc' dir='ltr'><strong><em>ίστλ</em></strong></span> <span class='ocrx_word' id='word_1_91' title='bbox 922 1331 1092 1418; x_wconf 84' lang='grc' dir='ltr'><strong><em>γεννητικός</em></strong></span> <span class='ocrx_word' id='word_1_92' title='bbox 1107 1329 1125 1399; x_wconf 89' lang='grc' dir='ltr'><strong><em>ό</em></strong></span> <span class='ocrx_word' id='word_1_93' title='bbox 1139 1331 1299 1418; x_wconf 85' lang='grc' dir='ltr'><strong><em>άγίννητος</em></strong></span> <span class='ocrx_word' id='word_1_94' title='bbox 1314 1331 1407 1412; x_wconf 83' lang='grc' dir='ltr'><strong><em>θεός,</em></strong></span> <span class='ocrx_word' id='word_1_95' title='bbox 1435 1331 1483 1400; x_wconf 87' lang='grc' dir='ltr'><strong><em>οῦτ</em></strong></span> 
     </span>
     <span class='ocr_line' id='line_1_11' title="bbox 327 1433 1482 1523; baseline -0.003 -20"><span class='ocrx_word' id='word_1_96' title='bbox 327 1435 484 1512; x_wconf 79' lang='grc' dir='ltr'><strong><em>οῦσιτοῦοῦς</em></strong></span> <span class='ocrx_word' id='word_1_97' title='bbox 505 1434 537 1502; x_wconf 85' lang='grc' dir='ltr'><strong><em>τό</em></strong></span> <span class='ocrx_word' id='word_1_98' title='bbox 553 1436 696 1523; x_wconf 79' lang='grc' dir='ltr'><strong><em>γεννηθέν</em></strong></span> <span class='ocrx_word' id='word_1_99' title='bbox 710 1435 874 1521; x_wconf 76' lang='grc' dir='ltr'><strong><em>ἐγεννήθη,</em></strong></span> <span class='ocrx_word' id='word_1_100' title='bbox 903 1434 973 1518; x_wconf 81' lang='grc' dir='ltr'><strong><em>ὅλης</em></strong></span> <span class='ocrx_word' id='word_1_101' title='bbox 990 1433 1113 1520; x_wconf 81' lang='grc' dir='ltr'><strong><em>έχοόσης</em></strong></span> <span class='ocrx_word' id='word_1_102' title='bbox 1132 1443 1185 1519; x_wconf 78' lang='grc' dir='ltr'><strong><em>τῆς</em></strong></span> <span class='ocrx_word' id='word_1_103' title='bbox 1212 1433 1315 1514; x_wconf 85' lang='grc' dir='ltr'><strong><em>οῦσίας</em></strong></span> <span class='ocrx_word' id='word_1_104' title='bbox 1337 1433 1434 1502; x_wconf 84' lang='grc' dir='ltr'><strong><em>αῦτοῦ</em></strong></span> <span class='ocrx_word' id='word_1_105' title='bbox 1455 1435 1482 1500; x_wconf 85' lang='grc' dir='ltr'><strong><em>τό</em></strong></span> 
     </span>
     <span class='ocr_line' id='line_1_12' title="bbox 326 1529 1484 1625; baseline -0.001 -20"><span class='ocrx_word' id='word_1_106' title='bbox 326 1529 447 1625; x_wconf 80' lang='grc' dir='ltr'><strong><em>γεννᾶν,</em></strong></span> <span class='ocrx_word' id='word_1_107' title='bbox 483 1537 543 1605; x_wconf 82' lang='grc' dir='ltr'><strong><em>Ιοῦ</em></strong></span> <span class='ocrx_word' id='word_1_108' title='bbox 570 1537 604 1604; x_wconf 87' lang='grc' dir='ltr'><strong><em>τό</em></strong></span> <span class='ocrx_word' id='word_1_109' title='bbox 631 1545 803 1625; x_wconf 78' lang='grc' dir='ltr'><strong><em>γεννᾶσθαι.</em></strong></span> <span class='ocrx_word' id='word_1_110' title='bbox 848 1541 892 1604; x_wconf 74' lang='lat' dir='ltr'><strong><em>El</em></strong></span> <span class='ocrx_word' id='word_1_111' title='bbox 910 1539 943 1604; x_wconf 75' lang='grc' dir='ltr'><strong><em>δέ</em></strong></span> <span class='ocrx_word' id='word_1_112' title='bbox 965 1546 1265 1622; x_wconf 83' lang='grc' dir='ltr'><strong><em>μετασχηματισθείσα</em></strong></span> <span class='ocrx_word' id='word_1_113' title='bbox 1291 1535 1417 1622; x_wconf 75' lang='grc' dir='ltr'><strong><em>ἦοῦσία</em></strong></span> <span class='ocrx_word' id='word_1_114' title='bbox 1438 1543 1484 1605; x_wconf 81' lang='grc' dir='ltr'><strong><em>τοῦ</em></strong></span> 
     </span>
     <span class='ocr_line' id='line_1_13' title="bbox 326 1637 1481 1728; baseline 0 -20"><span class='ocrx_word' id='word_1_115' title='bbox 326 1649 403 1708; x_wconf 81' lang='grc' dir='ltr'><strong><em>θεοῦ</em></strong></span> <span class='ocrx_word' id='word_1_116' title='bbox 419 1642 552 1728; x_wconf 87' lang='grc' dir='ltr'><strong><em>γέννημα</em></strong></span> <span class='ocrx_word' id='word_1_117' title='bbox 570 1643 696 1727; x_wconf 84' lang='grc' dir='ltr'><strong><em>λέγεται,</em></strong></span> <span class='ocrx_word' id='word_1_118' title='bbox 725 1637 781 1706; x_wconf 85' lang='grc' dir='ltr'><strong><em>οῦκ</em></strong></span> <span class='ocrx_word' id='word_1_119' title='bbox 799 1637 997 1725; x_wconf 77' lang='grc' dir='ltr'><strong><em>άμετάβλητος</em></strong></span> <span class='ocrx_word' id='word_1_120' title='bbox 1013 1638 1034 1724; x_wconf 72' lang='grc' dir='ltr'><strong><em>ἦ</em></strong></span> <span class='ocrx_word' id='word_1_121' title='bbox 1048 1641 1136 1708; x_wconf 86' lang='grc' dir='ltr'><strong><em>οῦσία</em></strong></span> <span class='ocrx_word' id='word_1_122' title='bbox 1150 1639 1261 1722; x_wconf 85' lang='grc' dir='ltr'><strong><em>αῦτοῦ,</em></strong></span> <span class='ocrx_word' id='word_1_123' title='bbox 1290 1649 1346 1725; x_wconf 80' lang='grc' dir='ltr'><strong><em>τῆς</em></strong></span> <span class='ocrx_word' id='word_1_124' title='bbox 1366 1649 1481 1728; x_wconf 76' lang='grc' dir='ltr'><strong><em>μεταβο·</em></strong></span> 
     </span>
     <span class='ocr_line' id='line_1_14' title="bbox 324 1741 1481 1830; baseline 0 -21"><span class='ocrx_word' id='word_1_125' title='bbox 324 1751 379 1826; x_wconf 81' lang='grc' dir='ltr'><strong><em>λῆς</em></strong></span> <span class='ocrx_word' id='word_1_126' title='bbox 400 1745 622 1830; x_wconf 68' lang='grc' dir='ltr'><strong><em>’ἐργαζομένης</em></strong></span> <span class='ocrx_word' id='word_1_127' title='bbox 642 1741 696 1826; x_wconf 75' lang='grc' dir='ltr'><strong><em>τὴν</em></strong></span> <span class='ocrx_word' id='word_1_128' title='bbox 720 1746 790 1810; x_wconf 88' lang='grc' dir='ltr'><strong><em>υίοῦ</em></strong></span> <span class='ocrx_word' id='word_1_129' title='bbox 807 1747 996 1827; x_wconf 82' lang='grc' dir='ltr'><strong><em>ίῦιοποίησιν.</em></strong></span> <span class='ocrx_word' id='word_1_130' title='bbox 1045 1747 1084 1809; x_wconf 73' lang='lat' dir='ltr'><strong><em>Et</em></strong></span> <span class='ocrx_word' id='word_1_131' title='bbox 1095 1743 1128 1810; x_wconf 78' lang='grc' dir='ltr'><strong><em>δέ</em></strong></span> <span class='ocrx_word' id='word_1_132' title='bbox 1143 1747 1188 1826; x_wconf 85' lang='grc' dir='ltr'><strong><em>είη</em></strong></span> <span class='ocrx_word' id='word_1_133' title='bbox 1205 1745 1256 1810; x_wconf 82' lang='grc' dir='ltr'><strong><em>καλ</em></strong></span> <span class='ocrx_word' id='word_1_134' title='bbox 1279 1741 1481 1828; x_wconf 86' lang='grc' dir='ltr'><strong><em>άμετάβληεος,</em></strong></span> 
     </span>
     <span class='ocr_line' id='line_1_15' title="bbox 316 1842 1523 1940; baseline 0.001 -28"><span class='ocrx_word' id='word_1_135' title='bbox 316 1848 375 1913; x_wconf 85' lang='grc' dir='ltr'><strong><em>’καλ</em></strong></span> <span class='ocrx_word' id='word_1_136' title='bbox 393 1851 532 1936; x_wconf 80' lang='grc' dir='ltr'><strong><em>γενέσεως</em></strong></span> <span class='ocrx_word' id='word_1_137' title='bbox 550 1851 689 1932; x_wconf 84' lang='grc' dir='ltr'><strong><em>κρείττων</em></strong></span> <span class='ocrx_word' id='word_1_138' title='bbox 706 1843 726 1928; x_wconf 79' lang='grc' dir='ltr'><em>ἡ</em></span> <span class='ocrx_word' id='word_1_139' title='bbox 744 1843 829 1913; x_wconf 88' lang='grc' dir='ltr'><strong><em>οῦσία</em></strong></span> <span class='ocrx_word' id='word_1_140' title='bbox 846 1854 899 1913; x_wconf 91' lang='grc' dir='ltr'><strong><em>τοῦ</em></strong></span> <span class='ocrx_word' id='word_1_141' title='bbox 915 1851 1006 1928; x_wconf 89' lang='grc' dir='ltr'><strong><em>θεοῦ,</em></strong></span> <span class='ocrx_word' id='word_1_142' title='bbox 1035 1844 1069 1912; x_wconf 88' lang='grc' dir='ltr'><strong><em>τό</em></strong></span> <span class='ocrx_word' id='word_1_143' title='bbox 1087 1842 1163 1940; x_wconf 80' lang='grc' dir='ltr'><strong><em>κατά</em></strong></span> <span class='ocrx_word' id='word_1_144' title='bbox 1180 1843 1231 1912; x_wconf 87' lang='grc' dir='ltr'><strong><em>τόν</em></strong></span> <span class='ocrx_word' id='word_1_145' title='bbox 1246 1843 1313 1913; x_wconf 84' lang='grc' dir='ltr'><strong><em>νίόν</em></strong></span> <span class='ocrx_word' id='word_1_146' title='bbox 1328 1849 1386 1924; x_wconf 81' lang='grc' dir='ltr'><strong><em>έοες</em></strong></span> <span class='ocrx_word' id='word_1_147' title='bbox 1403 1853 1485 1930; x_wconf 72' lang='grc' dir='ltr'><strong><em>ψιλῆς</em></strong></span> <span class='ocrx_word' id='word_1_148' title='bbox 1522 1927 1523 1940; x_wconf 21' lang='grc' dir='ltr'><strong><em>ρ</em></strong></span> 
     </span>
    </p>
   </div>
   <div class='ocr_carea' id='block_1_4' title="bbox 200 1945 1524 4396">
    <p class='ocr_par' dir='ltr' id='par_1_4' title="bbox 324 1945 810 2036">
     <span class='ocr_line' id='line_1_16' title="bbox 324 1945 810 2036; baseline 0 -21"><span class='ocrx_word' id='word_1_149' title='bbox 324 1953 526 2036; x_wconf 86' lang='grc' dir='ltr'><strong><em>προςηγορίας</em></strong></span> <span class='ocrx_word' id='word_1_150' title='bbox 549 1945 810 2035; x_wconf 77' lang='grc' dir='ltr'><strong><em>όμολογηθησειαι.</em></strong></span> 
     </span>
    </p>

    <p class='ocr_par' dir='ltr' id='par_1_5' title="bbox 200 2044 1524 4396">
     <span class='ocr_line' id='line_1_17' title="bbox 200 2044 1484 2137; baseline 0 -21"><span class='ocrx_word' id='word_1_151' title='bbox 200 2067 310 2132; x_wconf 57' lang='lat' dir='ltr'><strong><em>man.</em></strong></span> <span class='ocrx_word' id='word_1_152' title='bbox 408 2052 526 2137; x_wconf 87' lang='grc' dir='ltr'><strong><em>Ἀνατρ.</em></strong></span> <span class='ocrx_word' id='word_1_153' title='bbox 554 2049 641 2116; x_wconf 78' lang='grc' dir='ltr'><strong><em>Ἔδει</em></strong></span> <span class='ocrx_word' id='word_1_154' title='bbox 657 2053 709 2135; x_wconf 78' lang='grc' dir='ltr'><strong><em>μέν</em></strong></span> <span class='ocrx_word' id='word_1_155' title='bbox 722 2044 778 2117; x_wconf 88' lang='grc' dir='ltr'><strong><em>οῦν</em></strong></span> <span class='ocrx_word' id='word_1_156' title='bbox 794 2049 832 2118; x_wconf 86' lang='grc' dir='ltr'><strong><em>οῦ</em></strong></span> <span class='ocrx_word' id='word_1_157' title='bbox 846 2053 939 2134; x_wconf 85' lang='grc' dir='ltr'><strong><em>μόνον</em></strong></span> <span class='ocrx_word' id='word_1_158' title='bbox 951 2052 1000 2131; x_wconf 84' lang='grc' dir='ltr'><strong><em>ολ,</em></strong></span> <span class='ocrx_word' id='word_1_159' title='bbox 1030 2048 1137 2132; x_wconf 78' lang='grc' dir='ltr'><strong><em>Ἀέτιε,</em></strong></span> <span class='ocrx_word' id='word_1_160' title='bbox 1167 2050 1241 2116; x_wconf 80' lang='grc' dir='ltr'><strong><em>άλλά</em></strong></span> <span class='ocrx_word' id='word_1_161' title='bbox 1264 2053 1316 2117; x_wconf 83' lang='grc' dir='ltr'><strong><em>καλ</em></strong></span> <span class='ocrx_word' id='word_1_162' title='bbox 1329 2050 1429 2118; x_wconf 87' lang='grc' dir='ltr'><strong><em>πάντα</em></strong></span> <span class='ocrx_word' id='word_1_163' title='bbox 1447 2053 1484 2116; x_wconf 75' lang='grc' dir='ltr'><strong><em>οῦ</em></strong></span> 
     </span>
     <span class='ocr_line' id='line_1_18' title="bbox 324 2150 1524 2242; baseline -0.003 -20"><span class='ocrx_word' id='word_1_164' title='bbox 324 2151 440 2242; x_wconf 85' lang='grc' dir='ltr'><strong><em>ρετιιιόν</em></strong></span> <span class='ocrx_word' id='word_1_165' title='bbox 458 2152 530 2239; x_wconf 78' lang='grc' dir='ltr'><strong><em>μετά</em></strong></span> <span class='ocrx_word' id='word_1_166' title='bbox 543 2159 614 2239; x_wconf 80' lang='grc' dir='ltr'><strong><em>μίαν</em></strong></span> <span class='ocrx_word' id='word_1_167' title='bbox 630 2159 792 2221; x_wconf 80' lang='grc' dir='ltr'><strong><em>νουθεσίαν</em></strong></span> <span class='ocrx_word' id='word_1_168' title='bbox 808 2162 1032 2240; x_wconf 86' lang='grc' dir='ltr'><strong><em>παραιτεῖσθαι,</em></strong></span> <span class='ocrx_word' id='word_1_169' title='bbox 1066 2150 1108 2230; x_wconf 74' lang='grc' dir='ltr'><strong><em>οῦς</em></strong></span> <span class='ocrx_word' id='word_1_170' title='bbox 1124 2150 1142 2221; x_wconf 82' lang='grc' dir='ltr'><strong><em>ό</em></strong></span> <span class='ocrx_word' id='word_1_171' title='bbox 1158 2151 1244 2240; x_wconf 77' lang='grc' dir='ltr'><strong><em>άγιος</em></strong></span> <span class='ocrx_word' id='word_1_172' title='bbox 1262 2155 1314 2220; x_wconf 88' lang='grc' dir='ltr'><strong><em>καλ</em></strong></span> <span class='ocrx_word' id='word_1_173' title='bbox 1329 2153 1430 2235; x_wconf 82' lang='grc' dir='ltr'><strong><em>σοφάς</em></strong></span> <span class='ocrx_word' id='word_1_174' title='bbox 1444 2178 1484 2219; x_wconf 83' lang='grc' dir='ltr'><strong><em>πε-</em></strong></span> <span class='ocrx_word' id='word_1_175' title='bbox 1523 2216 1524 2225; x_wconf 70' lang='grc'><strong><em>,</em></strong></span> 
     </span>
     <span class='ocr_line' id='line_1_19' title="bbox 322 2254 1482 2346; baseline 0 -22"><span class='ocrx_word' id='word_1_176' title='bbox 322 2258 397 2324; x_wconf 87' lang='grc' dir='ltr'><strong><em>λεόει</em></strong></span> <span class='ocrx_word' id='word_1_177' title='bbox 414 2257 511 2344; x_wconf 83' lang='grc' dir='ltr'><strong><em>λόγος.</em></strong></span> <span class='ocrx_word' id='word_1_178' title='bbox 554 2256 817 2342; x_wconf 85' lang='grc' dir='ltr'><strong><em>Αῦτοκατάκριτος</em></strong></span> <span class='ocrx_word' id='word_1_179' title='bbox 836 2255 893 2343; x_wconf 88' lang='grc' dir='ltr'><strong><em>γάρ</em></strong></span> <span class='ocrx_word' id='word_1_180' title='bbox 909 2255 1069 2343; x_wconf 72' lang='grc' dir='ltr'><strong><em>τυγχάνεις,</em></strong></span> <span class='ocrx_word' id='word_1_181' title='bbox 1091 2258 1185 2346; x_wconf 82' lang='grc' dir='ltr'><strong><em>έαυτρῦ</em></strong></span> <span class='ocrx_word' id='word_1_182' title='bbox 1210 2254 1263 2322; x_wconf 86' lang='grc' dir='ltr'><strong><em>τόν</em></strong></span> <span class='ocrx_word' id='word_1_183' title='bbox 1283 2255 1413 2342; x_wconf 82' lang='grc' dir='ltr'><strong><em>ὄλεθρον</em></strong></span> <span class='ocrx_word' id='word_1_184' title='bbox 1430 2260 1482 2324; x_wconf 76' lang='grc' dir='ltr'><strong><em>έπε</em></strong></span> 
     </span>
     <span class='ocr_line' id='line_1_20' title="bbox 322 2351 1485 2446; baseline -0.003 -19"><span class='ocrx_word' id='word_1_185' title='bbox 322 2360 479 2444; x_wconf 72' lang='grc' dir='ltr'><strong><em>σεισάμενος</em></strong></span> <span class='ocrx_word' id='word_1_186' title='bbox 493 2362 544 2426; x_wconf 87' lang='grc' dir='ltr'><strong><em>καλ</em></strong></span> <span class='ocrx_word' id='word_1_187' title='bbox 559 2359 626 2443; x_wconf 78' lang='grc' dir='ltr'><strong><em>οῦχλ</em></strong></span> <span class='ocrx_word' id='word_1_188' title='bbox 640 2357 690 2440; x_wconf 75' lang='grc' dir='ltr'><strong><em>ὕφ’</em></strong></span> <span class='ocrx_word' id='word_1_189' title='bbox 706 2361 809 2442; x_wconf 80' lang='grc' dir='ltr'><strong><em>ἑτέρου</em></strong></span> <span class='ocrx_word' id='word_1_190' title='bbox 824 2357 1068 2446; x_wconf 70' lang='grc' dir='ltr'><strong><em>άναγκαζόμενος.</em></strong></span> <span class='ocrx_word' id='word_1_191' title='bbox 1100 2365 1151 2436; x_wconf 84' lang='grc' dir='ltr'><strong><em>Τίς</em></strong></span> <span class='ocrx_word' id='word_1_192' title='bbox 1165 2351 1222 2424; x_wconf 85' lang='grc' dir='ltr'><strong><em>οῦν</em></strong></span> <span class='ocrx_word' id='word_1_193' title='bbox 1237 2361 1348 2442; x_wconf 78' lang='grc' dir='ltr'><strong><em>έλεήσει</em></strong></span> <span class='ocrx_word' id='word_1_194' title='bbox 1357 2358 1412 2427; x_wconf 87' lang='grc' dir='ltr'><strong><em>τόν</em></strong></span> <span class='ocrx_word' id='word_1_195' title='bbox 1425 2361 1485 2426; x_wconf 86' lang='grc' dir='ltr'><strong><em>έαν·</em></strong></span> 
     </span>
     <span class='ocr_line' id='line_1_21' title="bbox 322 2457 1486 2551; baseline -0.001 -23"><span class='ocrx_word' id='word_1_196' title='bbox 322 2471 363 2551; x_wconf 76' lang='grc' dir='ltr'><strong><em>τῷ</em></strong></span> <span class='ocrx_word' id='word_1_197' title='bbox 385 2460 533 2547; x_wconf 84' lang='grc' dir='ltr'><strong><em>πονηράν,</em></strong></span> <span class='ocrx_word' id='word_1_198' title='bbox 565 2465 617 2528; x_wconf 88' lang='grc' dir='ltr'><strong><em>καλ</em></strong></span> <span class='ocrx_word' id='word_1_199' title='bbox 642 2460 742 2528; x_wconf 78' lang='grc' dir='ltr'><strong><em>οῦδενλ</em></strong></span> <span class='ocrx_word' id='word_1_200' title='bbox 767 2459 911 2548; x_wconf 67' lang='grc' dir='ltr'><strong><em>’άγαθόν</em></strong></span> <span class='ocrx_word' id='word_1_201' title='bbox 926 2460 1123 2548; x_wconf 75' lang='grc' dir='ltr'><strong><em>τυγχάνοντας</em></strong></span> <span class='ocrx_word' id='word_1_202' title='bbox 1162 2459 1239 2528; x_wconf 82' lang='grc' dir='ltr'><strong><em>Ἀλλ’</em></strong></span> <span class='ocrx_word' id='word_1_203' title='bbox 1254 2465 1303 2528; x_wconf 83' lang='grc' dir='ltr'><strong><em>λ’να</em></strong></span> <span class='ocrx_word' id='word_1_204' title='bbox 1318 2461 1361 2546; x_wconf 73' lang='grc' dir='ltr'><strong><em>μὴ</em></strong></span> <span class='ocrx_word' id='word_1_205' title='bbox 1379 2460 1428 2545; x_wconf 85' lang='grc' dir='ltr'><strong><em>έφ’</em></strong></span> <span class='ocrx_word' id='word_1_206' title='bbox 1444 2457 1486 2536; x_wconf 85' lang='grc' dir='ltr'><strong><em>οίς</em></strong></span> 
     </span>
     <span class='ocr_line' id='line_1_22' title="bbox 323 2561 1485 2655; baseline -0.002 -23"><span class='ocrx_word' id='word_1_207' title='bbox 323 2564 504 2649; x_wconf 81' lang='grc' dir='ltr'><strong><em>έβλάστησας</em></strong></span> <span class='ocrx_word' id='word_1_208' title='bbox 517 2571 559 2653; x_wconf 76' lang='grc' dir='ltr'><strong><em>τῷ</em></strong></span> <span class='ocrx_word' id='word_1_209' title='bbox 575 2564 679 2655; x_wconf 74' lang='grc' dir='ltr'><strong><em>κόσμῳ</em></strong></span> <span class='ocrx_word' id='word_1_210' title='bbox 699 2574 802 2642; x_wconf 85' lang='grc' dir='ltr'><strong><em>κακοῖς</em></strong></span> <span class='ocrx_word' id='word_1_211' title='bbox 819 2568 852 2632; x_wconf 91' lang='grc' dir='ltr'><strong><em>έν</em></strong></span> <span class='ocrx_word' id='word_1_212' title='bbox 868 2571 982 2653; x_wconf 75' lang='grc' dir='ltr'><strong><em>σεαυτῷ</em></strong></span> <span class='ocrx_word' id='word_1_213' title='bbox 1006 2566 1081 2648; x_wconf 78' lang='grc' dir='ltr'><strong><em>ἔχων</em></strong></span> <span class='ocrx_word' id='word_1_214' title='bbox 1104 2561 1327 2648; x_wconf 81' lang='grc' dir='ltr'><strong><em>όπολαμβάνοις</em></strong></span> <span class='ocrx_word' id='word_1_215' title='bbox 1356 2561 1401 2641; x_wconf 82' lang='grc' dir='ltr'><strong><em>οῦς</em></strong></span> <span class='ocrx_word' id='word_1_216' title='bbox 1423 2565 1485 2650; x_wconf 84' lang='grc' dir='ltr'><strong><em>περλ</em></strong></span> 
     </span>
     <span class='ocr_line' id='line_1_23' title="bbox 322 2663 1484 2754; baseline 0 -22"><span class='ocrx_word' id='word_1_217' title='bbox 322 2665 456 2754; x_wconf 83' lang='grc' dir='ltr'><strong><em>μεγάλων</em></strong></span> <span class='ocrx_word' id='word_1_218' title='bbox 469 2668 519 2733; x_wconf 89' lang='grc' dir='ltr'><strong><em>καλ</em></strong></span> <span class='ocrx_word' id='word_1_219' title='bbox 536 2666 714 2745; x_wconf 86' lang='grc' dir='ltr'><strong><em>άνιιθίττον,</em></strong></span> <span class='ocrx_word' id='word_1_220' title='bbox 747 2670 940 2751; x_wconf 80' lang='grc' dir='ltr'><strong><em>ἐπιμενοῦμεν</em></strong></span> <span class='ocrx_word' id='word_1_221' title='bbox 956 2668 1006 2733; x_wconf 88' lang='grc' dir='ltr'><strong><em>καλ</em></strong></span> <span class='ocrx_word' id='word_1_222' title='bbox 1022 2667 1110 2733; x_wconf 87' lang='grc' dir='ltr'><strong><em>οῦτολ</em></strong></span> <span class='ocrx_word' id='word_1_223' title='bbox 1133 2663 1206 2751; x_wconf 86' lang='grc' dir='ltr'><strong><em>μετά</em></strong></span> <span class='ocrx_word' id='word_1_224' title='bbox 1225 2672 1439 2751; x_wconf 86' lang='grc' dir='ltr'><strong><em>μακροθυμίας</em></strong></span> <span class='ocrx_word' id='word_1_225' title='bbox 1454 2693 1484 2754; x_wconf 80' lang='grc' dir='ltr'><strong><em>τη</em></strong></span> 
     </span>
     <span class='ocr_line' id='line_1_24' title="bbox 321 2766 1484 2859; baseline 0 -25"><span class='ocrx_word' id='word_1_226' title='bbox 321 2768 453 2859; x_wconf 79' lang='grc' dir='ltr'><strong><em>διστόμῳ</em></strong></span> <span class='ocrx_word' id='word_1_227' title='bbox 478 2775 622 2859; x_wconf 71' lang='grc' dir='ltr'><strong><em>μαχαίρᾳ,</em></strong></span> <span class='ocrx_word' id='word_1_228' title='bbox 652 2777 706 2836; x_wconf 92' lang='grc' dir='ltr'><strong><em>τοῦ</em></strong></span> <span class='ocrx_word' id='word_1_229' title='bbox 721 2777 853 2854; x_wconf 84' lang='grc' dir='ltr'><strong><em>Χριστοῦ</em></strong></span> <span class='ocrx_word' id='word_1_230' title='bbox 874 2769 969 2859; x_wconf 79' lang='grc' dir='ltr'><strong><em>λόγῳ,</em></strong></span> <span class='ocrx_word' id='word_1_231' title='bbox 999 2771 1187 2852; x_wconf 83' lang='grc' dir='ltr'><strong><em>έιιτέμνοντές</em></strong></span> <span class='ocrx_word' id='word_1_232' title='bbox 1202 2790 1258 2834; x_wconf 95' lang='grc' dir='ltr'><strong><em>σον</em></strong></span> <span class='ocrx_word' id='word_1_233' title='bbox 1275 2767 1328 2846; x_wconf 84' lang='grc' dir='ltr'><strong><em>τάς</em></strong></span> <span class='ocrx_word' id='word_1_234' title='bbox 1346 2766 1484 2836; x_wconf 83' lang='grc' dir='ltr'><strong><em>άιιανθά·</em></strong></span> 
     </span>
     <span class='ocr_line' id='line_1_25' title="bbox 321 2869 1483 2963; baseline -0.003 -26"><span class='ocrx_word' id='word_1_235' title='bbox 321 2875 382 2949; x_wconf 78' lang='grc' dir='ltr'><strong><em>διες</em></strong></span> <span class='ocrx_word' id='word_1_236' title='bbox 397 2875 496 2955; x_wconf 69' lang='grc' dir='ltr'><strong><em>ῥίζας,</em></strong></span> <span class='ocrx_word' id='word_1_237' title='bbox 528 2875 561 2938; x_wconf 84' lang='grc' dir='ltr'><strong><em>έν</em></strong></span> <span class='ocrx_word' id='word_1_238' title='bbox 576 2881 612 2963; x_wconf 75' lang='grc' dir='ltr'><strong><em>τῇ</em></strong></span> <span class='ocrx_word' id='word_1_239' title='bbox 630 2870 808 2963; x_wconf 79' lang='grc' dir='ltr'><strong><em>όγιαινοόση</em></strong></span> <span class='ocrx_word' id='word_1_240' title='bbox 823 2871 900 2958; x_wconf 83' lang='grc' dir='ltr'><strong><em>πρός</em></strong></span> <span class='ocrx_word' id='word_1_241' title='bbox 921 2869 995 2938; x_wconf 83' lang='grc' dir='ltr'><strong><em>θεόν</em></strong></span> <span class='ocrx_word' id='word_1_242' title='bbox 1011 2877 1104 2962; x_wconf 72' lang='grc' dir='ltr'><strong><em>τελείᾳ</em></strong></span> <span class='ocrx_word' id='word_1_243' title='bbox 1121 2875 1172 2937; x_wconf 85' lang='grc' dir='ltr'><strong><em>καλ</em></strong></span> <span class='ocrx_word' id='word_1_244' title='bbox 1186 2869 1316 2962; x_wconf 72' lang='grc' dir='ltr'><strong><em>άληθινῇ</em></strong></span> <span class='ocrx_word' id='word_1_245' title='bbox 1333 2869 1483 2960; x_wconf 68' lang='grc' dir='ltr'><strong><em>ὁμολογίην.</em></strong></span> 
     </span>
     <span class='ocr_line' id='line_1_26' title="bbox 321 2970 1485 3067; baseline -0.001 -28"><span class='ocrx_word' id='word_1_246' title='bbox 321 2975 405 3053; x_wconf 78' lang='grc' dir='ltr'><strong><em>Δόξα</em></strong></span> <span class='ocrx_word' id='word_1_247' title='bbox 426 2973 482 3061; x_wconf 86' lang='grc' dir='ltr'><strong><em>γάρ</em></strong></span> <span class='ocrx_word' id='word_1_248' title='bbox 504 2981 546 3067; x_wconf 76' lang='grc' dir='ltr'><strong><em>τῷ</em></strong></span> <span class='ocrx_word' id='word_1_249' title='bbox 563 2975 697 3058; x_wconf 70' lang='grc' dir='ltr'><strong><em>έλειίμονι</em></strong></span> <span class='ocrx_word' id='word_1_250' title='bbox 722 2983 764 3065; x_wconf 75' lang='grc' dir='ltr'><strong><em>τῷ</em></strong></span> <span class='ocrx_word' id='word_1_251' title='bbox 787 2974 961 3060; x_wconf 85' lang='grc' dir='ltr'><strong><em>φωράσαντί</em></strong></span> <span class='ocrx_word' id='word_1_252' title='bbox 984 2996 1017 3041; x_wconf 91' lang='grc' dir='ltr'><strong><em>σε</em></strong></span> <span class='ocrx_word' id='word_1_253' title='bbox 1036 2971 1142 3051; x_wconf 86' lang='grc' dir='ltr'><strong><em>όποῖος</em></strong></span> <span class='ocrx_word' id='word_1_254' title='bbox 1164 2970 1206 3054; x_wconf 84' lang='grc' dir='ltr'><strong><em>ελ,</em></strong></span> <span class='ocrx_word' id='word_1_255' title='bbox 1234 2971 1289 3058; x_wconf 69' lang='grc' dir='ltr'><strong><em>τὴν</em></strong></span> <span class='ocrx_word' id='word_1_256' title='bbox 1310 2981 1367 3040; x_wconf 90' lang='grc' dir='ltr'><strong><em>τοῦ</em></strong></span> <span class='ocrx_word' id='word_1_257' title='bbox 1385 2973 1485 3042; x_wconf 83' lang='grc' dir='ltr'><strong><em>Ἰοῦῦα</em></strong></span> 
     </span>
     <span class='ocr_line' id='line_1_27' title="bbox 322 3074 1485 3163; baseline 0 -19"><span class='ocrx_word' id='word_1_258' title='bbox 322 3079 435 3160; x_wconf 77' lang='grc' dir='ltr'><strong><em>ἐπέχων</em></strong></span> <span class='ocrx_word' id='word_1_259' title='bbox 451 3078 548 3159; x_wconf 79' lang='grc' dir='ltr'><strong><em>τάξιν,</em></strong></span> <span class='ocrx_word' id='word_1_260' title='bbox 577 3084 632 3146; x_wconf 90' lang='grc' dir='ltr'><strong><em>τοῦ</em></strong></span> <span class='ocrx_word' id='word_1_261' title='bbox 649 3075 702 3144; x_wconf 87' lang='grc' dir='ltr'><strong><em>σῦν</em></strong></span> <span class='ocrx_word' id='word_1_262' title='bbox 717 3087 780 3154; x_wconf 85' lang='grc' dir='ltr'><strong><em>τοῖς</em></strong></span> <span class='ocrx_word' id='word_1_263' title='bbox 798 3085 948 3162; x_wconf 82' lang='grc' dir='ltr'><strong><em>μαθηταῖς</em></strong></span> <span class='ocrx_word' id='word_1_264' title='bbox 963 3077 1016 3160; x_wconf 82' lang='grc' dir='ltr'><strong><em>μέν</em></strong></span> <span class='ocrx_word' id='word_1_265' title='bbox 1031 3075 1271 3162; x_wconf 85' lang='grc' dir='ltr'><strong><em>άριθμηθίντος,</em></strong></span> <span class='ocrx_word' id='word_1_266' title='bbox 1302 3074 1485 3163; x_wconf 82' lang='grc' dir='ltr'><strong><em>άφορισθέν·</em></strong></span> 
     </span>
     <span class='ocr_line' id='line_1_28' title="bbox 320 3174 1484 3268; baseline -0.001 -22"><span class='ocrx_word' id='word_1_267' title='bbox 320 3205 373 3257; x_wconf 88' lang='grc' dir='ltr'><strong><em>τος</em></strong></span> <span class='ocrx_word' id='word_1_268' title='bbox 387 3174 437 3259; x_wconf 71' lang='grc' dir='ltr'><strong><em>λλ,</em></strong></span> <span class='ocrx_word' id='word_1_269' title='bbox 459 3179 497 3248; x_wconf 85' lang='grc' dir='ltr'><strong><em>οῦ</em></strong></span> <span class='ocrx_word' id='word_1_270' title='bbox 513 3187 646 3268; x_wconf 80' lang='grc' dir='ltr'><strong><em>Χριστοῦ</em></strong></span> <span class='ocrx_word' id='word_1_271' title='bbox 658 3184 775 3265; x_wconf 80' lang='grc' dir='ltr'><strong><em>έχοντος</em></strong></span> <span class='ocrx_word' id='word_1_272' title='bbox 792 3179 844 3246; x_wconf 87' lang='grc' dir='ltr'><strong><em>τόν</em></strong></span> <span class='ocrx_word' id='word_1_273' title='bbox 860 3189 948 3262; x_wconf 88' lang='grc' dir='ltr'><strong><em>νοῦν,</em></strong></span> <span class='ocrx_word' id='word_1_274' title='bbox 976 3177 1035 3245; x_wconf 65' lang='grc' dir='ltr'><strong><em>άλλ*</em></strong></span> <span class='ocrx_word' id='word_1_275' title='bbox 1048 3182 1081 3246; x_wconf 86' lang='grc' dir='ltr'><strong><em>έκ</em></strong></span> <span class='ocrx_word' id='word_1_276' title='bbox 1097 3186 1153 3246; x_wconf 84' lang='grc' dir='ltr'><strong><em>τοῦ</em></strong></span> <span class='ocrx_word' id='word_1_277' title='bbox 1166 3185 1290 3246; x_wconf 82' lang='grc' dir='ltr'><strong><em>Σατανῦ</em></strong></span> <span class='ocrx_word' id='word_1_278' title='bbox 1304 3176 1484 3262; x_wconf 79' lang='grc' dir='ltr'><strong><em>ῦποδτξαμέ-</em></strong></span> 
     </span>
     <span class='ocr_line' id='line_1_29' title="bbox 319 3280 1485 3372; baseline -0.003 -22"><span class='ocrx_word' id='word_1_279' title='bbox 319 3310 376 3350; x_wconf 91' lang='grc' dir='ltr'><strong><em>νου</em></strong></span> <span class='ocrx_word' id='word_1_280' title='bbox 398 3282 454 3368; x_wconf 73' lang='grc' dir='ltr'><strong><em>τήν</em></strong></span> <span class='ocrx_word' id='word_1_281' title='bbox 474 3282 552 3370; x_wconf 87' lang='grc' dir='ltr'><strong><em>πρός</em></strong></span> <span class='ocrx_word' id='word_1_282' title='bbox 573 3283 625 3350; x_wconf 89' lang='grc' dir='ltr'><strong><em>τόν</em></strong></span> <span class='ocrx_word' id='word_1_283' title='bbox 645 3282 792 3367; x_wconf 87' lang='grc' dir='ltr'><strong><em>ιλεστιότην</em></strong></span> <span class='ocrx_word' id='word_1_284' title='bbox 814 3280 908 3350; x_wconf 86' lang='grc' dir='ltr'><strong><em>οῦτοῦ</em></strong></span> <span class='ocrx_word' id='word_1_285' title='bbox 931 3285 1170 3368; x_wconf 87' lang='grc' dir='ltr'><strong><em>έπαρνησιθεΐαν.</em></strong></span> <span class='ocrx_word' id='word_1_286' title='bbox 1228 3289 1306 3372; x_wconf 73' lang='grc' dir='ltr'><strong><em>Ψιλῇ</em></strong></span> <span class='ocrx_word' id='word_1_287' title='bbox 1332 3281 1391 3369; x_wconf 85' lang='grc' dir='ltr'><strong><em>γάρ</em></strong></span> <span class='ocrx_word' id='word_1_288' title='bbox 1414 3286 1485 3360; x_wconf 84' lang='grc' dir='ltr'><strong><em>λέξει</em></strong></span> 
     </span>
     <span class='ocr_line' id='line_1_30' title="bbox 322 3384 1485 3474; baseline -0.004 -21"><span class='ocrx_word' id='word_1_289' title='bbox 322 3384 517 3474; x_wconf 79' lang='grc' dir='ltr'><strong><em>οῦμολόγησας</em></strong></span> <span class='ocrx_word' id='word_1_290' title='bbox 540 3385 592 3452; x_wconf 84' lang='grc' dir='ltr'><strong><em>τόν</em></strong></span> <span class='ocrx_word' id='word_1_291' title='bbox 616 3384 685 3453; x_wconf 77' lang='grc' dir='ltr'><strong><em>υἱόν</em></strong></span> <span class='ocrx_word' id='word_1_292' title='bbox 709 3390 763 3452; x_wconf 93' lang='grc' dir='ltr'><strong><em>τοῦ</em></strong></span> <span class='ocrx_word' id='word_1_293' title='bbox 793 3392 866 3452; x_wconf 90' lang='grc' dir='ltr'><strong><em>θεοῦ</em></strong></span> <span class='ocrx_word' id='word_1_294' title='bbox 890 3387 965 3468; x_wconf 67' lang='grc' dir='ltr'><strong><em>ἔχειν</em></strong></span> <span class='ocrx_word' id='word_1_295' title='bbox 991 3387 1023 3451; x_wconf 90' lang='grc' dir='ltr'><strong><em>έν</em></strong></span> <span class='ocrx_word' id='word_1_296' title='bbox 1044 3391 1082 3474; x_wconf 76' lang='grc' dir='ltr'><strong><em>τῇ</em></strong></span> <span class='ocrx_word' id='word_1_297' title='bbox 1103 3388 1229 3473; x_wconf 71' lang='grc' dir='ltr'><strong><em>διανοίᾳ.</em></strong></span> <span class='ocrx_word' id='word_1_298' title='bbox 1274 3386 1335 3449; x_wconf 82' lang='grc' dir='ltr'><strong><em>Καί</em></strong></span> <span class='ocrx_word' id='word_1_299' title='bbox 1358 3391 1405 3461; x_wconf 83' lang='grc' dir='ltr'><strong><em>τίς</em></strong></span> <span class='ocrx_word' id='word_1_300' title='bbox 1428 3389 1485 3452; x_wconf 86' lang='grc' dir='ltr'><strong><em>έστι</em></strong></span> 
     </span>
     <span class='ocr_line' id='line_1_31' title="bbox 319 3483 1485 3574; baseline 0.001 -21"><span class='ocrx_word' id='word_1_301' title='bbox 319 3495 401 3572; x_wconf 78' lang='grc' dir='ltr'><strong><em>χρεία</em></strong></span> <span class='ocrx_word' id='word_1_302' title='bbox 419 3491 488 3573; x_wconf 86' lang='grc' dir='ltr'><strong><em>περλ</em></strong></span> <span class='ocrx_word' id='word_1_303' title='bbox 503 3496 557 3573; x_wconf 78' lang='grc' dir='ltr'><strong><em>τῆς</em></strong></span> <span class='ocrx_word' id='word_1_304' title='bbox 572 3487 649 3574; x_wconf 88' lang='grc' dir='ltr'><strong><em>πρός</em></strong></span> <span class='ocrx_word' id='word_1_305' title='bbox 668 3489 700 3554; x_wconf 82' lang='grc' dir='ltr'><strong><em>σέ</em></strong></span> <span class='ocrx_word' id='word_1_306' title='bbox 713 3495 830 3568; x_wconf 84' lang='grc' dir='ltr'><strong><em>λαλιᾶς,</em></strong></span> <span class='ocrx_word' id='word_1_307' title='bbox 860 3483 950 3554; x_wconf 89' lang='grc' dir='ltr'><strong><em>όπότε</em></strong></span> <span class='ocrx_word' id='word_1_308' title='bbox 969 3484 1160 3554; x_wconf 88' lang='grc' dir='ltr'><strong><em>παντάπασιν</em></strong></span> <span class='ocrx_word' id='word_1_309' title='bbox 1176 3484 1327 3573; x_wconf 86' lang='grc' dir='ltr'><strong><em>άλλότριος</em></strong></span> <span class='ocrx_word' id='word_1_310' title='bbox 1344 3493 1485 3573; x_wconf 78' lang='grc' dir='ltr'><strong><em>Χριστια-</em></strong></span> 
     </span>
     <span class='ocr_line' id='line_1_32' title="bbox 320 3586 1485 3677; baseline -0.002 -21"><span class='ocrx_word' id='word_1_311' title='bbox 320 3598 384 3657; x_wconf 84' lang='grc' dir='ltr'><strong><em>νῦν</em></strong></span> <span class='ocrx_word' id='word_1_312' title='bbox 400 3587 556 3675; x_wconf 84' lang='grc' dir='ltr'><strong><em>ῦπάρχεις,</em></strong></span> <span class='ocrx_word' id='word_1_313' title='bbox 586 3599 753 3674; x_wconf 77' lang='grc' dir='ltr'><strong><em>προφητοῑν</em></strong></span> <span class='ocrx_word' id='word_1_314' title='bbox 773 3615 804 3656; x_wconf 88' lang='grc' dir='ltr'><strong><em>τε</em></strong></span> <span class='ocrx_word' id='word_1_315' title='bbox 819 3591 869 3656; x_wconf 85' lang='grc' dir='ltr'><strong><em>καλ</em></strong></span> <span class='ocrx_word' id='word_1_316' title='bbox 892 3586 1065 3656; x_wconf 83' lang='grc' dir='ltr'><strong><em>άποστόλοιν</em></strong></span> <span class='ocrx_word' id='word_1_317' title='bbox 1085 3591 1136 3656; x_wconf 84' lang='grc' dir='ltr'><strong><em>καί</em></strong></span> <span class='ocrx_word' id='word_1_318' title='bbox 1154 3589 1381 3677; x_wconf 81' lang='grc' dir='ltr'><strong><em>εῦαγγελιστῦν,</em></strong></span> <span class='ocrx_word' id='word_1_319' title='bbox 1414 3615 1485 3674; x_wconf 85' lang='grc' dir='ltr'><strong><em>μαρ-</em></strong></span> 
     </span>
     <span class='ocr_line' id='line_1_33' title="bbox 320 3689 1487 3779; baseline 0 -20"><span class='ocrx_word' id='word_1_320' title='bbox 320 3692 418 3779; x_wconf 85' lang='grc' dir='ltr'><strong><em>τόροιν</em></strong></span> <span class='ocrx_word' id='word_1_321' title='bbox 431 3717 462 3760; x_wconf 90' lang='grc' dir='ltr'><strong><em>τε</em></strong></span> <span class='ocrx_word' id='word_1_322' title='bbox 479 3697 531 3760; x_wconf 88' lang='grc' dir='ltr'><strong><em>καλ</em></strong></span> <span class='ocrx_word' id='word_1_323' title='bbox 546 3693 665 3760; x_wconf 85' lang='grc' dir='ltr'><strong><em>πάντων</em></strong></span> <span class='ocrx_word' id='word_1_324' title='bbox 679 3703 738 3759; x_wconf 81' lang='grc' dir='ltr'><strong><em>τῶν</em></strong></span> <span class='ocrx_word' id='word_1_325' title='bbox 753 3690 863 3779; x_wconf 81' lang='grc' dir='ltr'><strong><em>ολγίυν,</em></strong></span> <span class='ocrx_word' id='word_1_326' title='bbox 893 3699 953 3760; x_wconf 78' lang='grc' dir='ltr'><strong><em>τοῦν</em></strong></span> <span class='ocrx_word' id='word_1_327' title='bbox 976 3695 1085 3777; x_wconf 82' lang='grc' dir='ltr'><strong><em>έλέγξαι</em></strong></span> <span class='ocrx_word' id='word_1_328' title='bbox 1107 3714 1139 3758; x_wconf 92' lang='grc' dir='ltr'><strong><em>σε</em></strong></span> <span class='ocrx_word' id='word_1_329' title='bbox 1163 3695 1205 3770; x_wconf 85' lang='grc' dir='ltr'><strong><em>είς</em></strong></span> <span class='ocrx_word' id='word_1_330' title='bbox 1223 3689 1337 3778; x_wconf 79' lang='grc' dir='ltr'><strong><em>ἡμέραν</em></strong></span> <span class='ocrx_word' id='word_1_331' title='bbox 1360 3697 1487 3778; x_wconf 78' lang='grc' dir='ltr'><strong><em>πρίστας</em></strong></span> 
     </span>
     <span class='ocr_line' id='line_1_34' title="bbox 319 3793 1485 3882; baseline 0 -20"><span class='ocrx_word' id='word_1_332' title='bbox 319 3797 443 3881; x_wconf 74' lang='grc' dir='ltr'><strong><em>ἑτοίμας</em></strong></span> <span class='ocrx_word' id='word_1_333' title='bbox 458 3795 600 3881; x_wconf 76' lang='grc' dir='ltr'><strong><em>έηόντοον,</em></strong></span> <span class='ocrx_word' id='word_1_334' title='bbox 628 3795 674 3862; x_wconf 84' lang='grc' dir='ltr'><strong><em>ότι</em></strong></span> <span class='ocrx_word' id='word_1_335' title='bbox 689 3794 754 3880; x_wconf 79' lang='grc' dir='ltr'><strong><em>άγρι</em></strong></span> <span class='ocrx_word' id='word_1_336' title='bbox 771 3795 907 3862; x_wconf 88' lang='grc' dir='ltr'><strong><em>θανάτου</em></strong></span> <span class='ocrx_word' id='word_1_337' title='bbox 930 3793 1153 3882; x_wconf 73' lang='grc' dir='ltr'><strong><em>στρεβλούμενοι</em></strong></span> <span class='ocrx_word' id='word_1_338' title='bbox 1175 3793 1352 3879; x_wconf 81' lang='grc' dir='ltr'><strong><em>ῦπέμειναν,</em></strong></span> <span class='ocrx_word' id='word_1_339' title='bbox 1382 3819 1485 3879; x_wconf 83' lang='grc' dir='ltr'><strong><em>μαστι·</em></strong></span> 
     </span>
     <span class='ocr_line' id='line_1_35' title="bbox 319 3897 1484 3986; baseline 0 -22"><span class='ocrx_word' id='word_1_340' title='bbox 319 3899 452 3983; x_wconf 78' lang='grc' dir='ltr'><strong><em>ζόμενοι,</em></strong></span> <span class='ocrx_word' id='word_1_341' title='bbox 475 3897 624 3982; x_wconf 79' lang='grc' dir='ltr'><strong><em>ξεόμενοι,</em></strong></span> <span class='ocrx_word' id='word_1_342' title='bbox 653 3901 747 3984; x_wconf 79' lang='grc' dir='ltr'><strong><em>θηρσί</em></strong></span> <span class='ocrx_word' id='word_1_343' title='bbox 763 3900 817 3964; x_wconf 88' lang='grc' dir='ltr'><strong><em>καλ</em></strong></span> <span class='ocrx_word' id='word_1_344' title='bbox 831 3901 905 3983; x_wconf 82' lang='grc' dir='ltr'><strong><em>πυρὶ</em></strong></span> <span class='ocrx_word' id='word_1_345' title='bbox 920 3900 1179 3984; x_wconf 77' lang='grc' dir='ltr'><strong><em>παραβληθέντες,</em></strong></span> <span class='ocrx_word' id='word_1_346' title='bbox 1209 3900 1261 3964; x_wconf 88' lang='grc' dir='ltr'><strong><em>καλ</em></strong></span> <span class='ocrx_word' id='word_1_347' title='bbox 1277 3897 1363 3986; x_wconf 80' lang='grc' dir='ltr'><strong><em>φόνεμ</em></strong></span> <span class='ocrx_word' id='word_1_348' title='bbox 1379 3903 1484 3984; x_wconf 70' lang='grc' dir='ltr'><strong><em>μαχαί·</em></strong></span> 
     </span>
     <span class='ocr_line' id='line_1_36' title="bbox 319 3999 1484 4087; baseline 0.001 -23"><span class='ocrx_word' id='word_1_349' title='bbox 319 4027 388 4085; x_wconf 89' lang='grc' dir='ltr'><strong><em>ρας,</em></strong></span> <span class='ocrx_word' id='word_1_350' title='bbox 418 4005 469 4068; x_wconf 74' lang='grc' dir='ltr'><strong><em>ἰ’να</em></strong></span> <span class='ocrx_word' id='word_1_351' title='bbox 486 4001 554 4068; x_wconf 79' lang='grc' dir='ltr'><strong><em>υἱόν</em></strong></span> <span class='ocrx_word' id='word_1_352' title='bbox 569 4009 646 4067; x_wconf 89' lang='grc' dir='ltr'><strong><em>θεοῦ</em></strong></span> <span class='ocrx_word' id='word_1_353' title='bbox 666 3999 753 4080; x_wconf 88' lang='grc' dir='ltr'><strong><em>ῦντα,</em></strong></span> <span class='ocrx_word' id='word_1_354' title='bbox 783 4004 835 4066; x_wconf 86' lang='grc' dir='ltr'><strong><em>καλ</em></strong></span> <span class='ocrx_word' id='word_1_355' title='bbox 852 4004 882 4079; x_wconf 78' lang='grc' dir='ltr'><strong><em>έξ</em></strong></span> <span class='ocrx_word' id='word_1_356' title='bbox 896 3999 990 4067; x_wconf 86' lang='grc' dir='ltr'><strong><em>αῦτοῦ</em></strong></span> <span class='ocrx_word' id='word_1_357' title='bbox 1011 3999 1165 4083; x_wconf 84' lang='grc' dir='ltr'><strong><em>άληθινῦς</em></strong></span> <span class='ocrx_word' id='word_1_358' title='bbox 1181 4002 1411 4087; x_wconf 85' lang='grc' dir='ltr'><strong><em>γεγεννημένον,</em></strong></span> <span class='ocrx_word' id='word_1_359' title='bbox 1445 3999 1484 4084; x_wconf 67' lang='grc' dir='ltr'><strong><em>μά</em></strong></span> 
     </span>
     <span class='ocr_line' id='line_1_37' title="bbox 318 4098 1483 4190; baseline 0.001 -23"><span class='ocrx_word' id='word_1_360' title='bbox 318 4098 505 4188; x_wconf 79' lang='grc' dir='ltr'><strong><em>άρνήσοντοι.</em></strong></span> <span class='ocrx_word' id='word_1_361' title='bbox 550 4101 726 4187; x_wconf 85' lang='grc' dir='ltr'><strong><em>Γεννητικὸς</em></strong></span> <span class='ocrx_word' id='word_1_362' title='bbox 742 4100 799 4190; x_wconf 84' lang='grc' dir='ltr'><strong><em>γάρ</em></strong></span> <span class='ocrx_word' id='word_1_363' title='bbox 814 4100 832 4170; x_wconf 89' lang='grc' dir='ltr'><strong><em>ό</em></strong></span> <span class='ocrx_word' id='word_1_364' title='bbox 847 4101 943 4186; x_wconf 72' lang='grc' dir='ltr'><strong><em>πατὴρ</em></strong></span> <span class='ocrx_word' id='word_1_365' title='bbox 961 4102 1057 4186; x_wconf 93' lang='grc' dir='ltr'><strong><em>μόνον</em></strong></span> <span class='ocrx_word' id='word_1_366' title='bbox 1070 4109 1265 4190; x_wconf 87' lang='grc' dir='ltr'><strong><em>μονογενοῦς,</em></strong></span> <span class='ocrx_word' id='word_1_367' title='bbox 1286 4104 1339 4168; x_wconf 85' lang='grc' dir='ltr'><strong><em>καί</em></strong></span> <span class='ocrx_word' id='word_1_368' title='bbox 1354 4099 1409 4186; x_wconf 73' lang='grc' dir='ltr'><strong><em>οόχ</em></strong></span> <span class='ocrx_word' id='word_1_369' title='bbox 1425 4105 1483 4169; x_wconf 84' lang='grc' dir='ltr'><strong><em>έιέ-</em></strong></span> 
     </span>
     <span class='ocr_line' id='line_1_38' title="bbox 318 4201 1483 4293; baseline 0 -23"><span class='ocrx_word' id='word_1_370' title='bbox 318 4229 375 4289; x_wconf 90' lang='grc' dir='ltr'><strong><em>ρου</em></strong></span> <span class='ocrx_word' id='word_1_371' title='bbox 390 4205 470 4284; x_wconf 86' lang='grc' dir='ltr'><strong><em>τινός</em></strong></span> <span class='ocrx_word' id='word_1_372' title='bbox 484 4209 529 4274; x_wconf 80' lang='grc' dir='ltr'><strong><em>ίτι</em></strong></span> <span class='ocrx_word' id='word_1_373' title='bbox 546 4205 618 4290; x_wconf 86' lang='grc' dir='ltr'><strong><em>μετά</em></strong></span> <span class='ocrx_word' id='word_1_374' title='bbox 634 4205 686 4272; x_wconf 86' lang='grc' dir='ltr'><strong><em>τόν</em></strong></span> <span class='ocrx_word' id='word_1_375' title='bbox 704 4208 773 4286; x_wconf 78' lang='grc' dir='ltr'><strong><em>έναι,</em></strong></span> <span class='ocrx_word' id='word_1_376' title='bbox 802 4208 853 4272; x_wconf 84' lang='grc' dir='ltr'><strong><em>καλ</em></strong></span> <span class='ocrx_word' id='word_1_377' title='bbox 869 4201 1089 4293; x_wconf 78' lang='grc' dir='ltr'><strong><em>άνομβρητικός</em></strong></span> <span class='ocrx_word' id='word_1_378' title='bbox 1111 4206 1281 4290; x_wconf 78' lang='grc' dir='ltr'><strong><em>πνεύματος</em></strong></span> <span class='ocrx_word' id='word_1_379' title='bbox 1293 4201 1399 4290; x_wconf 89' lang='grc' dir='ltr'><strong><em>άγίον,</em></strong></span> <span class='ocrx_word' id='word_1_380' title='bbox 1434 4205 1483 4270; x_wconf 83' lang='grc' dir='ltr'><strong><em>παλ</em></strong></span> 
     </span>
     <span class='ocr_line' id='line_1_39' title="bbox 318 4303 1482 4396; baseline 0.002 -24"><span class='ocrx_word' id='word_1_381' title='bbox 318 4303 372 4390; x_wconf 80' lang='grc' dir='ltr'><strong><em>οῦχ</em></strong></span> <span class='ocrx_word' id='word_1_382' title='bbox 395 4309 497 4394; x_wconf 80' lang='grc' dir='ltr'><strong><em>ἑτέρον</em></strong></span> <span class='ocrx_word' id='word_1_383' title='bbox 520 4309 706 4392; x_wconf 81' lang='grc' dir='ltr'><strong><em>πνεύματος,</em></strong></span> <span class='ocrx_word' id='word_1_384' title='bbox 733 4305 852 4391; x_wconf 71' lang='grc' dir='ltr'><strong><em>κτισττλς</em></strong></span> <span class='ocrx_word' id='word_1_385' title='bbox 866 4308 900 4373; x_wconf 74' lang='grc' dir='ltr'><strong><em>δὲ</em></strong></span> <span class='ocrx_word' id='word_1_386' title='bbox 917 4311 967 4374; x_wconf 88' lang='grc' dir='ltr'><strong><em>καλ</em></strong></span> <span class='ocrx_word' id='word_1_387' title='bbox 990 4307 1117 4393; x_wconf 72' lang='grc' dir='ltr'><strong><em>ποιητὴς</em></strong></span> <span class='ocrx_word' id='word_1_388' title='bbox 1133 4315 1196 4375; x_wconf 78' lang='grc' dir='ltr'><strong><em>νῦν</em></strong></span> <span class='ocrx_word' id='word_1_389' title='bbox 1216 4304 1267 4374; x_wconf 71' lang='grc' dir='ltr'><strong><em>ὑπ’</em></strong></span> <span class='ocrx_word' id='word_1_390' title='bbox 1286 4305 1383 4375; x_wconf 84' lang='grc' dir='ltr'><strong><em>αῦεοῦ</em></strong></span> <span class='ocrx_word' id='word_1_391' title='bbox 1399 4331 1482 4396; x_wconf 79' lang='grc' dir='ltr'><strong><em>γενο-</em></strong></span> 
     </span>
    </p>
   </div>
   <div class='ocr_carea' id='block_1_5' title="bbox 353 4441 1269 4519">
    <p class='ocr_par' dir='ltr' id='par_1_6' title="bbox 353 4441 1269 4519">
     <span class='ocr_line' id='line_1_40' title="bbox 353 4441 1269 4519; baseline 0.02 -23"><span class='ocrx_word' id='word_1_392' title='bbox 353 4445 375 4496; x_wconf 86' lang='grc' dir='ltr'><strong><em>ι.</em></strong></span> <span class='ocrx_word' id='word_1_393' title='bbox 393 4447 475 4513; x_wconf 68' lang='lat' dir='ltr'><strong><em>sum</em></strong></span> <span class='ocrx_word' id='word_1_394' title='bbox 492 4443 547 4504; x_wconf 71' lang='grc' dir='ltr'><strong><em>ἀλλ’</em></strong></span> <span class='ocrx_word' id='word_1_395' title='bbox 563 4441 603 4504; x_wconf 75' lang='grc' dir='ltr'><strong><em>ον.</em></strong></span> <span class='ocrx_word' id='word_1_396' title='bbox 950 4447 976 4500; x_wconf 79' lang='lat'><em>2</em></span> <span class='ocrx_word' id='word_1_397' title='bbox 994 4445 1172 4519; x_wconf 70' lang='grc' dir='ltr'><strong><em>λενεσννίνοτ</em></strong></span> <span class='ocrx_word' id='word_1_398' title='bbox 1188 4463 1269 4513; x_wconf 68' lang='grc' dir='ltr'><strong><em>υτον</em></strong></span> 
     </span>
    </p>
   </div>
   <div class='ocr_carea' id='block_1_6' title="bbox 0 0 1534 5014">
    <p class='ocr_par' dir='ltr' id='par_1_7' title="bbox 0 0 1534 5014">
     <span class='ocr_line' id='line_1_41' title="bbox 0 0 1534 5014; baseline 0 0"><span class='ocrx_word' id='word_1_399' title='bbox 0 0 1534 5014; x_wconf 95' lang='lat' dir='ltr'><strong><em> </em></strong></span> 
     </span>
    </p>
   </div>
  </div>
 </body>
</html>
