3058 5014
322 307 459 360 raanan
476 307 538 358 ura
549 307 594 360 ιιι.
611 307 694 360 ron.
703 309 723 360 ι.
740 306 960 360 aasnuxxv.
1160 289 1221 356 189

62 447 177 506 manus,
211 427 354 491 iustorum
375 437 472 490 antem
498 437 528 490 et
550 437 663 512 patrum
686 449 722 492 ae
747 425 976 513 patriarcharum
1001 424 1220 510 prophetarum,

61 530 277 616 apostolorum,
308 529 576 614 evangelistarum,
609 539 787 616 martyrum,
819 531 1039 605 confessorum,
1069 527 1222 612 episeopo·

60 653 139 710 rum,
173 632 436 711 ennehoretarum‚
467 654 503 694 ao
534 641 636 696 noetus
659 632 735 696 illius
758 631 908 710 universi,
941 641 972 694 ut
999 628 1146 694 dominum
1176 627 1222 694 le·

60 754 121 798 sum
140 729 292 800 Christum
310 733 452 818 singulari
476 735 598 818 quodem
623 734 734 798 honore
758 745 971 819 prosequentes
996 731 1032 796 ala
1055 744 1222 796 ceterorum

59 835 207 900 lominum
226 835 329 900 ordine
347 857 558 922 segregemus,
583 835 769 921 debiturusque
787 837 894 900 nultum
913 834 990 899 illins
1006 833 1151 898 maiestati
1171 832 1223 898 tri·

58 939 198 1020 braamus3
230 939 298 1002 dum
323 938 393 1002 illud
417 961 482 1002 eum
506 939 602 1002 animo
626 949 728 1002 nostro
748 949 936 1024 reputamus,
969 959 1027 1000 non
1046 957 1114 1002 esse
1130 936 1222 1000 domi·

59 1063 125 1104 anm
142 1063 208 1105 eum
223 1041 289 1105 ullis
305 1041 476 1106 mortalibus
493 1041 731 1126 adaequandum
755 1041 888 1125 quamvis
904 1039 1011 1126 singuli
1024 1037 1136 1104 induite
1150 1059 1222 1123 qua·

58 1143 143 1220 dam,
179 1155 229 1206 eut
253 1145 340 1206 etiam
366 1143 509 1228 ampliore
532 1140 642 1206 iustitia
666 1143 789 1230 praediti
812 1143 882 1206 sint.
928 1139 1007 1206 Nam
1030 1161 1103 1228 qnae
1125 1149 1224 1230 potest

57 1267 125 1308 esse
140 1247 342 1331 eorrrparatio,
366 1268 431 1311 eum
450 1246 498 1308 ille
518 1245 608 1324 deus,
634 1245 680 1310 laio
698 1245 785 1310 homo
802 1245 860 1326 sit,
891 1243 940 1310 ille
956 1245 985 1308 in
1003 1243 1103 1324 coelo,
1128 1242 1174 1307 laio
1192 1243 1221 1307 in

57 1359 155 1426 terra,
180 1359 299 1436 propter
317 1347 435 1412 relictas
455 1347 561 1411 ibidem
580 1347 713 1433 eorporis
728 1347 888 1432 reliquias,
912 1357 1063 1429 versetnr3
1087 1343 1222 1432 exeeptis

55 1451 89 1514 iis
115 1450 167 1536 qni
191 1474 207 1514 a
231 1452 354 1514 mortuis
383 1449 504 1516 excitati
528 1449 559 1513 in
584 1450 739 1516 thalamum
762 1450 849 1514 simul
874 1449 1002 1534 ingressi
1023 1459 1111 1528 suot,
1144 1457 1175 1512 ut
1193 1449 1223 1512 iu

54 1552 213 1638 evangelio
231 1565 385 1617 narratura
416 1557 511 1616 Multo
526 1575 593 1616 uero
611 1575 732 1636 corpora
746 1565 908 1616 sanctorum
924 1565 1164 1632 resurrexerunt,
1193 1566 1223 1615 et
1234 1563 1330 1664 ttqqapi

54 1659 232 1717 introierunt
245 1661 275 1717 in
291 1668 418 1719 sonetum
435 1660 586 1718 er'or'totem.
633 1652 680 1718 De
695 1677 818 1741 quanam
835 1677 907 1719 vero
925 1663 1027 1718 saneta
1044 1655 1163 1718 civitate
1176 1655 1219 1718 lo·
1276 1649 1284 1670 ⁸

54 1757 175 1842 quitur?
216 1755 294 1822 Nam
312 1759 347 1822 ad
364 1767 535 1842 utramque,
568 1769 626 1821 tarn
652 1769 837 1843 praesentem
864 1757 1000 1821 videlieet
1022 1779 1106 1843 qnam
1125 1755 1223 1822 eoele-

54 1871 128 1922 stem
154 1858 234 1922 illam
257 1859 339 1924 loeus
363 1861 419 1924 iste
446 1861 594 1947 pertinere
618 1871 726 1946 potest.
773 1857 812 1923 Et
837 1861 953 1948 quidem
977 1869 1123 1924 terrerent
1148 1857 1222 1924 haue

53 1957 219 2026 ierusalem
237 1963 357 2048 primunr
375 1962 441 2027 illos
455 1963 607 2047 ingressos
622 1983 689 2026 esse
708 1961 816 2025 nemini
832 1961 949 2026 dubium
967 1973 1024 2024 est.
1068 1962 1111 2026 At
1128 1963 1222 2045 prins·

55 2087 143 2150 quam
171 2063 305 2128 salvator
327 2065 355 2128 in
374 2066 487 2130 eoelunr
512 2065 705 2144 ascenderet,
736 2064 911 2128 ascenderat
933 2085 1037 2142 nerno;
1067 2064 1160 2128 dorree
1182 2065 1222 2130 illi

52 2189 118 2230 rum
138 2188 176 2230 eo
194 2165 304 2251 pariter
319 2165 415 2231 everti
433 2178 513 2230 sunt.
558 2170 647 2230 Nemo
664 2172 735 2229 enim
752 2169 921 2228 ascenditis
941 2167 1064 2240 eoelum,
1096 2170 1375 2249 arir'put'tomttt

52 2273 87 2330 de
109 2273 193 2332 coelo
214 2272 357 2331 descendit
369 2271 458 2352 filius
482 2273 612 2332 domenii.
659 2265 771 2334 Verum
796 2268 867 2332 duas
892 2289 926 2331 ea
949 2267 985 2330 de
1009 2287 1042 2330 re
1059 2269 1223 2333 sententiae

51 2392 106 2435 suo
132 2371 202 2436 loco
227 2370 445 2457 proposuimus.
491 2369 621 2456 Quodsi
641 2369 706 2458 quis
727 2367 889 2434 ierusalem
914 2369 1066 2454 ingressus
1089 2393 1156 2436 esse
1179 2369 1223 2434 di-

53 2484 118 2552 eat,
156 2473 235 2538 seire
259 2473 346 2537 debet
367 2472 416 2536 illa
440 2472 487 2537 die
513 2472 620 2537 clausis
643 2472 738 2538 ianuis
762 2455 821 2536 illio
843 2471 992 2536 adstitisse
1010 2473 1157 2538 dominum
1174 2475 1225 2538 udi
1240 2489 1324 2589 tquq..

50 2589 139 2639 meat
161 2579 299 2656 dr'rrr'pula'
316 2580 502 2658 congregati,
528 2575 689 2662 iisdemque
712 2573 842 2655 dixisse,
865 2579 928 2638 Poe
949 2577 1036 2637 nobas.
1281 2574 1289 2598 '
1324 2575 1332 2589 '

139 2675 202 2743 Sed
218 2679 262 2740 lais
280 2677 398 2742 omissis
416 2700 453 2742 eo
471 2679 546 2742 unde
562 2679 739 2742 diverterem
756 2680 863 2756 redeo,
887 2700 922 2741 ae
940 2679 1109 2743 necessario
1125 2679 1223 2744 iacere
1240 2691 1377 2760 capuan.

48 2779 120 2842 illud
145 2780 303 2844 eeclesiam
321 2780 405 2858 dieo,
436 2801 510 2866 quae
535 2782 671 2845 traditum
694 2779 749 2845 sibi
767 2781 853 2843 ritum
869 2781 948 2843 illum
965 2802 981 2843 e
997 2781 1157 2846 maioribus
1172 2803 1222 2846 ao·

48 2881 180 2968 reperit.
227 2879 330 2945 Potest
345 2903 417 2946 vern
431 2881 573 2968 quispiam
590 2895 750 2947 maternam
771 2881 972 2964 sanctionem,
996 2893 1047 2947 ant
1061 2883 1155 2968 legem
1171 2905 1222 2968 pa·

48 2986 103 3047 tris
134 2985 299 3048 evertere?
327 2985 567 3070 quemadmodum
591 3007 608 3046 a
631 2981 791 3050 Salomone
816 2983 1044 3071 scriptumest,
1074 2989 1362 3068 Audifilr‘ttrov.1,a

44 3109 198 3150 sermones
220 3091 314 3168 panai
332 3091 390 3162 tui,
422 3099 499 3150 etae
513 3091 635 3169 repellor
651 3092 728 3169 leges
741 3091 841 3150 morrei
858 3100 939 3149 tune:
973 3087 1076 3173 quibus
1095 3099 1220 3174 patrem,

48 3189 105 3253 boe
133 3201 185 3253 est
206 3189 387 3273 unigenitum
404 3190 507 3268 deum,
542 3211 607 3253 euna
634 3189 739 3276 spiritu
756 3201 859 3254 saneto
877 3188 1006 3253 deelarat
1028 3189 1132 3276 partim
1148 3191 1222 3256 seri·

46 3303 117 3378 pto,
158 3291 263 3377 partim
282 3291 348 3357 siae
365 3291 475 3378 seripto
498 3293 651 3370 docuisse,
683 3301 804 3355 matrem
823 3313 896 3356 vero
915 3303 1045 3355 nostram
1064 3293 1221 3358 ecelesiam

46 3397 176 3458 decreta
194 3396 336 3480 quaedam
357 3395 465 3459 habere
492 3414 582 3479 penes
601 3415 635 3458 se
652 3415 726 3479 quae
744 3393 865 3458 dissolvi
884 3394 1036 3480 evertique
1059 3405 1219 3482 nequeunt.

45 3493 140 3580 erae
163 3497 279 3580 quidem
305 3519 369 3559 cum
396 3495 424 3560 in
442 3495 568 3560 eeclesia
589 3497 748 3560 eorrstitnta
771 3506 857 3576 sunt,
889 3498 1038 3582 praeclara
1057 3499 1171 3583 quidem
1187 3520 1222 3562 ao

46 3601 174 3684 penitus
189 3598 371 3676 admiranda,
390 3621 429 3663 ex
445 3599 500 3662 lroe
516 3596 580 3684 ipso
592 3598 686 3684 eapite
702 3609 852 3662 veterator
864 3597 912 3663 ille
927 3600 1124 3666 nortvinoitur.
1158 3597 1220 3665 Sed

44 3725 101 3766 nos
117 3724 161 3765 eo
182 3700 298 3778 relieto,
318 3701 397 3764 veltet
407 3702 568 3765 scarabaeo
584 3703 722 3786 quodam,
742 3712 792 3765 aut
807 3702 989 3781 cautlraride,
1006 3703 1052 3768 vel
1069 3705 1219 3791 bupreste,

45 3805 126 3890 quod
150 3813 202 3866 est
221 3801 327 3865 inserti
351 3803 492 3888 quoddam
513 3825 625 3889 genus,
659 3826 693 3867 ae
714 3805 808 3868 solido
830 3805 975 3870 eeclesiae
1001 3807 1136 3890 dogmate
1159 3805 1221 3869 dei·

43 3930 102 3992 que
128 3906 247 3970 virtute
271 3907 422 3969 eorrlraoto
445 3906 479 3969 ad
497 3905 687 3991 insequentes
709 3907 848 3971 haereses
870 3929 935 3972 oum
955 3910 1057 3972 eodem
1075 3908 1120 3972 dei
1136 3927 1220 3993 prae·

43 4011 125 4074 sidio
152 4021 354 4073 transeamus.

43 4219 75 4270 ιδ
87 4219 187 4271 eaden
199 4231 274 4268 mauu
286 4215 328 4268 red
341 4217 412 4268 maro
425 4219 500 4270 eotoee
514 4218 622 4283 nepteo,
654 4215 703 4284 τῆς
717 4217 773 4284 veie
809 4214 836 4270 le
850 4213 881 4272 dl
895 4215 930 4286 τῇ
948 4210 1076 4286 baldum
1098 4218 1220 4286 Μιῆι.

43 4283 85 4342 ’ὅτι
100 4287 127 4342 ei
142 4281 304 4345 ἀναστάντες
319 4283 360 4338 tat
372 4285 421 4351 τῆς
436 4285 548 4352 Χριστοῦ
563 4283 622 4342 rive·
657 4287 700 4342 5uv
713 4285 752 4354 τῷ
772 4283 856 4351 lquavi.

44 4355 179 4414 ortem<
207 4353 239 4422 'tf
266 4347 369 4421 tidelm
393 4352 560 4422 πεποιήκασιν
585 4352 628 4408 iai
