3066 5016
295 283 357 346 454
718 295 1030 350 οισοτιεειεειιαιι

154 441 206 487 μς.
220 429 277 474 lm
296 413 436 498 αίρέσεων
447 411 543 497 χάριν·
555 415 607 478 ἵνα
622 411 664 497 μή
675 438 751 490 τινες
764 410 915 506 όπερβολῇ
924 413 1138 498 ’θαυμάσαντες
1147 413 1203 499 τὴν
1214 411 1304 501 άγίαν
1315 416 1360 491 είς
1370 419 1460 480 τοῦτο

296 513 467 582 όποπέσωσε
488 523 541 598 τῆς
562 517 701 599 αἱρέσεως
722 513 755 582 τό
776 515 972 602 ληρολόγημα.

164 631 268 706 ij:
382 615 497 700 Χλεόης
514 617 569 702 γάρ
594 621 654 684 έστι
675 616 709 684 τό
727 625 803 699 πᾶν,
834 621 886 684 καλ
906 626 1005 706 γραιθν
1023 617 1041 687 ό
1057 626 1172 702 μῦθος,
1204 617 1245 696 οός
1262 622 1376 699 εἰπεῖν,
1409 625 1462 702 τῆς

297 720 436 806 αίρέσεως
457 719 491 786 τό
517 719 655 807 διήγημα.
701 727 781 788 Ποία
800 722 834 787 δέ
857 747 901 797 τις
924 720 1025 808 γραφὴ
1046 720 1207 808 διηγήσατο
1233 725 1302 807 περί
1331 721 1462 799 τούτους

298 830 395 899 Ποῖος
417 831 581 910 προφητῶν
604 825 765 908 ἐπέτρεψεν
786 822 954 909 άνθρωπον
977 833 1227 910 προςκυνεῑσθαι,
1256 821 1295 889 οά
1317 822 1384 907 μὴν
1412 851 1461 910 γυ

296 935 384 991 ναῖκα
407 928 534 1012 ῑλέγεινς
576 923 741 1008 Ἐξαίρετον
768 927 822 1010 μέν
837 925 894 1012 γάρ
915 929 976 992 ἐστι
992 926 1024 992 τό
1040 933 1161 1006 σκεῦος,
1192 925 1264 991 άλλά
1280 925 1377 1012 γυνὴ,
1412 930 1463 992 καὶ

297 1028 387 1095 οόδέν
400 1026 455 1112 τήν
471 1027 564 1110 φάσιν
585 1030 827 1114 παρηλλαγμένη,
860 1027 915 1112 τήν
933 1031 965 1096 ιλέ
981 1026 1102 1115 γνοίμην
1118 1031 1170 1094 καλ
1192 1026 1245 1110 τὴν
1261 1033 1413 1112 αίσθησιν
1434 1033 1464 1094 έν

296 1138 367 1221 τιμῇ
392 1132 582 1214 τετιμημένη,
613 1130 710 1216 ὥςπερ
726 1128 763 1197 τά
778 1129 899 1214 σάματα
914 1137 975 1197 τάν
996 1127 1104 1217 άγίων,
1136 1133 1188 1196 καλ
1204 1135 1234 1196 εί
1245 1157 1274 1197 τι
1290 1130 1464 1216 περισσότε-

298 1257 352 1318 ρον
364 1231 440 1319 πρός
454 1237 627 1320 δοξολογίαν
639 1237 762 1316 είποιμι,
785 1231 827 1311 τίς
843 1231 943 1310 Ἠλίας
956 1237 989 1300 έιι
1005 1232 1117 1320 μητρός
1132 1235 1293 1316 παρθένος,
1314 1236 1371 1299 καλ
1384 1232 1463 1299 σάτα

298 1337 395 1419 μένων
411 1338 453 1413 τίς
466 1336 499 1402 τό
514 1337 659 1420 διηνεκές,
690 1339 740 1402 καλ
759 1334 1056 1419 άναλαμβανόμενος,
1085 1335 1220 1402 θάνατον
1240 1336 1273 1400 δέ
1291 1332 1350 1418 οάχ
1372 1338 1462 1422 έωρο-

296 1436 373 1515 κοίς·
396 1435 438 1515 οός
454 1436 473 1505 ό
487 1437 641 1522 Ἰωάννης,
664 1435 681 1506 ό
697 1441 746 1505 έπλ
764 1437 796 1506 τό
813 1447 930 1524 στῆθος
944 1445 998 1505 τοῦ
1011 1444 1118 1525 κυρίου
1133 1436 1308 1518 άναπεσάν,
1337 1437 1378 1504 ’όν
1393 1436 1464 1522 ἦγέ·

298 1567 342 1606 πα
359 1538 378 1606 ό
393 1539 522 1625 Ἰησοῦς·
546 1538 588 1618 οἷς
605 1543 701 1608 Θὲκλα
718 1539 836 1628 ήάγία,
864 1545 916 1608 καί
934 1540 1076 1628 Μαρίαὴ
1094 1543 1159 1607 ’ἔτι
1174 1540 1284 1623 ταότης
1301 1543 1464 1624 τιμιωτέρα

299 1643 334 1710 δι’
352 1642 390 1726 ἢν
406 1648 583 1726 κατηξίωται
601 1648 781 1728 οἰκονομίαν.
821 1643 894 1710 Ἀλλ
915 1643 984 1712 οὔτε
998 1643 1098 1722 Ἠλίας
1115 1641 1330 1731 προςτυνητός,
1355 1649 1465 1726 καίπερ

299 1749 332 1812 έν
345 1752 434 1825 ζῶσιν
449 1745 505 1812 άν·
538 1745 606 1812 οὔτε
616 1746 758 1830 Ἰωάννης
774 1745 992 1831 προςκυνητός,
1024 1752 1076 1814 καί
1092 1750 1140 1815 τοί
1155 1772 1188 1834 γε
1206 1743 1257 1812 διά
1274 1749 1355 1822 ίθίας
1376 1745 1466 1828 effic

298 1846 355 1932 τὴν
374 1852 512 1931 κοίμησον
539 1848 634 1916 αὐτοῦ
655 1853 820 1932 ίκπληκτον
845 1849 1102 1935 άπεργασάμενος,
1136 1855 1246 1932 μᾶλλον
1267 1849 1300 1914 όέ
1324 1849 1361 1913 ίιι
1387 1855 1466 1912 θεοῦ

298 1947 399 2034 λοβόν
413 1949 467 2032 τόν
483 1949 574 2035 χάριν.
617 1949 686 2018 Ἀλλ’
705 1950 774 2018 οὔτε
789 1949 809 2036 ἡ
826 1953 940 2032 Θέκλα,
963 1950 1030 2019 οότε
1043 1979 1088 2028 τις
1104 1959 1164 2018 τάν
1179 1947 1273 2037 άγίων
1287 1958 1467 2032 προςτυνεῑ·

299 2079 357 2119 ται.
403 2053 449 2119 Οά
477 2053 533 2139 γάρ
560 2053 709 2139 κυριεύσει
733 2052 819 2138 ἡμῶν
839 2052 860 2137 ἦ
879 2051 987 2140 άρηαία
1010 2053 1123 2138 πλάνη,
1154 2051 1392 2136 καταλιμπάνειν
1414 2050 1467 2118 τόν

299 2162 408 2235 ζῶντα,
436 2159 486 2222 καί
504 2167 680 2241 προςκυνεῑν
694 2155 730 2222 τά
749 2155 800 2222 ὑπ’
817 2155 911 2224 αότοῦ
926 2155 1074 2244 γεγονότα.
1115 2153 1309 2240 Ἐλάτρευσαν
1329 2154 1392 2240 γάρ
1413 2158 1465 2220 παλ

300 2256 507 2342 ἐσεβάσθησαν
520 2267 557 2350 τῇ
571 2264 661 2325 κτίσει
675 2257 757 2343 παρά
769 2258 822 2326 τόν
838 2264 987 2339 κτίσαντα,
1008 2262 1059 2325 καλ
1076 2257 1301 2344 ἐμωράνθησαν.
1346 2260 1396 2322 Et
1409 2257 1466 2344 γάρ
1526 2339 1527 2342 ¹

300 2357 442 2448 άγγέλους
464 2371 698 2447 προςκυνεῖσθαι
719 2361 755 2428 οὗ
773 2364 869 2443 θέλει,
896 2360 981 2452 πόσρι
999 2368 1108 2445 μᾶλλον
1130 2359 1184 2445 τὴν
1206 2359 1267 2426 άπό
1284 2358 1403 2444 ’Ἀννης
1420 2385 1466 2446 γε-
1526 2357 1527 2406 Ῑ

301 2465 490 2550 γεννημένην,
511 2463 566 2547 τὴν
582 2467 616 2530 έκ
632 2470 685 2530 τοῦ
695 2465 834 2546 Ἰωακελμ
850 2473 888 2556 τῇ
897 2463 994 2553 ’Ἀννᾳ
1010 2465 1225 2551 θεόωρημένην,
1248 2461 1302 2545 τὴν
1316 2461 1352 2527 δι’
1375 2460 1466 2546 εάῑῆς
1526 2459 1527 2472 ἢ

300 2569 353 2633 παλ
366 2566 464 2649 πάσης
481 2569 644 2649 ἐπιμελείας
665 2564 741 2634 κατά
763 2571 936 2654 ἐπαγγελίαν
951 2569 1040 2651 πατρλ
1063 2568 1115 2632 καλ
1129 2567 1217 2652 μητρί
1234 2569 1398 2644 δοθεῖσαν,
1429 2562 1466 2630 ου’

300 2669 355 2751 μὲν
369 2669 475 2754 ἑτέρως
491 2671 701 2754 γεγεννημένην
717 2668 798 2753 παρά
813 2669 938 2753 τὴντῶν
953 2669 1126 2753 άνθροίπων
1141 2668 1243 2750 φάσιν,
1265 2665 1338 2733 άλλά
1354 2666 1466 2742 τεαθάς
1526 2717 1527 2732 ,

301 2769 412 2848 πάντες
439 2775 485 2838 in*
494 2773 660 2855 σπέρματος
685 2769 795 2856 άνιλρός
816 2773 867 2838 καί
890 2770 1004 2859 μήτρας
1024 2770 1184 2857 γυναικόςς
1227 2773 1270 2835 Εί
1290 2767 1345 2855 γάρ
1371 2768 1466 2853 καλά

301 2881 355 2958 τῆς
371 2877 494 2960 Μαρίας
509 2876 621 2960 ἱστορία
635 2876 687 2938 καλ
702 2872 882 2958 παραδόσεις
906 2877 1023 2958 ἔχουσιν
1042 2873 1088 2940 ότι
1106 2876 1216 2960 έρρέθη
1240 2880 1282 2962 τρῖ
1298 2875 1393 2956 πατρλ
1413 2874 1466 2938 αθ-

301 2983 354 3061 τῆς
368 2975 506 3058 ’Ῑωαιιελμ
524 2977 556 3040 έν
570 2983 605 3066 τῇ
622 2976 720 3066 έρήμρι
736 2977 798 3056 ότι,
819 2974 855 3042 Ἡ
869 2977 946 3063 γυνή
959 2997 1016 3042 σου
1031 2984 1234 3060 συνειληφυία,
1256 2975 1312 3058 σιἐχ
1330 2973 1378 3041 ότι
1395 2974 1466 3040 άτευ

302 3083 440 3165 συζυγίας
465 3085 552 3144 τοῦτο
576 3080 707 3164 έγένετο,
732 3079 804 3145 οόθλ
828 3079 874 3145 ὅτι
899 3075 972 3144 άνευ
992 3080 1161 3166 σπέρματος
1184 3075 1311 3162 άνιλρός,
1342 3075 1464 3143 άλλάτό
1526 3087 1527 3108 ¹

303 3183 406 3266 μέλλον
427 3184 549 3248 έσεσθαι
564 3179 807 3308 προεθέσπιζενο
821 3180 941 3268 άγγελος
957 3180 1143 3261 άποσταλελς,
1164 3185 1215 3248 ίνα
1230 3179 1273 3264 μή
1287 3206 1333 3256 τις
1347 3181 1465 3266 γένηται

302 3282 477 3369 θισταγμός,
500 3283 600 3351 ιλιά
567 3310 601 3350 το
623 3287 654 3351 έν
675 3285 802 3372 άληθείρι
823 3287 1051 3371 γεγεννημένον,
1082 3287 1133 3350 καλ
1149 3311 1183 3350 το
1175 3283 1234 3350 ἐκ
1250 3289 1330 3349 θεοῦ
1344 3281 1406 3366 ἤδη
1424 3309 1463 3349 τε-
1526 3287 1527 3404 ί

303 3387 467 3474 ταγμένον,
489 3390 540 3454 καλ
561 3394 603 3476 τῷ
626 3391 731 3477 όικαίμ
754 3389 1020 3475 έπιγεγεννημένον.

167 3825 219 3922 ku.
233 3815 291 3861 ινιτ.
391 3798 452 3862 Καλ
474 3794 571 3878 πάντη
589 3794 642 3872 τάς
658 3795 777 3882 γραφάς
795 3794 912 3882 όρωμεν
935 3797 1139 3881 διηγουμένας.
1181 3791 1358 3871 Ἠσαίας
1319 3822 1378 3881 γαρ
1393 3819 1463 3880 προ-

194 3885 235 3935 φ
253 3887 286 3929 ³
304 3898 441 3986 κηράττει
462 3900 531 3982 περλ
555 3903 615 3963 τῶν
632 3897 793 3982 μελλόντων
816 3899 911 3976 είς
878 3925 931 3966 τον
946 3897 1012 3967 υίόν
1026 3905 1080 3964 τοῦ
1098 3905 1175 3964 θεοῦ
1190 3905 1402 3983 πληροῦσθαι,
1421 3897 1462 3961 λέ·
1526 3939 1527 3978 ,

304 4027 380 4088 γων,
409 4001 486 4068 Ἰόοό
503 4029 523 4084 η
515 3998 693 4084 ’παρθένος
715 4005 745 4067 έν
766 4005 867 4087 γαστρί
890 4005 961 4082 έξει,
990 4003 1040 4068 καλ
1065 4003 1173 4079 τέξεται
1198 3999 1283 4081 υίόν,
1313 4003 1366 4065 καλ
1383 4000 1527 4066 καλέ·

304 4125 391 4172 σουσι
405 4103 439 4172 τό
459 4105 554 4189 ὄνομα
571 4104 665 4171 αὐτοῦ
679 4101 881 4188 Ἐμμανουηλ
913 4107 963 4170 καλ
983 4101 1085 4187 ἐπειδη
1103 4095 1292 4188 παρθένος
1270 4130 1309 4186 ην
1325 4129 1347 4185 η
1363 4127 1460 4188 γεννη-
1526 4119 1527 4168 3

304 4229 395 4286 σασα,
426 4209 477 4274 καλ
498 4205 614 4283 θεόςρ
596 4233 612 4272 ο
630 4203 734 4289 μεθ
713 4233 799 4289 ημων
816 4205 1048 4291 ἑρμηνευόμενος
1064 4209 1097 4272 έν
1112 4207 1230 4293 γυναικί
1251 4205 1459 4287 κυλσιιάμενσς·

303 4313 355 4375 ἵνα
372 4306 414 4392 μὴ
429 4312 460 4375 έν
479 4313 628 4399 δισταγμρῖ
645 4307 788 4386 όπονοίας
804 4315 846 4398 τῷ
860 4309 1000 4400 προφήτη
1016 4311 1135 4395 γένηται
1148 4307 1170 4391 ἦ
1184 4306 1329 4392 ἀλήθεια,
1360 4305 1460 4396 όρᾷέν

305 4409 422 4497 όράσει,
452 4414 503 4477 καλ
519 4415 660 4497 διηγεῖται
676 4414 710 4477 έκ
726 4412 894 4495 πνεύματος
909 4409 997 4500 άγίου
1014 4409 1247 4501 άναγκαζάμενος
1261 4407 1280 4476 ό
1294 4409 1457 4498 προφήτης,
1526 4455 1527 4492 ,

340 4550 399 4602 Gn.
414 4551 445 4604 V·
466 4579 496 4592 -
532 4551 555 4603 ί.
572 4557 608 4604 λα
624 4553 722 4615 [σείσειε
741 4553 843 4624 σεβεῖνλ
