3058 5014
288 353 426 408 causan
445 351 952 409 nrumrnrooar,assamur.
1137 335 1201 402 me

48 475 103 555 lcs,
128 495 194 540 com
211 475 239 539 ei
254 475 302 561 qni
318 497 335 539 e
352 474 443 540 nihilo
462 477 590 540 condidit
607 475 762 555 universe,
788 488 817 538 et
835 473 870 536 cd
890 493 978 560 unum
1000 471 1129 556 perlecto
1149 489 1200 532 ea·

47 578 104 642 dem
124 578 277 642 elaborare
296 577 346 642 illa
365 589 480 664 potest,
513 579 620 664 quique
644 578 750 643 nullius
775 575 949 641 incrementi
974 585 1003 638 et
1018 570 1200 638 accessionis

46 691 124 766 eget,
159 690 190 744 et
213 681 262 744 illa
286 680 400 765 legibus
421 682 484 746 suis
509 703 545 745 uc
569 681 699 746 decretis
725 679 902 757 adstrinxit,
942 675 1062 741 verbum
1087 673 1200 759 affingis

43 781 220 862 istiusmodi,
246 787 322 868 quod
341 797 527 869 augmentum
546 783 707 848 divinitatis
723 781 872 859 admittat,
899 801 993 865 neque
1009 779 1112 843 saltem
1134 797 1199 841 eum

44 885 147 949 creatis
165 885 201 948 ab
221 887 285 972 ipso
310 886 398 952 rebus
421 888 576 972 adaequari
599 887 722 971 pateris.
767 883 850 970 Ques
871 905 935 948 cum
956 884 1102 969 perlectus
1116 879 1201 944 initio

42 989 245 1073 absolutosque
267 989 384 1054 maditus
403 1000 473 1067 est,
512 1001 571 1054 tum
597 1011 671 1074 quae
699 1011 739 1054 ex
763 988 835 1074 ipsis
860 986 1001 1072 pullulant
1026 982 1199 1048 accessione

43 1113 109 1176 opus
127 1089 237 1156 babere
253 1091 414 1177 supientiae
431 1114 503 1157 suae
520 1093 640 1157 decreto
657 1091 825 1171 constituit3
858 1087 1021 1154 cuiusmodi
1037 1095 1106 1150 suot
1123 1103 1199 1170 quac

41 1193 176 1280 deinceps
193 1204 260 1258 nata
276 1204 361 1273 suot,
397 1207 615 1280 nascunturque
641 1195 789 1280 quotidie,
824 1193 914 1257 veluti
936 1190 1069 1267 coelum,
1103 1195 1216 1266 terre,'

44 1317 131 1382 equa,
166 1303 236 1375 aer,
272 1297 335 1375 sol,
370 1297 476 1377 lunue,
510 1298 625 1375 sidera,
661 1309 783 1383 etquae
806 1315 844 1360 cx
871 1294 955 1380 aquis
975 1294 1126 1365 oriuntur,
1161 1290 1198 1354 ad

39 1399 128 1483 ipsum
151 1399 297 1462 bominem
319 1420 424 1483 usque.
471 1399 564 1486 lgitur
588 1421 683 1486 neque
710 1400 824 1464 eoelum
847 1397 1070 1483 imperiectum,
1102 1411 1199 1476 neque

40 1511 143 1564 terram
163 1523 296 1566 maricam
313 1501 516 1588 deiectamque
533 1503 677 1582 condidit,
709 1504 761 1566 sed
778 1503 935 1588 perlectam
952 1499 1045 1576 banc,
1077 1495 1198 1582 perinde

38 1615 122 1688 atque
148 1605 283 1682 coelum,
320 1605 436 1670 tametsi
462 1607 580 1670 minime
609 1606 816 1691 aspectabilem
842 1604 934 1689 ipsam
961 1599 1199 1682 inconditumquc

36 1705 204 1784 fabricarit,
240 1718 361 1794 propter
378 1709 589 1794 expolitionem
606 1719 636 1774 et
653 1703 787 1773 ornatum
808 1707 887 1771 illum
912 1726 997 1790 quem
1014 1702 1199 1789 postmodum

35 1820 99 1872 crat
115 1811 296 1874 ellecturus:
328 1811 381 1875 scd
400 1823 428 1874 et
447 1833 550 1898 aquam
576 1833 611 1875 ae
633 1812 732 1876 lumeu
754 1811 825 1874 illud
849 1819 917 1873 unte
938 1805 1036 1871 omnia
1060 1823 1198 1890 procrea·

34 1924 91 1976 tum
108 1912 220 1994 edidit,
244 1934 278 1975 ac
299 1934 352 2000 per
366 1935 488 1994 verunt,
520 1915 683 1979 increatum
700 1937 735 1978 ae
751 1913 840 1978 vitale
857 1912 954 1976 lumen
973 1910 1110 1974 universe
1130 1928 1197 1993 pro·

33 2015 135 2094 duxit3
162 2026 223 2080 tum
239 2016 353 2080 demum
370 2028 482 2096 cetera,
506 2037 581 2102 quae
597 2029 706 2081 eterra
721 2026 929 2102 propagantur,
952 2012 1071 2077 udiecit.
1116 2013 1198 2075 Ante

31 2119 131 2182 omnin
151 2139 227 2182 vero
247 2119 463 2183 lirmamentum
488 2120 581 2206 ipsum
599 2122 731 2201 crearit,
771 2117 883 2182 llnrum
903 2117 1031 2182 omnium
1049 2135 1137 2201 porro
1154 2111 1199 2176 ni·

31 2219 69 2282 bil
83 2219 313 2306 imperfectum,
337 2222 390 2286 sed
407 2222 541 2288 absoluta
558 2222 656 2287 omnia
675 2222 833 2286 constituta
850 2235 930 2285 suun.
976 2223 1129 2291 Producat,
1153 2215 1198 2279 in·
1217 2227 1276 2272 uas.
1289 2225 1310 2282 ¹.
1319 2225 1351 2271 tt

28 2323 108 2404 quit,
135 2335 216 2386 terra
229 2327 344 2388 derbem
360 2330 494 2388 verentem
511 2332 652 2389 semrirone
668 2348 761 2388 remen
777 2328 817 2386 ud
832 2328 1042 2386 simulitudinem
1058 2326 1088 2383 in
1105 2331 1195 2393 terro,

27 2436 56 2483 ct
75 2429 193 2506 legnani
211 2429 415 2510 sructchrum,
454 2435 536 2492 cuim
557 2451 649 2492 semen
677 2433 706 2490 in
731 2433 791 2509 ipso
815 2431 855 2489 se't
873 2431 912 2490 cd
935 2428 1144 2489 seinilitudeircm
1168 2426 1198 2506 in

26 2535 118 2589 terre.
171 2529 432 2595 animadvertisne
447 2553 534 2617 quam
553 2531 659 2596 nullam
677 2529 800 2595 subinde
817 2551 890 2614 qnae
909 2530 1046 2614 producte
1064 2536 1134 2590 suut
1149 2545 1199 2590 ac-

26 2631 200 2696 cessionem
217 2631 490 2720 increscentemque
510 2634 762 2711 desideraverint,
786 2635 837 2698 sed
855 2632 951 2711 virili,
986 2643 1017 2694 ut
1034 2629 1073 2693 ita
1091 2629 1198 2705 dicam,

24 2733 141 2796 robore
162 2733 313 2818 praedita,
327 2749 332 2780 ·'
346 2745 377 2798 et
391 2737 488 2800 adulte
514 2739 612 2801 statim
641 2736 686 2800 dei
714 2737 851 2800 mandatu
874 2733 1055 2822 prodierint?
1099 2727 1201 2814 Quae·

24 2855 159 2920 cumque
175 2855 250 2900 vero
267 2836 374 2900 bomini
392 2839 523 2904 subiecta
539 2851 625 2920 sunt,
651 2851 701 2904 out
717 2840 817 2904 insunt
834 2839 863 2903 in
881 2859 935 2916 eo,
959 2836 1023 2900 solo
1039 2833 1134 2898 adbuc
1151 2853 1200 2898 se-

22 2937 105 3000 mine
124 2948 295 3017 courtenta,
321 2941 444 3004 necdum
461 2944 591 3027 perlecta
610 2943 687 3006 illius
703 2941 862 3006 dominatui
881 2940 1038 3004 commissa
1056 2948 1141 3016 suntq
1167 2947 1200 3001 ut

22 3039 46 3100 is
63 3039 150 3104 bene
167 3041 255 3104 dese
273 3042 408 3107 meritum
436 3043 575 3128 ignorare
594 3067 652 3108 non
678 3057 779 3131 posset
802 3045 850 3129 qui
866 3056 896 3108 ct
910 3043 999 3107 rebus
1016 3041 1152 3106 omuibus
1167 3051 1199 3104 ut

17 3143 79 3205 sint
97 3142 293 3228 impertitur,
327 3155 356 3208 et
371 3145 508 3209 omnibus
530 3147 666 3231 superior
684 3159 746 3227 est,
778 3169 813 3211 ac
835 3147 951 3232 singula
969 3166 1059 3232 opera
1075 3165 1127 3210 sue
1146 3163 1199 3229 pro

17 3243 99 3310 illius
125 3247 401 3332 opportunitatibus
424 3249 642 3334 commodisque
665 3250 829 3334 diiungitur.

109 3351 157 3414 ll.
208 3345 408 3431 Quamobrem
441 3351 556 3415 occulta
582 3373 678 3415 rerum
696 3351 808 3416 semina
825 3354 1024 3417 continentem
1043 3350 1069 3414 ei
1088 3361 1198 3413 terram

16 3452 163 3529 tradidit,
191 3473 313 3537 eamque
334 3455 513 3517 fundamenti
532 3475 566 3516 ac
586 3454 678 3533 basis,
704 3467 735 3518 nt
753 3456 793 3518 ita
811 3457 916 3533 dicam,
942 3455 1007 3518 vice
1023 3453 1196 3534 substravit,

14 3575 48 3618 ac
64 3555 164 3620 velut
181 3555 333 3618 matricem
358 3556 479 3636 obtulit,
505 3566 536 3620 ut
552 3579 627 3641 quae
644 3557 680 3620 ab
699 3557 735 3622 iis
755 3559 843 3622 rebus
863 3569 1023 3643 propagata
1043 3569 1111 3622 sunt
1124 3579 1197 3643 quas

12 3659 87 3722 deus
107 3658 272 3744 perlectas
293 3660 450 3744 produxit,
483 3681 548 3724 cum
568 3660 650 3724 velut
675 3661 787 3724 semina
804 3663 944 3745 quaedam
962 3663 1080 3748 proprio
1097 3661 1197 3726 labore

11 3772 39 3823 et
60 3760 226 3824 industria
243 3759 272 3822 in
292 3771 401 3825 terram
418 3762 605 3848 deposuerit,
640 3762 802 3827 cuiusmodi
822 3774 891 3828 surrt
910 3764 1047 3829 arborum
1067 3785 1101 3828 ue
1118 3775 1197 3827 cete-

8 3887 119 3928 rorurn
144 3863 443 3946 idgenussemina,
477 3889 541 3930 cum
563 3867 653 3944 buce,
685 3867 823 3951 iuquam,
855 3867 1022 3952 singillatim
1042 3865 1198 3930 velutcal·

9 3969 112 4030 culum
134 3989 157 4030 a
183 3966 324 4050 perlectis
339 3968 395 4031 illis
412 3968 551 4055 operibns
566 3979 714 4034 nnnnntns
730 3971 758 4033 in
777 3983 885 4034 terram
904 3970 1073 4046 demiserit,
1098 3990 1197 4054 aper-

8 4073 90 4134 leeto
112 4071 185 4132 deo
203 4069 417 4133 incrementum
441 4071 603 4155 accipiant,
636 4071 832 4157 paulatimque
854 4093 929 4155 quae
955 4073 1003 4134 ille
1028 4073 1198 4136 conseverit

7 4176 221 4251 malesessum
258 4193 295 4234 ue
322 4174 348 4237 si
372 4175 450 4238 illurn
477 4175 589 4260 ipsum,
606 4161 707 4238 ‘cuius
735 4175 790 4238 isto
819 4175 963 4237 benedicio
990 4187 1193 4254 succrescunt,

35 4415 61 4470 9.
84 4411 253 4480 εὑρίσκεται
270 4415 337 4464 codd.
354 4427 408 4465 mss.
426 4419 527 4479 uterquc.
555 4411 596 4469 cd·
631 4421 680 4466 tem
697 4419 779 4478 scripte·
794 4429 866 4478 quem
883 4417 947 4466 ectri.

1 4487 157 4549 σίπεσὲαι
178 4483 247 4531 editt.
669 4485 708 4535 ll.
726 4479 797 4546 ξύλον
817 4486 929 4534 mendum
950 4489 1093 4551 tppoffoptt
1114 4492 1198 4555 reputor

37 4557 79 4606 ru.
123 4546 346 4622 proserpentem
378 4553 460 4604 citiore
494 4553 600 4605 remeent
634 4555 659 4603 tn
675 4554 713 4602 ed.
731 4555 811 4604 Petro.
832 4555 911 4606 caton.
927 4559 999 4620 repet.
