3068 5008
507 285 833 341 nuncnrnnnanosra.
1191 283 1251 349 581

87 398 144 463 nili
164 400 287 484 quadam
305 403 415 468 ferocia
438 403 502 468 ansi
524 417 602 470 sunt.
648 407 728 487 Alii,
763 409 811 494 qui
829 409 1002 476 audaciores
1021 411 1177 493 videntur,
1213 435 1253 480 ex

86 501 301 567 catholicorum
328 507 458 592 partibus
476 509 588 592 privata
603 509 658 573 sibi
684 512 811 575 lectione
831 514 956 578 conflata
972 525 1090 599 practer
1107 517 1253 581 ecclesiae

86 601 344 686 consuetudinem,
369 633 404 676 ac
421 610 494 680 citra
510 612 659 695 generalis
676 613 792 678 concilii
807 616 957 679 decretum
975 637 1027 680 cos
1044 619 1092 702 qui
1110 619 1146 680 ab
1162 619 1253 682 Aria-

85 711 138 774 nis
155 711 189 774 ad
212 732 282 775 snas
305 723 404 798 partes
429 725 582 778 transeunt
601 716 706 779 iterum
730 717 879 803 baptizare
903 718 975 782 nihil
996 731 1155 800 verentur,
1187 744 1252 788 cum

2 851 3 880 ;
83 814 218 878 nondum
236 837 271 879 ea
289 837 350 896 res,
374 826 407 880 nt
423 817 505 896 dixi,
529 818 706 883 universalis
725 820 830 906 synodi
848 821 956 884 iudicio
974 822 1073 886 decisa
1094 825 1151 903 sit3
1175 827 1252 908 quod

2 957 3 964 .
84 917 184 980 adlmo
201 919 296 1004 populi
313 918 479 1003 promiscue
496 921 529 982 ad
548 920 718 986 hodiernum
736 943 828 1007 usque
845 935 958 1010 tempus
977 925 1151 1006 habeantur,
1175 927 1253 992 inter

84 1041 164 1104 quos
188 1021 269 1086 rnnlti
288 1021 402 1104 quidem
423 1033 493 1086 sunt
509 1023 660 1104 catholioi3
691 1025 743 1089 sed
761 1027 827 1089 licta
846 1048 880 1090 ac
897 1048 950 1112 per
969 1027 1184 1092 simulationem
1204 1051 1252 1094 sa·

84 1125 240 1187 cerdotum
267 1125 471 1188 auctoritatem
498 1137 677 1210 sequuntur,
711 1129 805 1192 donee
829 1130 998 1194 execranda
1027 1131 1074 1193 illa
1107 1141 1188 1196 secta
1214 1134 1250 1196 ab

82 1227 233 1292 ecclcsiae
249 1228 400 1292 consortio
413 1239 600 1313 segregetur,
624 1241 657 1294 nt
672 1241 741 1294 tunc
755 1231 862 1315 aliquid
882 1233 917 1295 de
933 1232 982 1295 illa
997 1242 1154 1297 statuatur.
1201 1233 1251 1298 Ex

2 1372 3 1380 .
83 1331 124 1394 iis
143 1331 190 1415 qni
206 1342 309 1417 suapte
335 1331 510 1395 auctoritate
527 1333 632 1396 iterum
651 1333 705 1397 hoc
725 1335 811 1398 modo
828 1333 980 1420 baptizant
999 1336 1085 1400 audio
1105 1337 1251 1421 queurdam

85 1435 116 1498 in
134 1431 228 1520 Lycia
248 1433 451 1521 presbyterum
478 1455 558 1498 esse.
605 1432 665 1500 Sed
690 1448 720 1500 et
747 1438 812 1502 aliis
837 1437 867 1502 iu
892 1437 965 1502 locis
989 1439 1178 1524 reperiuntur
1200 1439 1250 1504 alii

85 1536 136 1620 qui
157 1538 323 1621 singillatim
341 1559 376 1602 ac
393 1539 521 1624 separati
540 1559 644 1624 preces
661 1539 788 1618 obeunt,
821 1552 851 1603 et
871 1541 1049 1624 reliquorum
1068 1543 1250 1606 communic-

85 1663 154 1704 nem
181 1663 296 1706 omnem
329 1653 483 1728 respuunt.
544 1643 605 1706 Alii
630 1643 747 1706 collaria
772 1642 828 1705 sibi
853 1653 972 1728 praeter
998 1644 1143 1707 ecclesiae
1167 1645 1249 1728 leges

58 1745 250 1808 innectunt.
297 1742 393 1828 Quam
415 1746 452 1810 cb
478 1767 610 1810 caussam
635 1745 862 1830 disputationem
884 1767 999 1808 omnem
1025 1745 1077 1810 hec
1100 1747 1249 1811 sententia

83 1848 235 1927 conclusi,
270 1852 506 1912 Adulescentulus
522 1871 583 1911 esce
596 1852 676 1911 nullo
695 1869 811 1910 numero
827 1851 1059 1930 comprehensum
1092 1871 1166 1933 quae
1189 1850 1248 1936 pri-

83 1962 155 2016 vato
174 1950 298 2015 consilio
315 1952 455 2016 audacter
477 1951 697 2040 insolenterque
717 1971 750 2014 se
767 1962 891 2034 gerunt,
925 1973 983 2014 non
1006 1962 1037 2014 ut
1054 1949 1124 2014 boni
1140 1952 1247 2036 aliquid

2 2101 3 2104 ,
82 2066 322 2138 concoquantur,
347 2065 399 2118 ant
415 2053 577 2140 sapientiae
593 2053 621 2115 in
639 2073 707 2117 scae
726 2073 820 2138 genus
842 2051 959 2136 aliquod
977 2054 1145 2138 expoliant,
1178 2065 1248 2137 puta

82 2158 275 2243 prudentiae,
308 2157 505 2236 tortitudinis,
536 2156 767 2241 temperantiae,
792 2155 933 2219 institiae.
980 2153 1105 2239 anex
1124 2177 1246 2220 numero

81 2261 240 2347 tyrannico
267 2281 349 2324 more
375 2260 517 2344 quaedam
547 2259 727 2338 clleruntur,
762 2269 847 2343 atque
872 2278 889 2320 a
917 2258 1043 2322 veritate
1075 2258 1244 2340 dellcctunt,

79 2363 165 2428 nullo
188 2374 218 2427 nt
242 2385 364 2428 numero
388 2362 532 2428 contineri
556 2362 680 2446 possint.

169 2467 211 2530 At
228 2468 596 2547 cognominandum
613 2476 771 2548 sanctaque
789 2463 874 2548 virgo
893 2465 977 2527 deum
995 2465 1168 2542 confitetur,
1193 2484 1245 2549 pa·

78 2583 158 2634 trem
181 2579 211 2632 et
234 2570 321 2634 filium
344 2580 374 2633 et
395 2569 527 2654 spiritum
547 2579 698 2648 sanetum,
729 2577 842 2654 patrem
860 2569 1039 2652 perlectum,
1073 2566 1160 2630 lilium
1178 2586 1246 2651 per-

78 2677 209 2750 fectum,
241 2675 401 2758 perlectum
430 2671 562 2757 spiritum
586 2681 737 2749 sanctum,
770 2668 1047 2734 consubstantialem
1068 2668 1242 2732 trinitatem.

80 2774 145 2840 Sed
161 2776 247 2839 filium
264 2795 337 2839 vere
353 2795 369 2838 a
388 2783 468 2859 patre
484 2775 627 2858 genitum,
651 2785 681 2837 et
694 2773 828 2859 spiritum
845 2785 977 2837 sanctum
994 2792 1011 2834 a
1026 2781 1107 2857 patre
1127 2771 1244 2855 filioque

78 2900 143 2944 non
162 2878 307 2958 alienum,
340 2877 517 2954 trinitatem,
549 2878 684 2961 inquam,
716 2897 790 2960 quae
816 2895 933 2960 semper
953 2875 1009 2952 sit,
1041 2895 1136 2958 neque
1158 2873 1243 2936 ullum

77 2981 286 3046 accessionem
307 2981 419 3066 capiat,
445 3000 540 3062 neque
558 2979 710 3064 quicquam
730 2979 759 3042 in
777 2999 845 3043 sese
865 2978 988 3041 interius
1007 2976 1129 3055 habeat,
1155 2997 1244 3060 quae-

76 3105 139 3170 que
156 3085 189 3146 ad
211 3083 388 3166 singularem
413 3083 553 3145 unitatem
577 3081 752 3164 unicumque
778 3081 823 3144 dei
841 3102 876 3144 ae
894 3078 984 3165 patris
1002 3079 1175 3165 principium
1195 3099 1243 3142 re·

75 3191 205 3252 teratur.
252 3185 299 3249 Ab
315 3186 416 3248 eadem
435 3185 584 3264 trinitate,
617 3194 717 3269 patre,
749 3183 809 3245 lilio
826 3193 855 3246 et
873 3183 976 3264 spiritu
994 3193 1116 3260 sancto,
1140 3193 1242 3245 creata

76 3311 149 3356 esse
169 3298 290 3368 cuncta,
324 3308 396 3372 quae
420 3286 575 3371 aliquando
594 3307 651 3348 non
673 3287 850 3364 extiterant,
884 3305 979 3370 neque
999 3307 1063 3349 cum
1083 3287 1139 3348 deu
1160 3295 1240 3363 sunt,

77 3413 139 3458 nec
156 3402 225 3456 ante
245 3393 378 3470 lucrant,
403 3391 455 3454 sad
473 3409 489 3453 e
508 3389 598 3452 nihilo
615 3389 720 3473 aliquid
738 3409 805 3452 osse
823 3399 1000 3474 coeperunt,
1024 3398 1156 3474 epatre,
1181 3387 1241 3452 lilio

75 3507 243 3578 sanctoque
257 3493 361 3579 spiritu
378 3494 528 3579 producta.
575 3490 662 3556 llunc
678 3491 772 3576 ipsum
785 3502 895 3576 patrem
912 3503 942 3555 et
957 3491 1045 3554 lilium
1063 3501 1093 3555 et
1107 3491 1241 3577 spiritum

74 3609 232 3675 sanctum,
261 3596 371 3660 sanctis
395 3595 458 3659 suis
476 3616 528 3680 per
546 3595 639 3658 visum
657 3594 847 3680 apparuisse,
878 3607 1016 3680 quantum
1034 3617 1141 3681 capere
1161 3595 1241 3680 quis-

77 3721 137 3786 que
156 3709 287 3784 poterat,
312 3719 347 3762 ac
367 3718 471 3784 proco
488 3697 883 3762 aconilibetcommunioata
905 3718 957 3784 per
973 3699 1154 3762 divinitatem
1172 3717 1240 3781 gra-

78 3805 121 3867 tia
137 3813 195 3881 est,
220 3823 305 3887 quam
322 3802 358 3865 iis
372 3801 507 3865 omnihus
525 3801 572 3885 qui
589 3799 778 3864 merebantur
795 3799 946 3886 impertiit.
983 3797 1024 3862 lta
1043 3800 1135 3886 patris
1154 3819 1239 3884 aspe-

112 4075 137 4130 9.
156 4075 185 4140 ἑξ
203 4067 238 4130 ὦν
254 4092 301 4127 non
318 4080 448 4140 cpnoacunt
463 4077 531 4126 codd.
548 4090 603 4128 mas.
621 4079 643 4126 et
674 4090 728 4126 maa.
746 4083 767 4127 et
781 4078 836 4128 edlt.
850 4077 925 4138 princ.
943 4065 1142 4139 προῦπάρξαντα,
1171 4069 1238 4140 γινό-

74 4149 134 4199 eda't.
149 4149 226 4209 princ.
676 4160 739 4209 peon
753 4147 806 4195 tdr't.
822 4147 914 4207 Peleu,
932 4159 961 4194 ec
977 4145 1081 4194 Pcnortc
1094 4157 1152 4206 pap.
1168 4139 1237 4195 1096.

117 4215 154 4264 10.
172 4207 300 4278 ἀληθινῶς
314 4209 344 4264 ἐκ
360 4209 456 4277 πατρὸς
474 4214 524 4264 cod
542 4214 640 4276 llledtp.
711 4213 750 4263 ta.
768 4209 832 4266 citou
847 4217 960 4266 emtarum
984 4217 1016 4262 tat
1036 4215 1062 4262 tn
1085 4213 1140 4261 edtt.
1155 4211 1237 4263 Petuu.

114 4282 153 4334 ll.
172 4276 205 4334 nd
226 4283 238 4296 ⁸
254 4283 308 4330 edtt.
327 4283 408 4331 Pctou.
677 4283 755 4332 Coton.
772 4288 842 4344 repet.

115 4349 154 4402 tt.
174 4348 219 4402 der
230 4349 290 4401 citou
306 4349 369 4399 edtta'.
398 4348 542 4414 κεκτῆσθαι
558 4364 641 4413 mnrpo
713 4353 753 4401 15.
766 4347 872 4404 ἐδύνατο
885 4352 952 4402 codd.
968 4364 1024 4400 mcc.
1048 4341 1158 4415 ἠδύνατο
1173 4351 1239 4400 editt.

73 4423 133 4473 edit.
151 4421 233 4469 Petcu.
252 4419 296 4478 (nn
313 4431 343 4467 ea
355 4419 534 4480 cod.Purta.?).
554 4415 584 4468 dx
599 4414 641 4469 ἐκ·
710 4417 749 4469 16.
767 4413 844 4472 αὐτοῦ
863 4416 906 4474 διὰ
920 4420 968 4486 τῆς
984 4415 1105 4484 θεότητος
1125 4433 1237 4480 reponen-

73 4487 165 4542 rlnssot
180 4487 232 4536 eod.
250 4489 296 4536 len.
315 4482 462 4537 ἐκέκτισὲαι
478 4487 528 4535 cod.
544 4487 640 4549 amaea.
674 4488 731 4537 dum
746 4489 788 4556 (aa
804 4493 909 4540 renone
923 4505 980 4554 pop.
996 4489 1073 4558 tuuc)
1091 4489 1179 4539 censuit
1191 4489 1237 4540 Pt-

111 4557 153 4610 13.
183 4551 390 4626 προῦπάρχοντα,
422 4550 546 4626 γενόμενα
573 4555 642 4608 codd.
674 4559 761 4612 toalea.
