3082 5006
343 315 482 370 raanan
497 315 563 368 nra.
575 315 621 370 nr.
637 313 720 368 rou.
735 317 755 367 1.
773 313 874 366 unca.
892 313 978 366 cxx.
1202 299 1244 368 ιθ

82 437 321 522 adstringercntq
353 455 430 500 nove
455 435 574 500 dissidia
598 445 685 518 atque
711 433 880 519 opinionum
907 432 1110 497 dissensiones
1133 432 1246 497 existe-

81 551 161 603 rent.
208 539 337 603 Audiani
354 559 427 602 vcro
445 559 509 600 cam
526 536 651 622 apostoli
674 535 753 600 illius
771 535 881 599 decreti
901 554 1020 598 sensum
1042 533 1161 597 minime
1180 555 1246 619 per·

81 641 237 726 ciperent,
269 660 308 704 ex
332 660 370 704 eo
392 638 436 703 sio
458 640 532 722 apud
557 659 590 704 se
613 638 797 722 cogitarunt,
831 633 944 700 Pascha
969 633 1140 699 ludaeorum
1165 654 1246 700 nnnre

82 743 291 806 celebrandum
314 739 421 804 videri.
467 737 563 804 Porro
588 750 653 825 post
678 737 918 802 constitutionem
943 735 1021 800 illam
1044 737 1246 821 quindecinae

82 844 311 908 circumcisione
328 841 458 928 episcopi
477 843 614 921 luerunt,
646 841 734 926 idque
751 837 984 925 Hierosolymis,
1009 857 1131 923 quorum
1147 847 1247 902 aucto·

82 945 200 1010 ritatem
218 939 407 1008 Christianus
425 943 521 1006 omnis
538 941 618 1006 orbis
636 942 732 1026 sequi,
757 953 787 1004 et
803 961 868 1004 oum
888 939 945 1004 illis
963 941 1116 1004 celebrare
1133 937 1246 1005 Pascha

82 1046 202 1124 debuit,
235 1066 293 1110 una
315 1056 347 1108 ut
368 1044 497 1108 omnium
515 1043 692 1122 concordia,
723 1063 780 1106 uua
800 1043 963 1128 professio,
993 1063 1050 1105 uua
1068 1041 1246 1106 celebritatis

82 1147 239 1210 obeundae
255 1147 332 1210 ratio
350 1167 385 1210 ac
398 1147 581 1210 consuetudo
600 1146 778 1209 lirmaretur.
828 1142 919 1228 lpitur
935 1145 970 1206 ad
995 1142 1142 1206 bominum
1167 1163 1247 1206 mon·

83 1260 128 1312 tes
147 1249 179 1312 in
196 1269 284 1312 uuam
304 1248 450 1312 ecclesiae
467 1247 658 1326 societatem,
690 1265 766 1329 quae
790 1255 872 1310 tauto
893 1245 1034 1331 temporis
1058 1245 1152 1331 spatio
1176 1267 1249 1308 non·

84 1351 150 1414 dom
179 1350 307 1414 obtineri
325 1360 478 1435 potuerat,
509 1348 727 1426 conciliandus,
760 1357 873 1433 patrum
901 1346 1018 1411 illorum
1039 1367 1108 1410 cura
1126 1345 1248 1430 diligen·

84 1451 204 1536 tiaque,
237 1472 296 1514 noo
324 1451 390 1514 sine
416 1451 461 1514 dci
487 1461 578 1528 nutu,
614 1445 804 1514 Constantini
825 1449 1006 1534 temporibus
1028 1448 1169 1512 incubuit.
1216 1445 1248 1512 ln

85 1553 301 1637 Apostolorum
328 1573 402 1616 vero
418 1548 687 1615 Constitutionibus
706 1551 742 1614 ad
761 1551 946 1614 concordiam
963 1551 1083 1635 perinde
1100 1551 1249 1616 decretum

84 1654 153 1718 illud
175 1655 318 1740 pertinet.
364 1650 396 1716 ld
412 1654 487 1736 qaod
504 1653 543 1716 illi
563 1653 618 1738 ipsi
640 1663 786 1717 testentur
805 1651 850 1715 bis
866 1651 978 1730 verbis,
1004 1651 1147 1735 Quamvis
1166 1654 1251 1718 aber·

85 1767 154 1820 rent
170 1756 243 1840 ipsi,
268 1755 341 1818 nibil
359 1755 387 1818 id
403 1775 457 1819 vna
475 1765 672 1818 commoneat.
720 1751 860 1818 Ceterum
878 1772 919 1817 ex
936 1753 985 1830 iis,
1009 1773 1084 1838 qnae
1103 1754 1205 1819 eodem
1223 1755 1252 1818 ia

85 1857 163 1919 libro
181 1857 292 1942 scripta
309 1866 396 1933 sont,
421 1855 549 1920 Anniani
572 1855 709 1920 facillime
729 1857 929 1920 confutantur.
977 1853 1081 1920 lubeut
1104 1855 1181 1920 euim
1202 1876 1253 1920 eo·

86 1959 154 2020 dem
179 1956 210 2020 in
235 1959 300 2022 loeo
331 1958 428 2022 medio
454 1957 638 2043 Amymorum
664 1967 797 2041 tempure
822 1955 1007 2042 pervigilium
1034 1955 1128 2022 obire.
1188 1955 1253 2022 lloc

87 2069 187 2123 antem
215 2058 245 2123 in
274 2059 476 2123 ecclesiastica
507 2069 669 2144 temporum
697 2057 903 2144 supputatione
929 2057 993 2122 lieri
1024 2069 1164 2144 perpetuo
1193 2080 1252 2124 nou

87 2171 201 2245 potest.

177 2260 254 2326 Tria
277 2273 347 2326 suot
363 2263 440 2327 enim
456 2262 613 2348 praecipue
631 2261 737 2346 quibus
752 2257 907 2325 Pascbatis
930 2260 1087 2324 celebritas
1106 2259 1252 2344 alligatur.
1268 2265 1328 2338 cnp.
1340 2267 1386 2320 xl.

93 2361 178 2428 Solis
194 2363 329 2449 inprimis
352 2385 475 2442 cursus,
504 2374 624 2448 propter
642 2363 816 2426 dominicam
833 2383 867 2426 ac
885 2383 1028 2427 mensem.
1074 2361 1154 2428 Tum
1168 2363 1255 2428 lunae

90 2465 192 2529 itidem
210 2487 332 2546 cursus,
366 2465 452 2549 idque
469 2477 590 2550 propter
608 2465 702 2549 legem
721 2485 797 2549 quas
815 2463 928 2530 decime
946 2475 1050 2551 quarta
1067 2465 1136 2530 luna
1154 2465 1256 2529 immo-

91 2568 147 2632 lari
168 2565 286 2632 Pascha
314 2567 467 2652 praecipit.
523 2563 626 2651 ltaque
653 2587 749 2652 neque
775 2565 919 2630 celebrari
936 2578 1024 2632 antea
1049 2577 1146 2653 potest
1170 2589 1256 2653 quam

91 2669 310 2753 aequinoctium
327 2669 492 2732 conlectum
511 2667 562 2746 sil,
586 2669 663 2752 quod
682 2663 781 2731 ludaei
802 2686 985 2752 nequaqnam
1005 2669 1177 2747 observant,
1202 2687 1257 2732 uec

93 2779 263 2834 accuratam
286 2769 342 2832 boc
358 2769 388 2832 in
406 2769 531 2855 negotio¹
544 2769 688 2834 rationem
711 2769 787 2832 inire
804 2771 942 2849 studentq
973 2771 1048 2855 apud
1064 2791 1138 2855 quoa
1154 2773 1257 2856 depra-

93 2881 163 2936 vata
180 2891 216 2934 ac
231 2871 401 2956 perturbata
419 2882 489 2935 sunl
508 2871 618 2934 omnia.
665 2868 777 2934 Verum
796 2871 865 2934 licet
883 2881 983 2936 tantae
1000 2854 1182 2956 quaestionis
1201 2882 1259 2936 tana

94 2973 135 3036 sit
152 2983 261 3036 exacta
277 2972 407 3052 decisio,
440 2994 498 3037 ooo
523 2984 622 3037 tamen
640 2972 678 3036 ob
692 2972 836 3036 eiusmodi
853 2973 1055 3058 quaestionem
1076 2984 1260 3040 accuratam-

96 3095 154 3158 que
175 3075 341 3152 rationem,
374 3075 426 3138 sed
450 3074 487 3138 ob
512 3094 598 3138 unam
618 3073 806 3137 concordiam
830 3073 902 3138 baec
919 3074 955 3138 ab
974 3074 1114 3160 apostolis
1130 3097 1259 3161 pronun·

97 3177 168 3239 tiata
192 3187 273 3240 sunt.
320 3174 407 3260 Quod
435 3177 458 3240 si
476 3176 523 3240 vel
541 3197 606 3240 curu
623 3172 735 3240 Christi
751 3174 904 3255 hostibus,
935 3186 967 3240 ut
986 3176 1026 3239 illi
1046 3187 1166 3261 putant,
1190 3197 1259 3264 apo·

99 3278 167 3341 stoli
185 3278 394 3341 celebrandum
411 3297 478 3342 esse
494 3275 608 3342 Pascha
624 3288 820 3355 censuerunt,
845 3287 955 3361 quantn
973 3277 1066 3361 magis
1084 3279 1119 3342 ad
1138 3279 1260 3344 eandem

99 3379 283 3443 retinendam
303 3379 529 3442 consensionem
546 3400 610 3442 curu
630 3377 756 3442 ecclesia
776 3378 929 3440 celebrare
951 3381 1102 3460 convenit,
1127 3400 1164 3444 ne
1181 3380 1259 3446 illius

101 3479 259 3544 concordia
285 3480 453 3546 laceretur‘l
496 3478 624 3563 Quinam
651 3479 740 3563 igitur
762 3479 840 3542 istud
858 3477 935 3542 elbci
952 3483 1068 3564 polest?
1112 3479 1164 3547 Sic
1183 3483 1260 3546 enim

99 3581 187 3645 iidem
214 3582 340 3665 apostoli
364 3581 563 3666 praecipiente
595 3579 671 3644 Du·
690 3579 845 3665 epulantur
860 3579 920 3660 illi,
952 3602 1007 3645 ros
1024 3582 1191 3647 ieiunantes
1207 3603 1261 3668 pru

99 3682 158 3746 illis
172 3683 285 3766 lugete,
323 3684 460 3766 quoniam
477 3685 553 3745 testo
566 3682 617 3746 illo
633 3681 680 3744 die
695 3677 846 3746 Christum
870 3681 901 3746 io
925 3701 1042 3747 erucem
1065 3686 1259 3750 sustulerunt.

101 3781 238 3869 Cumque
256 3785 297 3848 illi
314 3783 447 3867 lugentes
465 3783 589 3869 azymis
612 3794 643 3848 et
660 3784 783 3848 lactucis
807 3783 975 3868 agrestibus
995 3798 1174 3865 vescentur,
1207 3806 1262 3850 vos

104 3886 275 3972 epulamini.
328 3881 469 3950 Ceterum
485 3906 692 3969 nonnunquam
708 3865 833 3965 eccidil,
866 3898 897 3950 nt
912 3888 1055 3952 dominica
1071 3888 1118 3952 die
1137 3886 1264 3973 azymis

102 3999 233 4052 amator.
280 3987 467 4052 Advenieote
483 3987 588 4072 quippe
605 3988 768 4051 dominicae
784 4009 909 4075 vespera
925 3987 1038 4054 Pascba
1057 4011 1141 4054 suum
1160 3989 1264 4052 immo·

104 4087 163 4152 lare
187 4099 326 4176 possunt.
380 4088 461 4153 Nam
484 4099 551 4173 post
573 4109 725 4173 vesperam
755 4093 914 4174 praeterito
940 4092 1063 4154 sabbato
1087 4109 1160 4174 opus
1186 4091 1264 4155 istud

105 4188 174 4274 ipsis
190 4211 339 4253 exercere
361 4212 419 4254 non
442 4189 521 4254 licet.
568 4187 763 4274 Posteaquam
787 4190 877 4275 igitur
898 4191 1146 4272 sacrificaverint,
1178 4195 1203 4258 si
1228 4193 1265 4258 ad

106 4292 204 4376 epulas
226 4301 427 4376 corasurpunt,
458 4314 512 4355 rios
528 4292 701 4356 dominicam
722 4291 798 4356 diem
820 4314 947 4376 quonam
968 4303 1053 4378 pacto
1071 4291 1151 4358 luctu
1169 4315 1205 4358 ao
1221 4293 1265 4359 is·

107 4459 226 4525 perficere
238 4432 268 4510 id
282 4459 393 4528 apostoli
408 4471 586 4529 praeceperunt
610 4467 671 4526 cett,
738 4461 762 4517 b
781 4455 822 4516 ’ὅτι
836 4465 931 4514 obedo
948 4461 1000 4514 sed·
1015 4463 1114 4532 Μὴ.

107 4537 135 4578 ιι
149 4526 235 4596 clpdp
249 4527 296 4582 acal
311 4525 377 4597 prael
392 4534 506 4594 multum
520 4533 635 4584 vldrutarr.
