3042 5016
169 236 177 248 ⁸
289 283 561 338 nauseantem.
579 283 660 336 rou.
678 282 698 333 ι.
716 281 948 334 arnamar.
1133 267 1195 333 303

49 405 126 468 obem
144 403 236 468 utun
254 404 397 484 honorat,
422 404 474 467 sed
492 403 582 466 lilium
602 401 694 480 uixit,
727 401 847 486 pericle
863 421 898 462 ac
916 410 1039 485 patrem.
1086 398 1196 466 Simili·

50 517 87 570 ter
100 507 148 586 ei,
181 512 232 588 pari
245 513 275 570 io
293 511 423 588 rprbt'tum
443 509 639 588 blasphemram
663 508 784 577 deberat,
817 525 872 565 nou
888 507 1033 566 ramessem
1049 508 1090 566 iri
1101 509 1191 580 docet,
1230 514 1316 613 ppatpp

48 613 204 690 aequabat,
235 615 369 690 nepesin
383 611 627 690 futurosoeaulo:
659 619 691 669 ut
708 604 846 669 videlicet
868 604 1027 669 trinitatem
1047 607 1076 669 iu
1099 619 1192 692 patre,
1256 600 1263 622 '
1303 598 1309 611 ’

49 710 101 774 lulio
121 722 153 774 et
165 711 270 796 spiritu
287 722 391 776 sacrato
405 731 472 776 esse
493 712 596 774 doceat
612 707 793 788 huiusmodi,
826 719 858 771 ut
877 707 1007 772 etlilium
1027 709 1098 774 nibil
1113 731 1197 775 acce·
1295 751 1299 762 «

47 813 110 878 lere
134 815 338 900 compararire
360 814 464 899 possit.

126 915 208 980 Acuti
227 913 324 1001 Caput
340 913 448 978 XXX.
495 911 528 979 Si
547 913 732 998 omnipotens
755 912 826 976 deus
846 923 979 975 naturam
1001 932 1117 978 omnem
1144 935 1197 979 ex·

48 1017 137 1098 cellit,
174 1039 210 1081 eo
239 1019 321 1103 ipso,
357 1019 432 1102 qutotl
459 1017 606 1101 ingenitus
634 1026 697 1093 est,
733 1015 865 1078 excellit.
918 1013 1003 1098 Quae
1034 1018 1197 1102 proprietas

49 1141 148 1184 caussa
165 1131 212 1184 est
227 1120 335 1205 genitis
348 1120 482 1184 omnibus
495 1117 683 1184 stabilitatem
697 1117 950 1200 constantiamque
967 1118 1109 1182 tribuens.
1143 1117 1196 1184 Sin

48 1233 137 1286 autem
155 1222 317 1306 ingenitam
334 1222 527 1286 substantiam
544 1241 602 1284 non
618 1217 768 1304 exprimit,
793 1240 809 1281 a
826 1239 883 1302 quo
901 1221 1016 1284 tandem
1033 1220 1198 1305 genitarum

48 1343 141 1389 rarum
166 1337 271 1388 natura
293 1325 418 1410 seipsam
443 1335 474 1386 ut
496 1332 655 1386 conservet
676 1321 801 1407 accipit?

123 1423 250 1492 Conlnt.
275 1423 383 1490 XXX.
430 1423 503 1489 lllurl
519 1424 643 1520 pmniuo
661 1425 814 1488 licendum
837 1444 872 1488 ao
887 1425 1032 1488 latendum
1051 1438 1113 1505 est,
1145 1428 1198 1490 ita-

48 1531 292 1612 preterendum,
327 1529 555 1613 omnipotentem
577 1527 661 1589 deum
687 1537 820 1590 naturam
843 1545 959 1590 omnem
983 1529 1148 1607 excellere,
1182 1551 1198 1594 a

48 1651 101 1714 qno
119 1632 290 1716 unigenitus
313 1630 386 1694 daus
408 1630 597 1707 accerbam,
632 1629 752 1712 eiusque
776 1629 896 1714 spiritua
919 1641 1037 1693 sanctus
1061 1631 1198 1695 ineffabili

50 1734 171 1816 quadam
197 1734 311 1797 ratione
338 1733 494 1818 prooessit.
552 1728 648 1814 Quam
672 1731 709 1793 ob
734 1751 869 1794 caussam
898 1741 982 1794 caute
1009 1753 1045 1795 ae
1075 1733 1200 1797 eircum-

49 1846 145 1919 apeete
165 1847 320 1900 creaturae
340 1834 468 1898 livinum
493 1833 633 1898 bonorem
660 1853 717 1896 unu
736 1832 947 1912 adscribimus,
983 1855 1020 1898 ne
1036 1836 1199 1899 stultissimi

48 1939 219 2018 reddamur,
244 1938 295 2002 sed
310 1937 488 2014 trinitatem,
513 1957 589 2020 quae
606 1946 738 2000 naturam
756 1955 872 1998 omnem
889 1947 1025 2020 superet,
1048 1939 1198 2022 praedice-

48 2061 123 2121 mus,
149 2041 239 2105 fllium
255 2043 319 2102 cnm
335 2050 437 2124 patre,
462 2048 493 2102 et
511 2037 602 2122 ipsius
617 2048 749 2102 sanctum
763 2037 914 2122 spiritume
939 2059 975 2102 eo
990 2040 1065 2120 quod
1085 2061 1102 2104 a
1120 2041 1199 2104 nullo

48 2141 138 2206 iaetus
158 2154 209 2207 aut
225 2152 343 2206 creatus
359 2143 408 2205 sit.
455 2139 572 2204 Etenim
595 2159 776 2224 nequaquam
800 2140 933 2204 diversae
954 2149 1077 2204 naturae
1096 2142 1200 2228 unige-

48 2244 122 2309 nitus
139 2255 205 2324 est,
228 2255 279 2308 aut
295 2254 414 2308 sanctus
430 2242 569 2329 spiritus,
601 2245 652 2307 sel
669 2244 741 2306 deus
757 2262 797 2306 ex
812 2243 884 2321 deo,
909 2243 1005 2306 lumen
1026 2244 1061 2308 tle
1078 2244 1198 2311 lumine.

48 2341 215 2428 Quinetiam
235 2369 299 2410 eum
316 2345 507 2430 omnipotenti
525 2355 606 2430 patre
624 2343 792 2428 unigenitus
805 2345 868 2430 ipse
886 2345 1054 2409 nominatur
1068 2347 1200 2433 omnipo·

48 2457 128 2529 bus,
160 2460 193 2512 ut
216 2449 325 2512 diserte
344 2448 489 2533 scriptura
512 2467 595 2512 sacra
616 2447 754 2511 declarat.
801 2444 977 2532 Unigenitus
993 2450 1070 2512 euim
1094 2451 1200 2515 nibila

47 2552 134 2634 patris
160 2552 315 2616 maiestate
341 2551 506 2636 discrepat,
537 2550 589 2614 sed
608 2549 726 2614 omnino
750 2550 896 2633 onrrgruit.
943 2548 1029 2634 Quod
1048 2555 1200 2637 expressis

46 2653 143 2717 uerbis
162 2663 287 2718 testatur
303 2653 471 2739 apostolus,
503 2652 550 2736 qui
568 2653 672 2737 spiritu
689 2663 793 2715 sancto
815 2651 928 2716 ablatus
946 2653 983 2715 de
999 2651 1141 2719 lsraie'litis
1160 2657 1200 2719 ita

46 2753 192 2838 loquitur:
215 2759 355 2834 Quorum,
380 2754 488 2839 iuquit,
512 2759 624 2829 cultus,
647 2766 677 2816 et
689 2765 870 2830 testamenta,
894 2767 924 2816 et
935 2767 1049 2835 potres,
1083 2780 1121 2820 ee
1136 2763 1200 2840 pui-
1219 2782 1286 2832 non
1298 2787 1320 2841 ι,
1332 2786 1352 2831 t.

46 2855 96 2918 baa
115 2862 249 2920 emotae
262 2862 414 2920 suendum
429 2877 553 2932 romeam
578 2863 630 2938 peti
640 2868 685 2918 eat
700 2879 786 2937 super
803 2861 896 2919 omittit
912 2861 981 2919 dena
996 2859 1156 2922 manaem
1171 2865 1200 2923 in

44 2963 175 3035 mu,
209 2965 313 3022 Amen.
331 3025 342 3054 ⁴
360 2955 408 3024 (lb
422 2957 451 3022 itl
474 2971 504 3024 et
522 2959 689 3024 adorandus
705 2959 810 3024 unicus
827 2959 872 3022 dei
889 2958 964 3024 lilius
980 2970 1042 3036 eat,
1078 2970 1108 3024 ct
1123 2961 1199 3026 idem

45 3060 116 3126 lena
135 3072 167 3125 et
183 3061 300 3126 tlivinus
316 3061 436 3146 spiritus
453 3073 517 3140 est,
547 3072 666 3126 sanctus
682 3059 821 3146 spiritua,
857 3072 887 3124 et
901 3073 966 3146 post
980 3074 1200 3128 sacrosanctam

46 3163 206 3228 trinitatem
222 3165 317 3229 nullus
335 3164 411 3228 alius
427 3165 498 3227 deus
513 3175 571 3227 eat.
619 3161 713 3248 lgitur
725 3163 910 3248 omnipotens
929 3175 1028 3248 pater,
1053 3175 1083 3230 et
1099 3167 1203 3231 unicus

44 3263 137 3350 ipsias
160 3265 239 3330 lilius
264 3276 405 3352 paternae
433 3265 565 3350 dignitati
590 3285 774 3350 congruens,
807 3265 855 3349 qui
876 3265 963 3329 lutari
988 3267 1098 3331 saeculi
1120 3279 1203 3354 pater

45 3369 228 3452 appellatur,
259 3368 366 3453 quique
384 3389 448 3432 oum
472 3379 575 3432 sancto
598 3366 702 3451 spiritu
721 3367 798 3430 nulla
815 3368 1033 3432 interveniente
1050 3371 1201 3435 creatione

44 3470 205 3549 convenit,
228 3471 346 3534 trinitas
363 3482 410 3536 eat
427 3471 571 3552 patefacta
591 3469 743 3548 omnibus,
769 3480 798 3532 et
815 3471 950 3554 cognita,
974 3491 1065 3556 aqua
1083 3484 1200 3538 creatae

45 3591 92 3637 res
115 3593 222 3638 omues
239 3583 373 3657 tanquam
390 3593 407 3636 a
426 3593 529 3636 caussa
547 3573 697 3657 proiectae
714 3581 800 3651 sunt,
831 3573 871 3636 ita
889 3573 1023 3657 quidem,
1055 3585 1086 3638 nt
1104 3577 1200 3660 appel·

45 3671 114 3739 latin
131 3675 197 3761 ipsa
214 3695 338 3738 caussae
352 3675 496 3738 sinceram
513 3685 540 3738 et
558 3673 814 3757 incomparabilem
827 3673 1018 3740 substantiam
1035 3677 1199 3761 significem

46 3775 212 3842 cuiusmodi
231 3786 277 3841 est
291 3787 374 3862 pater
388 3777 417 3840 in
436 3777 514 3856 lilio,
545 3777 620 3840 lilius
637 3777 666 3838 in
686 3785 784 3860 patre,
808 3797 874 3856 enm
890 3778 995 3862 spiritu
1012 3789 1133 3856 sancto,
1167 3787 1200 3842 nt

44 3880 215 3963 permansio
230 3880 294 3966 ipsa
310 3880 340 3944 in
358 3899 426 3944 sese
441 3880 645 3944 aeternitatem
663 3877 809 3960 includat3
833 3879 916 3944 caius
936 3881 1074 3944 trinitatis
1091 3880 1201 3944 baum·

46 3982 92 4046 cio
115 3983 236 4046 condita
259 3983 357 4046 omnia
378 3993 547 4046 servantur.

130 4084 214 4149 Astii
233 4079 331 4170 Caput
343 4081 468 4148 XXXl.
514 4081 548 4148 Si
568 4083 641 4159 nituit,
662 4105 763 4148 eorum
787 4105 862 4168 quae
879 4082 974 4150 visum
993 4084 1138 4169 effugiunt
1153 4106 1201 4150 se·

46 4187 174 4272 metipso
190 4187 219 4250 vi
239 4185 362 4271 quadam
382 4188 478 4250 satira
503 4187 582 4273 prius
605 4197 667 4265 est,
700 4195 787 4269 atqua
804 4185 922 4250 delinita
940 4188 1062 4270 quadam
1079 4197 1201 4254 naturae

46 4301 127 4355 sorte
146 4288 331 4368 continetur,
367 4285 417 4373 qui
439 4289 500 4354 fieri
524 4299 620 4374 potest
638 4297 670 4352 ut
685 4286 832 4372 ingenitus
857 4289 928 4353 leus
950 4287 986 4352 ab
1011 4291 1090 4354 omni
1113 4292 1202 4358 sorti-

46 4391 126 4456 tione
146 4391 222 4456 liber
238 4413 320 4456 suam
337 4391 430 4476 ipsius
445 4392 638 4457 substantiam
662 4391 747 4454 morlo
764 4389 793 4452 iu
812 4388 912 4474 genita
930 4391 1032 4456 sobole
1049 4393 1199 4461 inferioris

76 4529 103 4582 2.
123 4519 419 4596 wunnebalde.
