3042 5016
302 255 440 310 rausun
459 255 524 309 nie.
536 257 581 308 ιιι.
598 255 681 308 rou.
694 255 714 306 ι.
731 253 833 308 nean.
845 243 966 307 cxxvi
1156 241 1219 308 aad

56 375 213 439 allectione
239 377 394 441 coniuncta
421 387 490 442 suut
512 375 634 440 eandem
659 374 696 438 ob
722 395 870 440 caussam.
917 371 949 438 ln
972 374 1027 439 dec
1052 395 1126 440 vero
1149 375 1221 440 nibil

57 478 218 558 eiusmodi,
243 480 309 543 dom
328 479 416 544 fllium
433 489 607 563 generaret,
632 478 729 541 locum
746 475 855 540 babere
875 476 979 562 potuit.
1024 474 1101 542 Nam
1118 478 1144 542 si
1161 479 1221 543 tale
1345 460 1374 513 ·’

56 580 202 664 quidpiam
228 583 345 667 inipso
369 582 506 646 extitisse
528 581 677 659 dicamus,
708 591 741 643 ut
764 579 860 644 inanis
881 580 1004 644 istorum
1031 581 1089 644 lert
1107 581 1218 666 opinio,

55 703 131 766 quae
158 684 194 746 ad
215 684 406 748 evertendam
426 685 473 748 dei
493 683 624 748 sobolem
642 681 787 768 pertinet,
819 703 859 746 ex
883 681 978 746 altero
996 683 1073 767 quod
1089 683 1119 746 in
1134 684 1220 748 uobis

55 786 132 849 inest
149 786 207 850 tale
221 787 364 850 adversus
378 787 444 850 illos
463 797 667 872 argumentum
683 785 854 848 efficiemus.
900 781 1018 848 Etenim
1034 784 1220 872 nobisipsis,

55 888 101 972 qui
129 909 191 952 uon
217 889 282 954 sine
305 889 462 954 allectione
478 887 643 972 gignimus,
674 897 724 951 aut
745 886 909 969 gignimur,
942 888 1102 951 secundum
1129 889 1221 972 qtrcd·

55 991 118 1054 darn
135 990 257 1056 insitum
276 1003 323 1055 cst
343 991 508 1055 allectionis
525 1011 637 1074 genus,
673 1011 737 1052 curn
761 989 868 1074 aliquid
889 1009 1092 1074 procreamus.
1140 989 1219 1054 Tum

54 1093 130 1156 enim
150 1094 271 1178 perinde
288 1095 413 1179 patimur
430 1115 465 1158 co
481 1094 546 1157 dum
562 1091 725 1182 gignimus,
750 1102 801 1155 aut
816 1090 976 1176 gignimur.
1023 1091 1113 1176 Atqui
1133 1093 1219 1158 deum

55 1215 124 1274 ros,
160 1197 186 1258 si
205 1217 263 1258 non
290 1197 474 1280 genitorem,
505 1207 586 1258 certe
612 1203 777 1258 creatorem
802 1193 980 1278 agnoscitis,
1012 1205 1100 1278 atquc
1120 1195 1220 1258 utlilii

53 1296 278 1381 germanitatem
296 1298 469 1382 abnegetis,
504 1308 535 1360 et
550 1296 725 1360 catholicum
748 1297 851 1380 dogma
872 1295 1063 1374 convellitis,
1093 1317 1220 1382 genera·

55 1399 124 1463 tioni
144 1400 261 1484 quidem
279 1399 465 1464 affectionem
484 1399 628 1478 tribuitis,
662 1398 785 1462 eandem
813 1419 886 1463 vero
908 1399 938 1461 in
962 1397 1113 1462 creatione
1133 1397 1219 1463 dissi-

55 1501 191 1580 mulatis3
216 1523 291 1586 quae
310 1513 340 1564 et
355 1502 418 1587 ipsa
435 1503 464 1566 io
482 1503 538 1564 deo
555 1500 713 1587 reperitur,
738 1521 793 1564 nee
810 1500 838 1564 iu
855 1521 891 1564 ea
911 1511 1008 1565 tamea
1024 1501 1141 1564 allectio
1159 1511 1217 1580 εει,

54 1604 128 1668 absit
143 1615 177 1668 ut
198 1604 268 1669 illud
292 1604 435 1668 dicamus.
479 1602 547 1668 Nos
571 1605 648 1668 enirn
666 1603 774 1667 nullum
798 1603 825 1666 ci
851 1603 1043 1668 affectionem
1062 1616 1219 1690 propterea

55 1708 225 1784 tribuimus,
255 1708 333 1790 quod
357 1706 487 1771 omnium
511 1717 677 1769 creatorem
706 1727 773 1770 esse
801 1708 957 1770 fateantur.
1011 1703 1156 1771 Similiter
1177 1725 1216 1771 ue

54 1809 240 1872 allectionem
259 1811 374 1894 quidem
399 1811 428 1872 in
447 1830 483 1872 eo
500 1819 636 1895 putamus
654 1828 740 1887 esse,
773 1809 849 1892 quod
868 1830 970 1871 reruni
989 1808 1076 1871 filiuni
1095 1828 1166 1873 vere
1183 1829 1219 1873 ae

54 1911 115 1974 sine
130 1911 239 1992 initio,
269 1912 317 1976 rel
335 1923 483 1998 tempure,
515 1911 655 1996 genuisse
673 1913 830 1974 fateamur.
876 1905 924 1976 0b
941 1911 968 1973 id
987 1923 1120 1975 naturam
1140 1911 1218 1977 ttttm

54 2013 262 2100 comprehendi
285 2036 343 2078 non
370 2035 476 2100 posse,
509 2025 540 2077 et
556 2014 593 2077 ab
611 2012 690 2076 omrai
712 2033 824 2098 genere
846 2013 1034 2077 affectionum
1058 2013 1216 2078 immunem

55 2137 116 2180 esse
133 2117 356 2200 cognoscimus.
402 2115 565 2202 Propterea
582 2117 706 2180 eundern
722 2115 788 2178 sine
804 2115 860 2178 nlla
877 2115 1034 2178 allectione
1051 2115 1217 2197 genitorem

55 2238 84 2280 ae
100 2229 268 2282 creatorem
287 2219 460 2282 asserimus.
507 2216 622 2304 Quippe
640 2217 845 2282 nihilomnino
862 2217 975 2302 potiens
994 2217 1110 2282 unicum
1128 2218 1217 2282 lilium

54 2323 171 2403 genuit,
196 2331 227 2384 et
244 2343 283 2385 ex
300 2343 333 2385 se
347 2322 412 2407 ipso
429 2332 562 2385 sanctum
581 2341 665 2385 suum
683 2320 817 2406 spiritum
837 2319 946 2398 emisit,
971 2320 1080 2384 trullum
1096 2319 1216 2384 omniuo

54 2425 215 2488 sectionem
234 2435 284 2487 ant
303 2425 489 2508 partitionem
506 2435 660 2509 expertus.
708 2421 787 2487 idern
810 2433 911 2486 creata
932 2423 1030 2486 ontnia
1050 2423 1218 2508 procrearit

55 2525 123 2590 eitra
141 2526 345 2611 fatigationem
365 2536 395 2590 et
410 2527 594 2590 ad'cctioncta
619 2525 718 2589 ullam.
764 2523 840 2589 Tum
856 2545 929 2589 uero
946 2525 1082 2611 quicquid
1100 2525 1218 2590 libuerit

55 2651 103 2713 pro
117 2651 156 2692 eo
172 2645 208 2692 ac
227 2627 373 2692 divinitati
391 2649 462 2692 suae
479 2650 640 2714 coatgruum
657 2639 703 2692 est
720 2627 855 2708 molitur,
888 2650 947 2692 non
965 2629 1040 2713 qttutl
1059 2637 1146 2692 anteo
1164 2649 1217 2692 ae·

54 2731 100 2810 lit,
132 2743 166 2796 ut
183 2730 323 2795 attentius
347 2742 448 2817 postea
471 2732 607 2814 cogitans
630 2731 723 2794 discat
742 2732 845 2816 ecquid
865 2731 963 2816 perlici
983 2731 1060 2815 quod
1079 2729 1216 2816 designat

54 2845 198 2918 oporteat.
242 2831 350 2918 Neque
366 2835 405 2896 ita
424 2833 487 2897 vult
499 2835 607 2918 exequi
623 2843 655 2897 ut
673 2835 710 2896 ob
727 2833 911 2897 abactionem
930 2833 1055 2918 aliquam
1071 2833 1215 2897 voluntati

54 2957 121 3020 opus
137 2938 235 3022 ipsum
249 2947 477 3022 repraesentare
496 2947 632 3022 nequeat.
678 2933 756 3000 Nam
781 2935 854 3000 baec
876 2934 974 2999 omitia
996 2936 1083 3000 simul
1100 2935 1126 3000 ei
1145 2957 1215 3022 sup·

54 3049 163 3122 petunt,
188 3039 277 3117 velle,
299 3041 409 3116 lacere,
436 3039 552 3103 troicum
570 3059 715 3124 geticrarc
734 3039 836 3117 liliunt,
859 3059 1016 3125 procreare
1031 3059 1081 3102 res
1096 3059 1212 3103 oritura.

55 3137 295 3226 Quandoquidem
325 3143 372 3204 dei
396 3153 500 3205 natura
530 3153 560 3206 ct
589 3140 730 3204 maiestas
761 3141 839 3205 omui
870 3152 916 3204 est
939 3140 1020 3205 Aelii
1048 3140 1214 3227 disputandi

55 3245 236 3308 subtitilitatc
252 3254 282 3306 et
301 3243 425 3308 humana
443 3243 611 3307 conditione
631 3243 777 3326 superior.
823 3240 923 3320 Drus,
947 3245 1083 3328 iriquum,
1107 3243 1215 3306 intelli·

55 3347 176 3427 gentiam
198 3367 313 3409 amttam
332 3357 509 3432 exsuperat,
532 3369 588 3410 nco
605 3346 753 3410 affectioni
774 3345 851 3409 cedit
869 3345 936 3425 ulli,
961 3347 1013 3410 sed
1035 3365 1123 3432 supra
1142 3344 1215 3410 alle·

55 3447 176 3512 ctionem
201 3469 316 3512 omnem
341 3471 376 3512 nc
398 3450 595 3535 suspicionem
618 3448 740 3512 etttinrt.

131 3551 215 3615 Aelii
232 3547 329 3639 Caput
351 3549 425 3616 XV.
471 3551 504 3616 Si
520 3552 619 3636 genita
636 3552 755 3616 suboles
773 3562 876 3615 natura
895 3551 932 3615 ab
949 3562 1139 3634 generantem
1159 3550 1214 3614 im·

55 3653 196 3716 mutabilis
220 3663 282 3730 εει,
314 3655 391 3740 qnod
414 3655 576 3738 iugrrtitum
600 3665 647 3718 cst
669 3655 835 3720 substantia
860 3656 1001 3740 qttuednnt
1024 3653 1213 3720 irttniutobilis

54 3765 111 3831 est,
142 3777 203 3820 noo
234 3754 356 3820 arbitrio
386 3757 577 3842 cuiusquam,
611 3759 663 3822 sed
684 3756 773 3821 insita
803 3761 927 3843 quadarn
956 3759 1140 3822 substantiae
1169 3758 1213 3822 di·

54 3857 170 3936 gnitate.

131 3957 254 4026 Conlut.
272 3959 347 4026 XV.
393 3961 556 4048 Qttonsque
585 3965 702 4030 tandem
721 3965 823 4028 eadem
846 3963 931 4028 nobis
949 3961 1123 4042 inculcabit,
1156 3983 1212 4029 nco

55 4059 85 4122 ab
100 4061 136 4126 iis
151 4085 225 4148 quae
241 4075 328 4128 autea
345 4067 494 4151 proposita
511 4076 581 4130 stunt
596 4066 744 4130 diversum
764 4067 888 4130 aderet?
931 4063 1010 4128 Nam
1030 4085 1105 4149 quae
1127 4065 1211 4132 initio

55 4232 158 4283 ιιιιοιιιιιι
177 4238 296 4298 scripturo
320 4241 358 4286 est.
396 4237 525 4287 comorius
548 4240 615 4287 amit
648 4239 703 4286 edt't.
722 4239 802 4288 Petne.

56 4297 111 4349 citra
132 4301 311 4360 aillictionem,
340 4320 420 4370 neque
443 4303 544 4354 allectui
564 4304 613 4354 ob·
685 4307 706 4355 l.
725 4303 779 4357 ἔστι
795 4308 859 4355 obesi
875 4321 957 4368 supro.

56 4368 146 4422 noxius.
181 4374 244 4423 Ottan
261 4375 377 4435 putabam
394 4369 492 4437 καμώιι.
682 4373 706 4423 ¹2.
726 4377 822 4424 Correci
842 4371 871 4428 ad
895 4389 925 4425 aa
946 4377 1111 4436 asperioribus.
1145 4376 1212 4428 Libri

85 4436 107 4484 9.
127 4437 307 4506 βουλευόμενος
323 4442 391 4490 cedd.
408 4455 464 4490 mss.
482 4447 585 4505 iamque.
648 4445 710 4491 cutm
731 4442 768 4493 bic
790 4445 862 4508 arelao
885 4439 927 4496 aba
948 4437 1100 4511 diplicuisse,
1135 4438 1210 4499 adala

88 4508 125 4556 to.
142 4507 189 4572 τῆς
205 4510 272 4560 codd.
292 4521 347 4560 mss.
371 4511 445 4560 ιιιιι.
458 4512 535 4572 nnuc.
569 4507 615 4564 και
647 4511 701 4566 κτλ.
