3066 5016
286 304 364 396 ¹440
727 313 849 368 οινοτι
866 313 1036 368 οεοιιινιι

302 428 344 513 μὴ
367 430 439 520 δύξη
455 433 497 507 είς
513 430 600 514 ύβριν
622 437 710 496 τινοῖν
730 437 818 506 τοῦτο
838 423 993 514 εἰρηκέναι.
1033 429 1165 516 Ἐρρέθη
1183 429 1215 494 δέ
1234 431 1277 505 είς
1291 427 1465 514 κατάκρισίο

300 559 391 600 τινοιν
404 541 463 600 τοῖν
478 531 520 616 μὴ
531 532 682 600 θελόντων
696 540 760 621 θεῷ
775 532 931 616 σχολάζειν,
954 530 1027 612 μετά
1041 529 1075 598 τύ
1092 529 1169 598 κατά
1183 529 1237 597 τάν
1255 529 1350 614 κάμον
1369 535 1465 615 βιοῦν,

302 637 355 701 καὶ
379 633 507 722 εύλάγοις
531 639 691 722 ἐπιγνῶναι
720 633 753 700 ιδ
778 633 872 700 αύτυύ
895 641 1000 711 σκεῦος
1021 637 1063 711 είς
1078 637 1285 700 παιδοποιίαν·
1309 631 1353 710 οἷς
1371 635 1424 698 κοιλ
1440 635 1468 698 αι’

302 739 423 804 παλαιολ
445 739 569 823 πατέρες
586 735 672 820 ἡμῶν
686 735 782 824 τούτῳ
800 743 842 825 τῷ
856 739 927 802 είδει
942 738 1110 820 κέχρηνται·
1143 733 1185 813 οῦς
1197 740 1248 801 καί
1262 761 1324 802 που
1339 733 1466 820 εύρήκο·

164 854 217 898 Μ·
230 842 288 888 ¹⁰⁵⁴·
303 865 356 923 μεν
371 842 515 926 λέγουσαν
530 838 585 923 τὴν
600 837 735 924 γραφὴν,
756 835 893 923 Ῥεβέκκα
909 840 941 904 δέ
958 842 988 917 ἐξ
1004 837 1071 914 ένύς
1087 843 1189 921 κοίτην
1203 840 1317 922 έγονσα.
1370 836 1413 904 Ta
1429 838 1466 914 δὲ,

297 943 350 1020 Ἐξ
372 940 455 1020 ένδς,
487 941 579 1008 εἰπάν
602 940 778 1026 σεμνότερον
793 943 869 1023 λμέν
883 940 1061 1027 διηγήσατο,
1092 943 1182 1019 ἔδειξε
1203 941 1236 1007 δέ
1251 939 1307 1023 τὴν
1322 939 1467 1023 σύλληψιν

303 1047 422 1110 δικαίαν
442 1037 544 1110 ούσαν.
590 1042 679 1110 Μετά
702 1042 757 1129 γάρ
775 1043 808 1110 τά
828 1046 981 1128 ἐσχηκέναι
995 1046 1083 1110 τέκνα
1101 1048 1232 1110 δείκνυσι
1245 1044 1348 1126 μηκέτι
1363 1049 1403 1131 τῇ
1419 1069 1466 1127 γν-

302 1147 385 1212 ναικλ
406 1144 498 1213 αύτύν
524 1149 727 1226 συναφθέντα.
769 1144 841 1212 Ἀλλ’
866 1145 1025 1230 ἐπειδήπερ
1047 1144 1155 1236 βράδιον
1175 1147 1228 1210 καλ
1251 1145 1369 1274 εῦγερές
1392 1147 1468 1210 έστιι

303 1249 351 1316 έπλ
376 1274 412 1314 τα
404 1244 529 1328 φαῦλα
553 1255 662 1329 μᾶλλον
683 1248 894 1334 τρέπεσθαι
860 1276 913 1332 την
934 1246 1108 1316 διάνοιαν”
1089 1274 1163 1334 ηπερ
1182 1246 1286 1313 έπλ
1250 1275 1287 1313 τοι
1308 1247 1466 1332 σἰναγιιαῐα,

304 1348 502 1437 σ’λισθηροῦ”
484 1377 569 1428 ουτος
589 1357 643 1416 τοῦ
657 1347 810 1475 ημετέρρυ
835 1351 1033 1477 ἀνθρωπίνου
1050 1357 1208 1436 λογισμοῦ,
1238 1347 1348 1415 καλ’
1312 1375 1348 1415 ου
1368 1350 1468 1433 τάχιον

304 1451 489 1530 εὐθύνοντος
513 1451 609 1519 αύτοῦ
630 1451 683 1535 τὴν
703 1479 799 1578 ρρμην
810 1452 911 1518 έπί
876 1481 931 1536 την
946 1449 1068 1520 εύθεῖαν
1083 1450 1156 1520 δδδν
1170 1479 1225 1518 του
1239 1457 1364 1536 κυρίου,
1398 1450 1467 1518 ἄλλά

305 1561 459 1632 κλίνοντος
484 1583 527 1638 πη
518 1554 597 1639 μὲν
612 1555 661 1620 έπλ
678 1581 714 1620 τα
706 1554 830 1634 δεξιά,
860 1582 903 1639 πη
895 1554 953 1620 δέ
970 1555 1076 1621 έπλ
1041 1582 1077 1620 τα
1100 1552 1252 1641 αριστερά,
1281 1581 1333 1620 και
1322 1555 1468 1678 βαρέας

304 1657 530 1742 πληροῦντος
496 1685 530 1724 το
545 1655 628 1743 παρά
643 1683 684 1744 τῳ
669 1663 869 1740 Σολομοῦνπ
884 1659 1049 1744 εἰρημένον,
1072 1656 1130 1742 Μη
1143 1661 1245 1748 κλίνης
1259 1659 1308 1724 §ui
1322 1684 1359 1722 τα
1350 1654 1467 1736 δεξιά,

306 1761 381 1842 μηδὲ
398 1761 448 1826 έπλ
462 1759 499 1824 τά
514 1758 669 1845 α’ριστερά,
692 1758 781 1830 πάλιν
795 1758 887 1836 άλλως
904 1757 976 1843 ἡμῖν
992 1762 1194 1846 στρεφομένης
1207 1767 1260 1842 τῆς
1275 1764 1383 1835 κανέοις
1401 1761 1468 1842 περὶ

305 1860 377 1938 τούς
395 1860 507 1938 αύτούς
522 1861 691 1948 λογισμούς,
712 1864 764 1927 καί
781 1859 924 1945 ον’θούσης
939 1860 1026 1946 ἡμῶν
1041 1861 1074 1929 τύ
1092 1869 1216 1948 σύφρον
1233 1860 1280 1943 έφ’
1295 1863 1398 1943 ἑτέρας
1415 1861 1467 1926 πά-

304 1971 351 2030 λιν
378 1961 470 2040 δδούς
494 1968 638 2048 βαδίζειν,
673 1962 932 2046 λάσφαλισάμεθα
958 1957 1013 2030 ούν
1036 1963 1077 2048 μή
1103 1991 1168 2042 ποις
1195 1963 1228 2030 τά
1255 1966 1468 2051 περισσοτέρως

307 2067 489 2153 ἐγκωμιάσαι
503 2065 558 2150 τήν
573 2069 731 2153 παρθένον
748 2068 867 2152 γένηταί
882 2093 941 2132 τινι
956 2069 998 2144 είς
1015 2064 1083 2134 δλίο
1100 2066 1277 2150 πρύςιιομμα
1292 2071 1465 2148 φαντασίας.

170 2295 293 2367 fimf,
393 2274 434 2336 Οί
449 2271 502 2353 μὲν
515 2270 574 2356 γάρ
590 2274 631 2348 τίς
646 2270 700 2338 τάν
713 2272 782 2338 υίύν
798 2276 1058 2356 βλασφημοῦντες,
1089 2271 1230 2357 καθάπερ
1248 2299 1299 2355 μοι
1314 2269 1380 2338 άνιο
1396 2299 1465 2356 προ·

306 2371 483 2456 δεδήλωται,
506 2373 594 2454 φύσει
610 2372 825 2459 άπαλλοτριοῦν
841 2373 934 2440 αῦτύν
949 2381 1002 2456 τῆς
1019 2381 1096 2440 ιτοῦ
1115 2373 1228 2459 πατρδς
1241 2372 1389 2457 θεότητος
1405 2378 1465 2456 έφι-

306 2473 508 2557 λοτιμήσαντο.
543 2473 644 2542 ’Ἀλλοι
660 2477 693 2542 δὲ
710 2475 799 2544 πάλιν
818 2478 924 2562 έτέροις
942 2474 1161 2561 φρονήσαντες,
1194 2473 1236 2554 οδς
1251 2481 1347 2560 δῆθεν
1362 2483 1466 2559 ’τιμᾷ

290 2598 357 2643 σαι
379 2579 594 2662 περισσοτέρως
616 2581 832 2662 προαχθέντες,
863 2579 916 2645 τάν
940 2575 1031 2644 αύτδν
1059 2575 1132 2643 είυαι
1156 2581 1267 2664 πατέρα
1286 2575 1391 2656 εἶπον,
1421 2582 1465 2645 καί

306 2679 359 2746 τύν
381 2677 474 2745 αύτδν
501 2677 585 2758 υίδν,
615 2683 664 2745 καλ
691 2679 723 2746 τά
749 2679 821 2748 αύτδ
849 2681 1087 2767 δι’γιονπνεῦμα·
1120 2684 1205 2747 8έστι
1226 2681 1259 2747 δέ
1275 2691 1341 2757 τοῖς
1356 2683 1466 2768 μέρεσιν

308 2779 489 2866 άμφοτέροις
503 2781 623 2858 ύνίατυς
637 2780 656 2866 ἡ
672 2785 777 2869 πληγή.
814 2784 913 2849 »Ούτω
930 2784 999 2868 περί
1012 2791 1063 2866 τῆς
1079 2779 1167 2869 άγίας
1180 2783 1291 2867 ταύτης
1308 2785 1362 2851 καλ
1378 2813 1465 2867 μακα-

306 2887 418 2968 ρίτιδος
432 2883 654 2970 αἰειπαρθένου,
676 2888 708 2950 οί
722 2887 775 2966 μὲν
790 2888 940 2972 ἐξυβρίσαι
954 2885 1181 2969 τετολμήκασιν,
1204 2882 1246 2962 οῦς
1262 2896 1465 2966 συναφθεῐσια

308 2983 401 3069 αύτην
425 2989 513 3072 σαρκλ
535 2985 607 3069 μετά
629 2984 683 3069 τήν
701 2993 837 3073 μεγίστην
855 2991 968 3072 ἐκείνην
988 2990 1039 3055 καλ
1057 2984 1210 3074 αἰιραιφνῆ
1225 2991 1403 3071 οἰκονομίαν
1419 2996 1465 3055 τοῦ

307 3093 431 3174 κυρίου,
462 3097 515 3172 τῆς
533 3088 678 3174 ένσύρκου
699 3088 792 3156 αύτοῦ
809 3096 981 3176 παρουσίας.
1027 3092 1089 3156 Καί
1115 3093 1176 3158 έστι
1199 3098 1288 3158 τοῦτο
1306 3091 1465 3176 πάσηςμο-

307 3195 436 3275 γθηρίας
452 3193 714 3274 *δυσσεβέστατου
755 3189 808 3270 Ὡς
825 3195 859 3260 δὲ
874 3193 964 3261 τοῦτό
978 3219 1079 3277 φαμεν
1096 3196 1279 3277 ένηγηθῆναί
1292 3221 1378 3273 τινας
1394 3195 1464 3262 οῦτι

307 3296 530 3378 τιτολμηκέναι,
563 3291 705 3384 λβρίστοις
721 3297 877 3361 έπιδοῦναι
892 3294 1017 3373 ἑαυτούς
1038 3303 1075 3385 τῇ
1092 3293 1235 3384 άμριρτίμ,
1270 3295 1354 3366 οῦτα
1371 3295 1463 3364 ααλτδ

309 3398 406 3482 ἕτερον
421 3395 651 3480 τεθαυμάκαμεν
671 3394 760 3463 πάλιν
785 3395 954 3481 άκηιιοάτες.
989 3397 1115 3475 ’Ἁλλους
1132 3397 1187 3484 γάρ
1203 3398 1294 3464 πάλιν
1309 3401 1462 3484 ἆφραίιυκ-

309 3523 362 3574 τας
383 3500 425 3574 είς
448 3497 501 3583 τὴν
517 3496 592 3585 ύπὲρ
608 3507 661 3582 τῆς
676 3500 769 3582 αύτῆς
792 3497 877 3585 άγίας
894 3499 1096 3586 ύειπαρθίνου
1112 3498 1276 3579 ύπύθεσιν,
1311 3501 1383 3570 άντλ
1399 3509 1464 3568 θεοῦ

306 3599 419 3684 ταύτην
433 3600 620 3686 παρειςάγειν
637 3601 874 3683 ἐσπουδακότας,
897 3604 949 3669 καλ
964 3603 1202 3684 σπουδάζοντας,
1229 3607 1281 3669 κοιλ
1297 3607 1333 3672 έν
1349 3609 1465 3690 έμβρον

307 3703 390 3786 τήσεο
412 3707 471 3770 τινλ
496 3705 548 3769 καλ
571 3708 786 3793 φρενοβλαβείη
812 3707 1005 3789 φερομένους.
1050 3714 1234 3792 Διηγοῦνταο
1253 3705 1311 3792 γάρ
1335 3707 1380 3786 ῦς
1399 3732 1465 3782 τινες

307 3815 446 3891 γυναῖκες
460 3809 553 3873 έκεῖσε
568 3808 600 3872 έν
617 3813 653 3893 τῇ
669 3802 792 3894 Ἀροιβία
807 3807 869 3873 ιἰπύ
885 3815 945 3874 τοῖν
962 3815 1061 3894 μεροῖν
1074 3817 1128 3891 τῆς
1145 3807 1267 3896 Θρηίκης
1282 3811 1376 3878 τοῦτο’
1392 3837 1423 3896 γε
1436 3807 1464 3872 τύ

307 3907 506 4032 κενρφοίνημα
524 3905 713 3992 ένηυάγασιν,
744 3905 786 3985 ύς
811 3908 889 3986 εἰς’
870 3936 966 3993 ονομα
991 3918 1045 3995 τῆς
1069 3908 1298 4040 ορίειπαρθένου
1316 3915 1464 3998 κολλυρίδα

307 4035 373 4076 τινα
365 4008 546 4090 ἐπιτελεῖν,
573 4013 625 4077 καλ
647 4008 830 4098 συνάγεσθαι
854 4013 1029 4093 έπιτοαυτδ,
1060 4015 1111 4079 καί
1136 4011 1219 4089 εἶς’
1201 4039 1299 4096 ονομα
1316 4023 1372 4098 τῆς
1388 4013 1464 4102 άγίοε
1517 4009 1518 4080 ί

168 4138 220 4185 ρος
234 4128 292 4174 οισι.
312 4115 467 4199 παρθένου
485 4112 559 4196 ύπλρ
580 4139 614 4180 το
606 4112 743 4196 μέτρον
758 4141 786 4179 τι
807 4122 971 4242 πειρρῖαθαι
986 4115 1119 4206 άθεμίτηι
1145 4119 1196 4181 καί
1218 4117 1388 4207 βλασφὴμμ
1411 4121 1463 4184 ίαν

307 4225 414 4302 γειρεῖν
429 4217 593 4304 πράγματι,
614 4218 666 4282 καλ
682 4216 757 4293 είς”
740 4243 834 4300 ονομα
853 4217 945 4301 αὐτῆς
961 4221 1123 4304 ίερουργεῖν
1139 4217 1191 4284 διδ
1208 4227 1377 4304 γυναικοῖν·
1399 4203 1518 4302 δοιοί

342 4353 367 4406 2.
385 4352 429 4419 μέν
445 4357 511 4406 codd.
520 4371 573 4408 τιτι.
583 4359 630 4408 λιιι.
645 4361 666 4406 ει
682 4360 778 4422 λιτιλλς
797 4363 817 4409 τι
833 4359 871 4408 αλ.
903 4360 992 4420 ςλιυτ·
982 4375 1007 4410 ιιι
1024 4362 1080 4410 ειλλι.
1098 4361 1198 4423 Ρτιαυ,
1222 4364 1334 4411 revocavi
1354 4376 1386 4411 τε
1403 4361 1462 4410 οοδδ

307 4421 389 4474 feton.
425 4441 461 4490 μη
479 4427 532 4473 αλιι
548 4429 623 4487 princ.
902 4441 958 4478 ιιιεο.
976 4434 997 4478 τι
1014 4429 1069 4478 edit.
1086 4431 1163 4490 μελιτο.

342 4489 368 4539 3.
385 4483 534 4556 άσφαλισάμ
535 4494 581 4544 εἶτα
598 4496 650 4543 τοιλ.
663 4497 759 4557 λιλιδλμ.
938 4497 962 4544 ’λ
987 4513 1048 4562 τιμη
1051 4513 1093 4548 ται
1114 4497 1224 4550 οιτιιδοιι
1243 4499 1311 4550 huben
1332 4499 1368 4550 εδ
1387 4500 1461 4552 Ριίπ

344 4555 984 4623 cn.xX111.-1.rofi,quodnon1eeom.
1001 4569 1072 4630 repet
