3072 5002
310 309 449 362 rnnann
466 310 531 364 ure.
542 311 586 363 rn.
603 309 687 362 ron.
700 311 719 362 r.
736 309 835 362 naue.
853 308 973 361 uxxrv.
1165 299 1226 364 tor

28 477 38 508 z.
53 477 59 506 ,
75 427 116 512 qui
130 428 247 515 spiritus
264 431 383 518 proprie
400 429 579 495 nominetur.
625 428 682 494 llic
697 429 747 493 ille
765 429 838 494 deus
854 428 884 492 io
901 428 1028 492 ecclesia
1045 427 1223 511 celebratur,

73 551 179 616 seroper
193 544 294 619 pater,
326 553 443 618 semper
461 533 559 610 lilios,
589 552 707 617 sempor
722 531 842 616 spiritns
860 542 999 608 sanctus,
1035 532 1172 596 excelsus
1188 531 1226 596 ob

39 681 58 716 ,3
74 634 199 715 excelso,
224 637 284 700 imo
299 635 499 714 celsissimus,
525 635 573 719 qui
596 633 770 719 intelligibili
792 633 904 718 gloria,
930 644 960 696 et
977 633 1094 717 quidem
1111 635 1226 699 infinita

47 785 57 818 ,.
73 737 210 820 praeditus
229 749 292 817 est,
318 739 364 803 eui
381 748 481 802 creata
498 737 594 801 omnnio
612 738 744 820 luctaque
758 746 827 798 sunt
845 734 964 798 omuino
980 734 1125 814 subiecta,
1151 757 1226 821 qirae

28 889 46 926 ,3
72 839 174 922 quidem
199 851 282 905 certa
311 861 449 904 mensura
480 859 515 903 ac
542 837 813 923 circumscriptione
837 838 1029 900 dcbnirnrtnr.
1085 834 1225 904 Ceterum

40 995 45 1004 .
72 939 197 1005 divinitas
214 963 272 1006 uua
298 944 372 1026 apud
392 939 520 1028 Moysen
540 941 696 1026 praecique
720 940 922 1025 praedicatur,
954 939 1086 1004 binarius
1108 939 1138 1003 in
1155 962 1224 1027 pro·
1257 989 1263 1008 ,

28 1107 47 1134 3·
72 1042 155 1128 pletis
178 1043 348 1128 diligentius
371 1045 537 1122 ruritiatur,
569 1041 686 1106 trinitas
709 1063 781 1106 vero
807 1042 835 1105 in
859 1042 1023 1128 euangeliis
1046 1044 1223 1123 ostenditur,

74 1166 137 1228 qnae
155 1167 209 1231 per
227 1157 357 1232 tempora
374 1147 640 1231 generationesqoe
657 1144 789 1230 singulos
805 1144 882 1207 iusto
903 1147 938 1208 ad
955 1145 1107 1208 scientiam
1124 1146 1226 1209 lidem-

29 1313 32 1322 ,
71 1267 118 1330 que
142 1248 267 1333 amplius
293 1249 479 1312 conveniret.
525 1246 570 1311 Ea
596 1269 684 1333 porro
710 1247 936 1311 immortalitatis
956 1245 1080 1310 scientia
1105 1267 1145 1311 ex
1170 1248 1224 1312 llde

71 1349 123 1430 ipsa
140 1351 185 1414 rel
206 1351 363 1436 adoptione
381 1349 523 1414 uescitur.
569 1347 630 1414 Sed
655 1351 775 1433 primurn
798 1349 1024 1414 iustificationes
1048 1350 1147 1415 curaris
1163 1349 1225 1413 edi·

28 1515 36 1546 3
71 1451 116 1528 cit,
139 1455 221 1516 volut
236 1453 333 1538 templi
350 1453 492 1538 quoddam
511 1452 645 1516 exterius
661 1463 774 1538 septuns
793 1453 820 1516 in
837 1450 945 1538 Moyse
963 1451 1119 1516 lauricons.
1165 1449 1225 1517 Po·

70 1563 124 1616 steu
145 1573 218 1618 uero
241 1556 356 1619 atrimae
379 1555 603 1621 iustificationes
625 1553 765 1640 exponit,
797 1565 933 1638 tanquam
957 1563 1057 1618 sancto
1082 1557 1223 1638 qiraedom

39 1641 47 1746 ’ἲ
70 1657 132 1740 apud
155 1667 275 1721 eeteros
303 1659 458 1742 propbetas
486 1678 650 1722 exornans.
705 1655 811 1722 Tertio
841 1657 966 1743 denique
995 1657 1223 1722 iustilicotiones

28 1749 32 1836 ζ
71 1759 197 1842 spiritus,
234 1761 317 1844 quasi
346 1759 598 1845 propitiatorium,
634 1772 664 1824 et
685 1770 787 1824 sancta
810 1771 978 1823 sanctoruni
1007 1761 1036 1824 in
1060 1760 1224 1844 evangeliis

70 1862 99 1922 ad
115 1862 157 1924 sui
173 1861 351 1926 domicilium
369 1862 534 1928 instruens.
580 1863 624 1926 At
639 1861 735 1926 sancti
758 1861 939 1926 tabernaculi
962 1862 1046 1940 loeo,
1070 1863 1223 1947 sanctique

70 1963 170 2047 populi,
195 1964 304 2028 iustum
323 1964 410 2028 babet
432 1985 539 2044 uuum,
564 1966 612 2050 qui
633 1964 746 2029 inistis
765 1974 912 2028 versatur.
959 1967 991 2028 ln
1006 1965 1052 2028 his
1075 1986 1147 2030 vero
1165 1987 1223 2031 une

70 2065 152 2128 deitas
167 2066 281 2132 habitat
298 2067 484 2152 incorrupta,
510 2087 567 2130 una
585 2067 698 2144 deitas,
729 2087 804 2152 quoe
819 2067 998 2151 cogitatione
1011 2068 1125 2153 concipi
1142 2089 1222 2130 com·

28 2161 29 2166 ’
71 2167 238 2250 prebendine
270 2170 318 2234 vel
350 2168 512 2254 explicari,
547 2180 596 2234 aut
627 2169 721 2232 videri
755 2191 814 2232 non
843 2179 956 2254 potest,
987 2190 1064 2254 qnae
1093 2169 1220 2255 seipsam

69 2271 122 2334 sola
137 2271 309 2355 cognoscit,
334 2282 365 2335 et
381 2271 485 2356 quibus
504 2271 632 2336 voluerit
647 2270 798 2357 petelaoit.
843 2269 953 2336 Eadem
972 2281 1063 2336 testes
1079 2292 1151 2336 suos
1167 2293 1221 2336 rx·

28 2367 30 2454 J
71 2371 146 2452 citat,
169 2385 277 2453 vocat,
301 2384 371 2437 onte
387 2373 532 2452 destinat,
556 2374 768 2456 allicitplon'a,
792 2373 828 2436 ab
848 2374 952 2438 inleris
970 2373 1085 2452 erelrlt,
1111 2375 1221 2438 sancti·

28 2469 30 2554 ᾗ
71 2473 144 2552 beat,
177 2488 205 2540 et
225 2477 261 2540 ad
277 2475 402 2560 gloriani
422 2476 568 2560 lidrrnquo
583 2496 665 2538 snam
684 2475 739 2539 tria
757 2475 829 2542 boec
846 2475 876 2540 in
894 2499 981 2540 noum
1000 2477 1080 2561 cogit
1097 2498 1133 2540 ac
1150 2498 1221 2540 crin-

28 2653 30 2668 :
69 2577 165 2658 societ,
189 2578 350 2658 coelestia,
376 2590 511 2656 terrena,
544 2577 758 2657 subterranea,
788 2579 941 2664 spiritum,
965 2580 1108 2660 animani,
1132 2589 1220 2664 atque

68 2697 190 2761 caruem,
216 2681 325 2760 tidem,
349 2702 450 2767 spem,
474 2681 644 2746 ceritatem:
675 2682 852 2766 praeterita,
884 2682 1069 2768 praeseutia,
1102 2684 1217 2746 lutura:

68 2783 204 2846 saeculum
220 2783 348 2862 saeculi,
373 2783 491 2848 saeculo
510 2782 707 2862 saeculorum,
731 2784 853 2850 sabbata
870 2784 1070 2861 sabbatorum,
1094 2785 1220 2848 circuni·

28 2961 29 2966 ἵ
70 2881 198 2948 cisioorm
223 2883 338 2966 earnis,
363 2885 616 2949 circumcisionem
636 2886 753 2962 cordis,
787 2886 1039 2950 circumcisionem
1061 2883 1363 2958 clunianensis.

68 2989 259 3066 neptunum
277 3009 406 3070 corporis
423 3001 616 3070 structorum.
663 2985 799 3072 [lenique
821 2988 993 3074 sibimetipsi
1013 2979 1151 3054 universo
1172 3010 1220 3053 re·

69 3101 175 3171 purgat,
202 3099 260 3152 tem
277 3111 351 3174 quoe
369 3091 462 3154 videri
482 3099 631 3174 nequeunt
647 3111 733 3173 quarn
753 3112 827 3176 quoe
845 3093 1031 3177 aspectabilis
1054 3104 1122 3156 sunt
1138 3091 1217 3154 tlrro·

69 3208 130 3268 uos,
153 3191 391 3271 lancinationes,
416 3191 614 3278 principatus,
639 3203 819 3276 potestates,
844 3197 981 3258 virtutes.
1028 3197 1059 3257 lu
1083 3195 1217 3258 onirribus

28 3282 34 3372 J
69 3309 128 3354 iero
141 3296 246 3360 eadem
261 3294 405 3380 sapientia
421 3304 451 3356 ct
464 3305 565 3357 saneto
584 3315 644 3358 vox
663 3315 679 3356 a
695 3295 788 3377 glorio
805 3295 971 3380 ingloriam
987 3302 1126 3373 Sanctus,
1148 3319 1215 3360 soc·
1228 3309 1282 3356 tur.
1294 3309 1346 3365 ne

68 3405 133 3470 etur,
164 3409 283 3458 sanctus
299 3397 486 3476 exclamans,
519 3407 681 3483 eepatrern
702 3397 730 3459 in
751 3397 830 3476 lilio,
862 3399 951 3462 liliunr
973 3400 1000 3463 in
1018 3411 1119 3485 patre,
1152 3422 1216 3463 cirin

69 3496 158 3578 spiritu
177 3509 283 3563 sancto
299 3500 489 3585 praedicans,
514 3499 559 3567 cui
576 3499 670 3584 glorio
688 3510 718 3560 et
733 3499 884 3584 imperium
903 3503 1065 3568 insaecula
1083 3504 1217 3566 saeculo·

68 3616 136 3679 run,
159 3601 270 3666 Amen.
317 3601 355 3667 Et
378 3602 456 3666 diuet
478 3601 525 3686 qni
548 3600 588 3664 ita
610 3600 720 3678 eredit,
745 3599 829 3681 Fiat,
854 3605 919 3668 liat.

409 3721 592 3773 HACTENUS
608 3721 655 3772 EX
668 3722 858 3775 anconnTo.

141 3889 222 3956 llaec
238 3901 327 3972 suot,
351 3912 426 3978 quae
446 3891 482 3956 de
499 3891 555 3956 fido
573 3891 664 3978 patris
684 3913 719 3957 ac
742 3893 791 3957 lilii
814 3906 844 3959 et
858 3895 979 3983 spiritus
994 3896 1087 3960 sancti
1105 3897 1216 3983 scripta
1233 3893 1294 3965 ⁶⁸12·
1306 3895 1355 3948 xl.

97 4073 132 4127 ld.
149 4077 194 4143 μία
207 4074 304 4145 beera<
321 4071 440 4147 ἄπειρος,
459 4077 506 4147 μία
522 4075 618 4144 bsc'tnc
684 4077 726 4133 at.
744 4081 872 4136 ἐνεστῶτα
889 4085 975 4134 Aneor.

71 4133 122 4206 lll-
137 4149 218 4198 Am·
684 4165 726 4218 25.
759 4164 870 4221 subitan
897 4165 926 4223 δὲ
948 4167 1113 4236 καθαροποιεῐ
1133 4165 1214 4244 ἕαυτῇ

96 4215 132 4263 tl·
149 4212 226 4285 ἱαντῆ
244 4217 331 4267 Anwr·
650 4230 683 4288 τὰ
700 4231 780 4288 πάντα
800 4239 884 4287 dacor.

97 4281 134 4330 et.
150 4283 193 4336 ent
209 4299 254 4335 cnr.
274 4287 358 4336 Aneor.

96 4346 133 4400 ¹23.
148 4351 190 4405 nol
209 4355 371 4417 porticulum,
400 4367 460 4416 qnos
479 4356 504 4403 ln
517 4355 617 4405 Ponerll
684 4317 725 4371 ²6¹
745 4319 823 4388 σοφία
839 4320 884 4374 καὶ
900 4337 946 4373 ⁰¹¹¹·
965 4324 1052 4375 ‘mm'

72 4415 124 4468 ltbdr
146 4423 214 4484 culpo
239 4423 387 4472 desideretur
404 4424 550 4487 (Aoeorulns
565 4437 618 4472 eom
686 4404 727 4458 ²7·
746 4403 775 4458 δὲ
792 4422 838 4458 ⁰m·
857 4411 943 4459 ΛΜΨ·

72 4487 254 4567 naunpepnn
278 4505 308 4542 ee
333 4492 426 4552 rudeto
449 4493 496 4544 κῖτ
510 4492 619 4541 vocobutl
685 4489 817 4556 *Πληρῶ
839 4495 889 4544 cod.
902 4495 949 4546 len.
985 4497 1033 4550 Abs
1046 4499 1097 4550 ced
1113 4499 1211 4566 nuria.

71 4555 216 4624 scoepbam,
383 4589 389 4604 .
652 4563 715 4612 obest
732 4563 807 4615 canole
823 4565 967 4629 rubscrtptto.
