3066 5016
277 268 339 332 492
699 282 823 335 ειιιοτι
840 281 1011 333 εειειιιιιιι

277 396 328 464 διά
345 398 400 483 τήν
417 403 488 482 μίαν
509 407 570 466 τάν
589 406 692 466 πασοῑν
709 400 919 483 διωρισμένην,
948 395 1031 490 μόνῃ)
1047 399 1080 464 δὲ
1093 405 1136 484 τῷ
1153 399 1273 485 νυμφίῳ
1291 404 1442 483 κειτλιγρω·

239 544 240 549 1
278 503 385 584 μένην,
414 500 465 567 ὑπ’
490 501 582 569 αότοῦ
605 502 639 567 δὲ
661 499 901 586 ὁμολογουμένην
923 507 960 590 τῇ
982 504 1083 590 τοιᾷδε
1105 497 1250 586 όνομασίιγ
1271 497 1334 578 ὅτι,
1371 505 1444 566 Μία

139 628 192 674 εει-
207 618 263 665 lm
279 605 341 670 ίστλ
361 603 518 692 περιστερά
535 631 610 688 μου,
631 606 683 668 καλ
699 602 803 684 πάλιν,
837 607 936 668 Τελεία
952 629 1025 686 μου·
1050 599 1091 678 οἷς
1105 609 1165 668 ταῖν
1177 599 1443 669 πασῶνπαλίακίμ

276 710 337 772 δων
362 704 494 793 άγεννῶν
519 706 635 786 οάσοῖν,
665 710 715 773 καί
740 706 798 774 οάκ
822 709 853 774 έν
876 706 988 794 άκαιιίῃι
1013 706 1283 790 ἐπιμετρουμένου,
1316 705 1395 771 οὗδδ
1413 709 1445 772 έν

276 806 377 898 άγνείςι
393 813 445 875 καί
458 808 622 894 ήμιρότῃτι.
667 811 736 875 Είσλ
753 810 807 892 μὲν
821 801 876 875 οὖν
891 806 1029 893 άπαργῆς
1044 805 1263 889 συναπτόμεναι
1275 815 1320 896 τρῐ
1330 816 1443 874 καλου-

276 913 355 1000 μένῳ
377 917 576 1001 Βαρβαρισμῷ
591 915 643 978 καλ
664 919 832 1000 Σκυθιομῷ
849 909 914 995 άγρι
937 917 996 975 ταῖν
1019 911 1240 995 προειρημένων
1262 918 1445 976 Μασσαλια-

276 1021 337 1080 νων
352 1011 391 1081 δι’
406 1013 458 1080 τόν
479 1013 628 1100 άριθμόν,
659 1017 709 1082 καλ
729 1012 934 1096 Ἑλληνισμός,
962 1015 992 1090 ἐξ
1010 1005 1048 1078 οὗ
1066 1016 1100 1076 αί
1116 1009 1282 1094 Ἑλληνικαί
1297 1016 1439 1098 αἱρέσεις,

275 1118 324 1182 καλ
343 1115 545 1199 ’ίουδαϊσμδς,
568 1120 598 1195 έξ
613 1111 651 1182 οὗ
665 1116 843 1194 Ἰουδαϊκαλ,
865 1117 915 1180 καλ
935 1113 1153 1200 Σαμαρειτική,
1180 1117 1211 1193 έξ
1227 1108 1265 1198 ής
1282 1119 1317 1180 αί
1332 1123 1442 1200 Σαμα·

277 1221 412 1304 ρειτικαλ,
434 1227 494 1284 τῶν
510 1227 600 1304 τριῶν
616 1221 666 1285 έπλ
680 1215 733 1285 τόν
748 1216 970 1301 ἑβδομηκοστόν
985 1219 1113 1300 ἕβδομον
1131 1217 1265 1302 άριθμδν
1279 1231 1442 1304 προςτιθε-

275 1324 389 1404 μένων,
419 1323 461 1398 είς
477 1319 701 1409 όγδοῃκοντάδα
724 1319 857 1405 άριθμόν
873 1322 1101 1404 πληρουμένων,
1128 1323 1180 1386 καλ
1202 1328 1256 1403 τῆς
1273 1329 1343 1404 μιᾶς
1358 1349 1443 1408 περι-

273 1427 464 1508 λειπομένης,
486 1428 634 1492 τουτέστιν
652 1421 672 1508 ή
692 1421 760 1509 άγία
778 1421 928 1505 καθολική
950 1425 1102 1506 έκκλῃσία,
1131 1425 1181 1489 καλ
1207 1426 1444 1508 Χριστιανισμός

275 1524 369 1603 ὅντως
393 1525 602 1611 ω’νομασμένος
627 1527 776 1612 άπαργῆς,
806 1528 855 1591 καί
880 1524 936 1591 σάν
950 1533 991 1614 τῷ
1009 1524 1107 1608 Ἀδάμ
1122 1529 1173 1591 καί
1190 1525 1249 1612 πρό
1268 1535 1322 1592 τοῦ
1337 1527 1441 1610 Ἀδάμ

274 1631 327 1694 καλ
350 1629 409 1713 πρό
427 1627 546 1696 πάντων
567 1636 627 1696 των
642 1628 762 1696 αίάνων
780 1627 836 1694 σδν
858 1635 992 1717 Χριστῷ,
1024 1628 1166 1711 θελήματι
1182 1636 1237 1695 τοῦ
1256 1629 1373 1714 πατρός
1390 1635 1443 1696 ιαλ

275 1735 345 1797 νίοῦ
357 1734 408 1796 καὶ
424 1730 512 1818 άγίου
527 1731 704 1814 πνεύματος,
725 1734 776 1798 καλ
791 1729 862 1814 μετά
878 1729 999 1798 πάντων
1013 1738 1072 1798 τῶν
1085 1729 1160 1797 κατά
1175 1729 1277 1816 γενεάν
1289 1741 1355 1822 θεῷ
1373 1732 1442 1798 εάα·

275 1832 478 1921 ρεστησάντων
490 1835 709 1918 πιστευόμενος,
731 1837 782 1900 καὶ
796 1836 827 1900 έν
842 1841 878 1923 τή
893 1833 987 1899 αὐτοῦ
1004 1839 1153 1922 παρουσίᾳ
1169 1837 1201 1900 έν
1212 1833 1316 1924 κόσμῳ
1331 1845 1443 1916 σαφῶς

275 1935 522 2020 ἇιτοιιαλυιρθιλς,
544 1939 595 2003 καλ
612 1944 668 2002 νῦν
682 1937 754 2020 μετά
768 1936 820 2013 τάς
835 1938 962 2020 αἱρέσεις
975 1935 1083 2013 ταότας
1099 1936 1212 2016 παίσας,
1239 1936 1292 2014 τάς
1308 1936 1347 2020 δή
1364 1947 1442 2003 παλ-

274 2045 412 2120 λακίδας,
434 2037 488 2121 δυ’
511 2037 622 2123 8ήμοδν
638 2040 726 2107 πάλιν
742 2037 1002 2121 4ἐξαρνούμενος,
1025 2035 1066 2116 οἱς
1084 2037 1161 2105 κατά
1179 2037 1233 2123 τήν
1248 2035 1442 2107 ἀκολουθίαν

274 2141 447 2228 τοῦλόγου.

137 2379 204 2444 1⁸9,
222 2377 252 2442 γ,
361 2346 462 2425 Λάιός
473 2346 530 2434 γάρ
543 2345 561 2413 ό
575 2347 662 2435 λόγος
676 2351 709 2415 έν
723 2355 785 2424 τοῖς
795 2345 953 2431 ’Ἀισμασιν
967 2347 1064 2424 οὕτως
1076 2346 1255 2432 ἠρίθμησεν,
1274 2343 1441 2430 Ἑξήιιοντα

274 2455 443 2534 βασιλίσσας
458 2449 574 2534 φήσας,
596 2453 646 2516 καί
661 2449 847 2537 δγδοήκοντα
861 2455 1057 2530 παλλακίδας,
1080 2453 1131 2516 καλ
1147 2449 1299 2531 νεάνιδας,
1324 2443 1369 2516 dv
1384 2449 1441 2516 οάα

274 2555 352 2619 ίστιν
368 2551 510 2638 ἀριθμός.
554 2559 625 2619 Μία
642 2553 689 2634 δὲ,
712 2555 802 2636 φῃσλ,
826 2556 887 2619 έστλ
901 2553 1056 2638 περιστερά
1071 2579 1149 2635 μου,
1178 2557 1268 2618 τελεία
1284 2579 1361 2636 μου·
1386 2559 1440 2635 μία

273 2658 335 2724 έοτί
351 2663 388 2745 τῇ
404 2657 490 2740 μητρί
505 2653 599 2738 αάτής
613 2653 732 2738 ίκλεκτή
747 2664 784 2746 τῇ
798 2655 926 2747 τεκοόσῃ
944 2653 1047 2738 αότήν.
1091 2657 1153 2720 Καὶ
1167 2654 1291 2741 ὕστερον
1305 2659 1440 2722 δείκνυσι

274 2765 339 2835 πῶς
353 2755 435 2842 παρά
451 2767 543 2824 πᾶσιν
556 2755 759 2844 εὖρεθήσεται,
782 2755 824 2835 τίς
838 2761 1009 2843 έντιμοτέρα
1021 2765 1125 2824 πασῶν
1139 2751 1225 2839 οὖσα,
1247 2760 1298 2823 καί
1315 2757 1440 2824 πάντων

275 2859 467 2941 δεσπόζονσα,
489 2863 542 2927 καὶ
562 2860 665 2949 ἀὐτῷ
679 2861 757 2944 μόνη
772 2863 968 2946 ἒκλελεγμένῃ,
990 2853 1028 2944 ής
1043 2859 1080 2926 τά
1093 2862 1181 2926 τίκνα
1196 2859 1369 2946 κλῃρονόμα
1383 2869 1440 2927 τοῦ

274 2966 433 3046 βασιλέως,
454 2966 506 3030 καί
520 2966 609 3030 τέκνα
627 2962 774 3046 άληθινά,
796 2961 838 3040 οἷς
852 2966 940 3030 τέκνα
957 2973 1009 3046 τῆς
1026 2967 1208 3049 ἐπαγγελίας,
1229 2967 1281 3028 καλ
1297 2957 1440 3030 οά’τέιινα

273 3074 326 3149 τῆς
339 3071 507 3149 παιδίσκης,
530 3065 597 3133 οὔτε
611 3071 800 3147 παλλακίδος,
823 3065 892 3133 οὔτε
906 3074 966 3132 τῶν
979 3064 1074 3131 άλλων
1085 3072 1144 3131 τόν
1156 3063 1336 3152 άναρίθμως
1351 3069 1439 3152 έρμῃ-

274 3169 446 3251 νευομένων.
471 3173 514 3234 Et
523 3168 579 3255 γάρ
594 3172 645 3235 καλ
659 3167 720 3236 άπό
735 3169 906 3254 Χεττοάρας
919 3177 973 3252 τῆς
986 3171 1164 3244 παλλακίδος
1177 3171 1258 3251 ἔσχεν
1270 3165 1291 3234 δ
1300 3165 1438 3254 Ἁβραάμ

272 3273 376 3349 τέκνα,
405 3268 443 3336 οδ
458 3271 685 3356 συγκλῃρονόμα
701 3271 838 3358 τυγχάνει
851 3271 888 3336 τά
903 3274 990 3337 τέκνα
1005 3279 1058 3354 τῆς
1079 3270 1247 3356 Χεττοόρας
1263 3277 1307 3359 τῷ
1322 3268 1439 3337 Ἰσαάκ·

273 3373 390 3456 δόματα
404 3373 437 3438 δέ
454 3375 567 3458 ἔλαβεν,
584 3372 633 3452 ,τίς
648 3373 776 3460 λῃγάτον
795 3372 894 3460 χάριν·
915 3378 967 3440 ίνα
980 3371 1001 3439 ό
1014 3373 1108 3450 τύπος
1123 3375 1207 3456 μένοι
1219 3375 1261 3449 είς
1277 3368 1440 3460 άναγαιγήν

270 3482 325 3542 τοῦ
341 3473 442 3561 λόγου,
465 3479 506 3553 εἰς
522 3474 556 3543 τό
571 3478 612 3560 μή
627 3474 785 3543 άπελπίσαι
801 3474 882 3553 τινάς
902 3484 955 3561 τῆς
969 3483 1023 3543 τοῦ
1040 3483 1171 3562 Χριστοῦ
1189 3475 1331 3558 κλήσεως.
1379 3481 1438 3542 Καί

271 3577 327 3664 γάρ
344 3577 381 3642 τά
395 3577 527 3662 δόματα,
560 3579 580 3644 ά
598 3583 690 3646 έδωκε
707 3587 747 3668 τῷ
760 3578 880 3663 Ἰσμαήλ
896 3582 948 3645 καλ
963 3589 1026 3655 τοῖς
1041 3583 1118 3655 υἱοῖς
1135 3579 1321 3662 Χεττοτίρας,
1344 3580 1440 3655 τόνους

270 3673 309 3762 ήν
326 3687 386 3746 τῶν
409 3681 572 3764 μελλόντων
593 3684 715 3749 έσεσθαι
740 3683 891 3768 λάγαθοῑν
907 3685 949 3758 είς
968 3680 1150 3766 έιιιστροφήν
1167 3689 1273 3764 ψυχῶν
1291 3681 1375 3766 πρός
1387 3681 1441 3766 τήν

270 3788 368 3848 πίστιν
388 3786 440 3849 καί
463 3783 517 3867 τήν
539 3783 692 3867 ἀλήθειαν.
742 3791 785 3874 Τῃ
802 3785 854 3868 μδν
870 3784 926 3871 γάρ
937 3783 1034 3870 ’Ἅγαρ
1049 3787 1191 3874 παιδίσκῃ
1210 3782 1288 3874 οὔσῃ
1306 3787 1362 3850 καλ
1378 3783 1439 3850 τἰκό

271 3892 326 3951 τοῦ
339 3883 472 3972 Ἀβραάμ
489 3889 668 3977 έκβλῃθείσῃ
684 3884 737 3964 (οἷς
752 3885 773 3969 ή
789 3885 973 3953 δουλεύουσα
988 3883 1070 3953 κάτω
1083 3882 1273 3970 Ἰερουσαλήμ
1289 3885 1366 3968 μετά
1382 3895 1441 3953 τεόν

271 3989 382 4054 τέκνων
399 3988 508 4071 αὐτῆς,
537 3992 603 4072 περλ
620 3983 659 4073 ής
674 3992 801 4074 είρηται,
829 3989 1002 4074 Ἀπὲρριψα
1023 3987 1076 4072 τήν
1096 3990 1206 4074 μητέρα
1228 3985 1358 4071 θόμοδν,
1390 3993 1440 4056 καί

137 4120 188 4166 τις,
200 4110 257 4156 lm.
272 4089 376 4170 πάλιν,
399 4089 521 4158 Ἕδοικα
538 4095 653 4176 βιβλίον
667 4089 850 4158 άποστασλου
874 4095 916 4168 είς
929 4090 984 4168 τάς
999 4100 1100 4176 χεῖρας
1113 4091 1233 4175 αὐτῆς),
1260 4091 1361 4181 ταύτῃ
1384 4091 1439 4179 γάρ

271 4199 307 4281 τῃ
323 4197 480 4284 παιδίσκῃ,
494 4192 590 4280 ’Ἅγαρ
605 4219 651 4274 τε,
674 4197 778 4278 φιγμλ,
792 4195 1049 4278 συμβολικώτερον
1064 4191 1102 4260 δι’
1119 4197 1222 4260 ἐλπίδα
1240 4195 1438 4280 ἐπιστροφῆς,

272 4292 365 4361 άσκδν
387 4299 508 4362 δίδωσιν
533 4296 658 4373 ὕδατος·
688 4301 738 4362 ’ίνα
756 4301 836 4387 δείξῃ
860 4305 914 4363 τοῦ
930 4304 1056 4382 λουτροῦ
1073 4303 1126 4381 τῆς
1142 4301 1366 4382 παλιγγενεσίας
1387 4298 1438 4380 τήν

304 4449 329 4502 3.
347 4446 423 4516 ήμων
437 4454 506 4502 αοιλιλ
521 4468 576 4504 αιιι.
613 4450 684 4519 δμῶν
701 4456 765 4505 editi.
866 4458 950 4506 νεανίαι
962 4461 1063 4507 νιτίετοί
1079 4472 1161 4506 rursus
1177 4471 1193 4504 τ
1206 4453 1280 4504 nobis
1297 4455 1368 4505 ium
1383 4472 1437 4506 οτι-

305 4519 330 4568 4.
348 4515 529 4585 ίξυμνοάμτνος
545 4524 654 4583 rescripsi
675 4537 724 4584 τρο.
762 4525 836 4588 Vulva
868 4523 945 4574 tionis
962 4523 1168 4592 consequentiam
1184 4521 1335 4574 celebratus.

271 4584 464 4656 ίξνμνονμίνας,
483 4590 557 4640 invita
573 4592 691 4642 τιοιιτλία
715 4591 768 4643 lam
777 4594 834 4644 Gor·
904 4591 962 4644 cn.
984 4593 1090 4644 v11.-
1127 4593 1149 4644 1.
1166 4583 1244 4644 αὑτοῦ
1268 4594 1382 4644 mda-
1402 4597 1433 4642 ια
