3072 5002
318 335 727 392 ranannnmucuotar.
744 337 982 392 necamur.
1169 325 1231 391 att

72 457 100 522 in
116 457 215 524 animo
231 457 378 524 habebam
395 458 598 540 occultarunt,
632 480 697 523 oum
715 458 785 524 nibil
803 457 880 522 aliud
899 468 1018 544 praeter
1034 458 1104 524 illud
1121 457 1151 524 io
1166 459 1230 544 opi·

71 561 155 624 aione
176 560 334 640 baberent,
366 560 441 646 quod
463 581 565 624 eorum
580 561 675 646 gratis
695 562 829 626 lecerunt
846 559 894 645 qui
910 581 944 624 se
961 561 996 624 ad
1013 561 1143 647 ipsorum
1161 583 1230 627 coe·

70 673 126 726 tuor
143 675 397 750 aggregaverant,
435 663 568 727 bominss
591 663 719 748 alioquin
744 663 920 740 orthodoxi,
950 663 1002 726 sed
1027 665 1227 743 simulatores,

69 775 98 827 et
112 767 298 853 imperatoris
322 765 461 852 potestati
479 764 664 845 servientes,
697 767 878 850 eandemque
902 765 1146 846 reformidantes,
1180 767 1231 852 qui

69 889 164 932 secum
190 869 317 934 ioricam
342 869 511 933 inimicitias
534 870 727 934 exercebant.
771 866 849 933 Nem
872 865 1034 954 Eutpobius
1053 865 1230 934 Eleuthero-

67 969 229 1056 politanus,
261 982 361 1058 utpote
387 993 403 1036 a
429 972 515 1036 beato
538 969 713 1036 Maximona
735 969 1010 1055 Hierosolymitano
1034 971 1173 1057 episcopo
1194 993 1229 1036 ae

68 1077 239 1139 eoniessore
261 1075 424 1140 catholicoe
448 1075 515 1138 lidei
537 1074 680 1139 institutis
697 1076 837 1153 edoctus,
871 1084 992 1159 propter
1008 1069 1113 1160 Cprilli
1131 1073 1230 1140 odium

66 1178 97 1239 ad
116 1177 260 1241 Acacium
284 1198 352 1242 sese
372 1198 432 1241 non
455 1177 603 1242 adiunxit.
651 1173 710 1260 Qui
729 1175 846 1261 quidem
864 1176 1013 1261 aliquanto
1032 1188 1163 1261 tempore
1180 1197 1229 1242 ea·

66 1277 200 1343 tbolicana
215 1281 298 1344 iidem
318 1280 498 1365 amplectens
516 1278 666 1364 diguitatis
682 1299 758 1343 suae
776 1279 948 1343 retinendae
973 1278 1069 1366 gratis
1093 1280 1229 1344 dissimo-

66 1381 149 1461 lavita
175 1393 254 1445 utet
272 1382 321 1446 alii
337 1378 525 1446 Palaestinae
543 1382 709 1468 complures
724 1381 867 1467 episcopi.
911 1379 1042 1467 Propter
1059 1403 1133 1468 quos
1150 1381 1230 1446 Aca·

66 1485 123 1547 eius
139 1505 208 1548 cum
223 1485 287 1549 suis
302 1486 404 1548 eadem
422 1485 504 1548 rabie
522 1495 552 1548 et
567 1484 747 1549 infidelitatis
768 1485 869 1550 irrroro
892 1484 997 1570 perciti
1016 1484 1086 1549 nibil
1103 1486 1138 1548 ad
1156 1495 1228 1548 tem-

65 1608 113 1670 pus
131 1587 168 1651 de
189 1587 272 1652 bisce
295 1586 479 1672 dogmatibus
500 1607 622 1650 monere
646 1587 820 1666 voluerunt,
855 1607 950 1672 neque
974 1598 1025 1652 aul
1045 1587 1227 1669 affirmando,

65 1700 111 1753 aut
133 1691 271 1775 cepada
295 1689 533 1776 pronuntiarunt.
580 1686 641 1755 Sed
663 1686 839 1769 Seleuciae,
870 1711 945 1774 quae
970 1691 1085 1774 Aspera
1109 1691 1227 1770 dicitur,

67 1791 92 1854 in
109 1787 224 1856 isauria
240 1787 409 1858 Constantii
431 1792 619 1879 imperatoris
637 1793 720 1856 iussu
736 1794 908 1878 congregati
924 1793 1010 1858 aliam
1028 1793 1093 1858 olet
1118 1794 1229 1858 formu·

66 1893 115 1956 lam
139 1905 327 1980 proponunt,
361 1917 418 1960 ooo
446 1896 561 1980 qualem
583 1905 683 1982 patres
706 1895 774 1959 olim
793 1895 822 1958 in
840 1893 977 1961 Nicaens
995 1897 1111 1983 synodo
1127 1896 1229 1960 ortlro·

64 1994 168 2060 doxam
193 2019 230 2060 ac
247 1999 427 2084 praeclaram
453 1998 658 2076 instituerant,
693 1999 744 2062 sed
763 1997 868 2062 callide
890 2019 925 2061 oc
944 1999 1010 2062 licte
1033 1998 1168 2064 simulata
1183 2010 1228 2064 ta·

64 2120 124 2163 men
147 2099 357 2186 simplicitate,
382 2101 460 2166 bruno
482 2101 511 2164 in
535 2101 651 2166 modum
675 2101 925 2186 conscripserunt.

142 2197 304 2267 Credimus
319 2202 350 2268 in
367 2225 455 2270 unum
474 2203 579 2283 doum,
603 2214 716 2289 patrem
734 2203 965 2289 omnipotentem
985 2213 1064 2281 etc.,
1097 2210 1128 2266 et
1147 2202 1177 2266 in
1194 2203 1226 2266 li·

65 2303 127 2367 liom
154 2305 204 2369 dei
229 2315 307 2385 ete,
342 2306 530 2392 simpliciter,
563 2327 597 2370 ao
624 2305 694 2370 nibil
720 2304 924 2369 vehementius
949 2305 1069 2371 elocuti.
1115 2300 1226 2369 Postea
1351 2319 1359 2334 ·

66 2427 132 2471 aero
153 2419 245 2472 totam
265 2418 297 2472 ut
316 2408 440 2474 iabulsm
460 2420 601 2494 agerent,
626 2409 818 2487 addiderunt,
844 2404 1105 2472 consubstantiale
1129 2407 1227 2472 reiici-

66 2531 139 2589 mus,
167 2521 304 2595 tauquam
322 2534 339 2574 s
354 2511 448 2576 sacris
465 2512 560 2576 literis
575 2511 715 2577 alienum.
763 2508 842 2576 lstud
861 2531 934 2576 vcro
952 2511 1143 2588 damnamus,
1168 2511 1227 2574 dis·

65 2612 184 2677 similem
201 2634 270 2680 esse
287 2613 378 2699 patris
401 2615 502 2679 fllium.
550 2615 649 2699 Atque
666 2614 739 2679 baec
758 2615 872 2678 demum
890 2625 955 2677 erat
971 2613 1226 2678 callidissimorum

64 2727 233 2781 renatorum
261 2716 412 2782 illecebra.
458 2715 510 2782 Sic
535 2718 613 2781 enim
638 2717 716 2782 inter
743 2737 811 2781 sese
835 2715 1046 2797 mussitabant,
1082 2737 1116 2779 ao
1139 2715 1228 2780 doce-

65 2817 144 2884 bant:
171 2815 320 2884 Creatora
334 2820 450 2906 quidem
469 2830 516 2885 est
531 2820 576 2884 dei
595 2821 688 2900 liliosa
723 2821 774 2885 sed
793 2819 896 2883 similis
918 2821 1010 2905 patri,
1034 2840 1072 2881 eo
1090 2818 1228 2884 videlicet

66 2943 149 2989 seusu
170 2922 221 3008 qui
235 2922 364 2987 omnium
379 2922 526 2987 bominum
544 2945 600 2988 usu
616 2945 651 2988 ac
665 2923 878 2987 consuetudine
897 2920 1048 2986 familiaris
1063 2931 1121 2986 est.
1155 2919 1228 2985 Ete-

67 3026 117 3088 nim
135 3027 250 3114 plastac
271 3037 384 3116 statuas
397 3026 554 3110 effingunt,
588 3049 623 3091 ac
637 3025 792 3091 simulacra
808 3046 849 3088 ex
865 3044 955 3103 auro,
987 3035 1130 3105 argento,
1155 3023 1228 3088 alia-

66 3148 98 3192 re
113 3128 255 3208 materia,
286 3139 336 3192 aut
360 3128 509 3193 coloribus
531 3128 561 3192 io
584 3129 663 3212 ligno
685 3128 873 3214 exprimuut3
908 3147 983 3212 quoe
1008 3125 1226 3203 similitudinem

67 3229 168 3296 babent
184 3232 234 3296 ills
248 3229 383 3316 quidem,
415 3229 634 3315 exemplaribus
658 3249 731 3294 vero
755 3229 816 3293 suis
834 3229 913 3292 nullo
933 3229 1020 3292 morlo
1035 3239 1104 3292 sunt
1120 3249 1228 3313 aequa-

68 3331 110 3397 lia.
156 3331 210 3399 Sic
234 3333 350 3397 abillis
374 3332 477 3397 callide
501 3333 635 3417 quiddam
659 3332 860 3416 excogitatum
884 3341 931 3396 est
958 3330 1121 3396 buiusmodi
1143 3341 1176 3396 ut
1194 3332 1228 3396 li·

67 3434 129 3499 lium
147 3436 223 3522 pstri
241 3435 366 3500 similem
386 3456 454 3499 esso
473 3436 654 3513 faterentur,
686 3433 756 3498 licet
773 3432 843 3498 nibil
861 3433 972 3517 inipso
992 3444 1134 3520 paternae
1152 3433 1227 3499 divi·

67 3537 159 3603 nitatis
172 3538 298 3603 inesset.
347 3535 428 3602 llaec
443 3537 558 3601 illorum
576 3538 695 3601 decreta
713 3535 864 3615 nonnulli,
888 3537 935 3622 qui
956 3558 1022 3601 cum
1038 3535 1111 3620 ipsis
1128 3545 1226 3617 crant,

66 3642 163 3724 partim
180 3650 301 3728 propter
317 3641 457 3726 temporis
474 3639 668 3704 calamitatem
686 3639 901 3725 approbarunt,
926 3650 956 3702 et
974 3660 1046 3703 vero
1062 3660 1168 3724 magna
1187 3658 1227 3704 ex

69 3754 143 3826 parte
159 3742 272 3807 conscii
294 3764 329 3806 ao
350 3744 481 3807 lautores
498 3753 594 3806 erant.
640 3740 767 3826 Quidam
789 3752 887 3806 tameo
909 3742 996 3807 inscii
1014 3752 1044 3805 et
1060 3741 1227 3826 impruden·

71 3854 109 3908 tes
134 3845 248 3932 abrepti
275 3856 360 3924 sunt,
394 3856 426 3910 ut
449 3846 537 3933 paulo
559 3854 624 3932 post
644 3845 790 3931 apparuit.
834 3843 931 3909 Erant
954 3844 1032 3909 enim
1059 3842 1227 3909 interillos

71 3943 250 4034 Patropbilus
269 3947 548 4035 scythopolitanus,
572 3958 603 4011 et
617 3944 787 4034 Philippus,
813 3948 861 4033 qui
881 3947 965 4012 buius
981 3965 1139 4010 successor
1156 3967 1227 4012 cou-

72 4051 181 4116 stitutus
198 4051 260 4115 illic
279 4051 390 4132 luerat,
422 4073 488 4114 cum
507 4051 572 4115 aliis
593 4051 756 4138 plerisque,
789 4052 837 4135 qui
858 4049 931 4113 banc
956 4049 1099 4113 baeresim
1117 4050 1227 4136 ample·

71 4154 226 4218 etebantur.
275 4149 370 4218 Hodie
393 4176 465 4218 vero
484 4165 550 4241 post
574 4154 691 4218 illorum
714 4153 841 4232 obitum,
874 4151 923 4216 ubi
942 4152 1071 4240 ipsorum
1091 4152 1226 4238 impietas

72 4253 149 4341 louge
166 4257 284 4343 lateque
302 4267 480 4344 propagata,
506 4255 655 4322 audaciam
675 4277 710 4320 ac
728 4255 875 4318 licentiam
897 4256 974 4319 nacti
991 4277 1026 4318 ao
1044 4256 1142 4320 caruis
1158 4256 1227 4321 bra·

72 4357 129 4422 abio
146 4361 229 4441 laeti,
254 4361 333 4425 nulla
351 4382 384 4425 re
403 4361 459 4424 iam
477 4359 630 4438 obstante,
664 4379 787 4444 quorum
805 4357 959 4424 consilium
976 4357 1103 4424 inierant
1124 4369 1225 4446 aparte

73 4578 135 4625 tm
146 4573 205 4620 certe
220 4569 363 4620 amrium
379 4571 438 4620 recte
454 4570 629 4634 immotum
644 4579 693 4618 esse
709 4565 778 4618 otdeo
794 4573 853 4640 post
868 4561 941 4626 hooc,
