3068 5008
45 191 52 250 i
472 269 797 322 anacernacucosrs.
1152 259 1211 322 cat

67 384 215 448 cuiusmodi
231 397 300 450 sunt
322 387 496 452 dalmaticae
516 389 699 467 coccolobin,
732 389 882 454 citatiore
901 389 1044 474 quaedam
1063 387 1214 474 phyiacte-

66 487 121 565 rio,
152 487 204 550 hoc
224 499 271 552 est
288 501 458 574 segmenta,
489 491 678 576 fimbriaeque
704 513 870 578 purpureae
895 513 930 556 ac
959 492 1160 574 malogranata
1179 490 1216 553 ad

66 591 180 652 vestium
204 611 273 654 oras
299 613 446 677 appensa,
481 615 555 676 quae
582 594 778 680 temporariae
803 595 880 658 itlius
906 593 1106 657 continentiae
1129 591 1216 676 sigua

63 691 271 775 praeferebant.
319 691 408 758 iidem
433 705 582 780 postremo
604 717 732 782 geneses
755 717 790 759 ac
813 697 902 759 iatum
926 696 1162 760 introducebant.

142 895 323 962 Sadducaeis
348 899 384 962 ab
404 900 595 964 exactissima
611 901 722 964 iustitia
745 922 850 964 nomeu
869 911 926 964 est.
974 897 1033 982 Qui
1051 921 1067 961 e
1084 896 1217 964 Samari-

61 1012 188 1088 tanorum
206 1021 317 1084 genere
334 1024 349 1064 a
366 1005 521 1066 sacerdote
540 1004 664 1087 quodam
682 999 781 1067 Sadoc
798 1013 893 1066 ortum
910 1001 1087 1065 habueruut.
1132 999 1218 1066 Mor·

60 1113 170 1166 tuorum
190 1104 439 1168 resurrectionem
463 1107 618 1184 dumuaut3
653 1105 789 1188 angeium
810 1127 844 1168 ac
861 1104 995 1189 spiritum
1018 1103 1149 1168 tunditns
1165 1123 1217 1168 ue·

57 1217 141 1288 gant,
165 1216 264 1270 cetera
288 1203 462 1271 iudaeorum
486 1206 609 1272 similes.

139 1305 416 1394 Hemerobaptistae
441 1309 511 1372 nihii
530 1309 566 1372 ab
587 1308 704 1374 iudaeis
735 1319 940 1395 praeterquam
960 1308 1016 1372 boc
1032 1329 1091 1372 nno
1107 1307 1217 1372 discre-

57 1419 178 1491 paruut‚
202 1411 277 1494 quod
297 1411 443 1474 nemiuem
463 1423 603 1476 aeternae
619 1413 697 1475 vitae
713 1423 876 1496 compotem
895 1431 962 1474 esse
981 1431 1068 1496 posse
1084 1411 1218 1474 dicerent

58 1509 112 1574 uisi
135 1512 263 1595 qnotidie
286 1513 412 1576 lavaret.
835 1523 839 1529 '

141 1609 262 1692 esseut,
287 1635 409 1698 quorum
429 1637 534 1680 uorueu
552 1615 779 1699 procacissimus
795 1615 953 1700 siguificat.
1001 1614 1059 1699 Qui
1075 1636 1115 1678 ex
1131 1635 1217 1699 prae·

57 1717 167 1801 scripto
181 1718 256 1800 legis
273 1719 370 1781 oinuia
389 1719 552 1796 iaciebant,
584 1720 635 1782 sed
655 1719 727 1782 alias
744 1729 898 1803 praeterea
916 1719 1077 1802 scripturas
1096 1716 1216 1782 adbibe-

54 1819 140 1896 baut,
165 1831 195 1880 et
217 1841 255 1882 ex
280 1820 494 1903 posterioribus
518 1819 667 1905 prophetis
691 1820 847 1906 pterosque
871 1819 1055 1884 reiiuiebant.

137 1918 326 1985 Nassaraeos
357 1933 545 1985 contutuaces
577 1922 765 2006 interpretari
800 1923 916 2006 possis,
950 1923 998 2005 qui
1031 1922 1129 1986 carinis
1161 1943 1216 1986 usu

53 2044 174 2107 prorsus
190 2023 379 2088 interdicunt.
426 2023 474 2087 nh
491 2022 627 2087 animatis
644 2024 811 2100 abstineut,
848 2024 1028 2107 patriarchas
1047 2026 1216 2110 omnesqui

51 2125 82 2186 iu
111 2122 312 2189 Pentateucho
340 2127 374 2190 ad
403 2123 520 2210 Moysis
544 2137 573 2188 et
598 2122 665 2187 iesu
691 2125 740 2188 titii
759 2123 848 2188 Nave
869 2137 1000 2210 tempora
1027 2127 1217 2192 conticentur

51 2228 223 2290 adsciscunt
240 2239 270 2290 et
289 2229 327 2294 iis
350 2229 433 2290 fidem
459 2228 616 2305 adhibent,
649 2226 915 2304 commotisunt,
947 2227 1096 2305 Abuaaur,
1132 2225 1215 2292 isaac
1306 2237 1310 2242 '

49 2341 81 2392 et
101 2324 206 2408 iacob,
237 2331 333 2414 iisque
355 2330 526 2415 superiores
554 2349 676 2407 omues,
710 2351 765 2392 occ
791 2351 848 2392 uon
874 2342 903 2392 ct
923 2326 1048 2414 Moyses
1067 2331 1130 2416 ipse
1148 2353 1212 2395 cum

48 2432 175 2494 Aaroue
202 2444 289 2516 atque
312 2431 391 2496 iesu.
438 2429 578 2498 Ceterum
605 2431 732 2516 quinque
757 2433 805 2496 itta
831 2432 978 2495 volumina
1003 2431 1121 2519 Moysis
1146 2455 1213 2500 csse

48 2554 111 2596 nou
136 2543 256 2617 putant,
281 2536 389 2598 etatis
414 2537 450 2598 ab
474 2536 510 2598 iis
533 2537 650 2599 diversa
675 2555 764 2620 peaes
787 2555 820 2598 se
843 2556 910 2598 esse
933 2535 1078 2600 iactitant.
1158 2533 1170 2549 ⁸

139 2736 298 2802 Herodiaui
317 2761 381 2802 oum
405 2738 528 2803 ludaeos
543 2740 572 2802 iu
594 2739 729 2804 omnibns
743 2761 810 2803 sese
827 2751 1030 2825 praestarent,
1062 2738 1211 2805 Herodem

44 2839 201 2906 Christum
219 2862 287 2905 esse
300 2843 529 2925 profitebantur,
565 2842 650 2926 eique
670 2839 780 2906 Christi
801 2842 972 2926 dignitatem
991 2865 1026 2906 ac
1043 2865 1150 2908 nomeu
1169 2846 1213 2908 ai-

41 2943 210 3026 dirigebant.

135 3042 252 3108 Primus
278 3047 333 3110 iste
353 3058 448 3110 tomus
470 3058 533 3123 est,
567 3046 614 3130 qni
640 3046 780 3111 haereses
797 3043 860 3110 XX
880 3047 1031 3126 continet,
1064 3049 1140 3112 etin
1160 3069 1212 3112 eo-

40 3149 113 3210 dem
139 3149 175 3210 de
193 3149 395 3213 incarnatione
416 3146 527 3213 Christi
553 3149 741 3212 austeritatis
769 3150 953 3233 professione
980 3161 1129 3235 postremo
1147 3151 1212 3216 ioco

38 3253 217 3316 disseritur.

140 3454 292 3520 Hactenus
319 3456 418 3540 itaque
435 3453 500 3520 XX
528 3456 642 3520 iliarum
667 3456 832 3520 haereseon
855 3477 929 3540 qnae
953 3452 1102 3520 Christum
1129 3468 1212 3522 aute·

33 3570 204 3622 cesserunt
225 3559 386 3622 confutatio
415 3579 449 3622 ac
472 3557 538 3620 tidei
562 3569 591 3620 et
613 3559 824 3623 incarnationis
848 3554 961 3623 Christi
992 3560 1140 3626 declarata
1163 3581 1211 3624 ra·

34 3663 85 3725 tio
113 3671 172 3724 est.

135 3761 196 3826 Sed
214 3784 229 3826 e
246 3765 371 3848 vestigio
391 3760 501 3828 Christi
522 3761 590 3826 iesu
607 3763 714 3827 domiui
730 3765 823 3826 nostri
840 3765 985 3828 adventus
1001 3785 1066 3827 cum
1083 3783 1118 3825 eo
1135 3763 1211 3846 quod

30 3876 223 3952 susceperat
241 3887 365 3950 corpore
385 3876 563 3930 consecutus
582 3878 645 3942 est,
671 3865 719 3948 qui
736 3879 767 3929 et
787 3863 843 3930 Vii
866 3867 931 3930 ilias
949 3868 1088 3931 haereses
1104 3863 1212 3930 fliero-

28 3970 171 4054 soiymis
195 3969 334 4045 otendit,
367 3977 397 4030 et
415 3969 533 4032 easdem
560 3990 613 4032 sua
634 3968 662 4029 vi
681 3968 836 4052 dissipavit
858 3979 887 4030 et
911 3969 1053 4032 extinxit.
1101 3967 1212 4052 Quam·

29 4073 148 4134 ohrem
167 4070 298 4154 retiquae
317 4091 419 4133 omues
436 4070 577 4133 haereses
595 4071 722 4134 adventa
738 4071 788 4133 ttto
806 4071 987 4154 posteriores
1006 4073 1142 4150 inerunt,
1168 4072 1212 4135 ni-

71 4311 119 4364 71.
140 4307 217 4374 νόμος
233 4311 302 4360 codd.
323 4324 377 4360 mss.
396 4315 417 4360 et
435 4311 489 4361 edit.
506 4313 580 4372 princ.
647 4315 725 4361 tatem.

69 4379 119 4430 72².
142 4381 169 4428 V.
187 4379 278 4430 Pauor.
295 4393 352 4442 pop.
365 4377 396 4430 tt
409 4393 459 4441 sqq.
477 4379 552 4443 (Pet.)
681 4376 721 4431 ii.
741 4375 785 4440 δὲ,
809 4380 871 4441 quod
892 4393 940 4428 nou
956 4379 1039 4441 tepttnr
1056 4381 1081 4428 ta
1097 4381 1212 4444 Paeana,

71 4447 120 4498 73.
141 4443 219 4511 πρὸς,
248 4449 311 4510 quaed
327 4449 391 4496 obest
407 4461 422 4494 o
438 4449 543 4509 Paeon,
569 4448 614 4496 de-
647 4450 740 4498 uactats
754 4449 844 4498 notauit
859 4448 958 4510 Petau,
982 4453 1076 4512 procur
1089 4451 1212 4500 maana·

21 4519 141 4568 tendum
158 4517 274 4568 iudicavit
290 4517 388 4577 Peion,
410 4520 503 4580 praeter
516 4520 614 4568 necessi·
647 4521 701 4568 en.
