3068 5008
231 337 368 391 rasann
384 339 447 391 nra.
462 339 505 390 111.
531 337 612 392 non.
626 339 658 390 n.
683 337 799 389 sxros.
817 335 883 388 ιιι).
902 334 1044 388 camon
1153 321 1214 386 525

63 459 165 524 muros.
210 456 288 523 Nam
304 479 375 545 prae
389 459 495 523 veneni
510 457 588 522 illius
603 457 749 536 molestia,
767 477 831 520 cum
848 455 954 540 alioqui
972 455 1055 519 facile
1072 455 1101 518 in
1115 475 1216 540 qnem-

64 582 148 646 quam
165 561 244 626 dicta
262 560 361 625 iacere
382 583 440 626 con
458 561 622 638 soleamus,
655 579 778 625 necesse
799 558 950 623 babuimus
968 557 1131 621 istiusmodi
1149 557 1215 622 illos

63 663 207 748 appellare
232 663 351 742 verbis,
375 676 405 728 ut
424 663 460 728 ab
476 683 510 727 ea
529 663 697 748 suspicione
717 662 905 747 quorumdam
926 679 1134 724 resonaremus
1153 659 1216 722 ani-

62 786 145 844 mos,
179 767 255 851 qnod
280 764 311 830 iu
339 765 452 830 illorum
477 765 562 829 dictis
587 765 729 849 factisque
751 763 941 847 divulgandis·
960 774 1089 847 apertam
1110 762 1217 848 nnllam

61 868 151 931 animi
167 867 260 932 nostri
277 868 519 951 significationem
538 867 732 946 dedissemus,
756 887 811 930 nos
830 865 867 930 ab
890 863 978 950 impia
993 864 1134 948 cuiusque
1149 865 1218 929 hae·

59 969 139 1033 resis
153 969 289 1055 opinione
308 991 366 1034 nou
386 971 559 1035 abhorrere.
606 968 673 1054 Qua
691 970 727 1032 de
743 989 776 1032 re
793 967 894 1055 paucis
911 967 1009 1053 operis
1029 965 1115 1031 buius
1135 967 1219 1032 initio

60 1073 185 1157 praefati
211 1091 331 1152 snmus,
362 1093 397 1136 uc
421 1071 680 1159 praemuniendum
698 1071 838 1135 lectorem
861 1069 1044 1156 putarimus,
1077 1090 1135 1132 non
1154 1069 1218 1134 sine

58 1174 244 1260 praefatione
263 1175 389 1254 veniae,
413 1195 451 1238 ue
465 1175 530 1260 quia
545 1173 716 1240 iniuriarum
735 1193 789 1237 nos
806 1192 875 1236 reos
892 1182 1013 1256 ageret,
1037 1173 1120 1257 qnasi
1134 1193 1219 1236 caus·

56 1295 114 1340 sae
136 1275 266 1342 bonitate
288 1276 358 1342 victi
381 1278 416 1340 ad
439 1275 561 1340 dicteria
583 1275 747 1362 probraque
774 1276 1012 1360 confugeremus.
1060 1272 1218 1338 luendam

56 1399 137 1442 vero
159 1379 291 1463 prce'mio
320 1379 570 1464 significavimus,
600 1399 741 1463 quaenam
761 1398 778 1441 a
802 1375 887 1440 trobis
916 1378 1085 1440 tractandae
1117 1386 1219 1440 essent

55 1479 221 1562 haereses,
245 1492 306 1546 tum
323 1491 393 1565 quot
409 1480 438 1544 in
456 1480 546 1545 libros
564 1491 654 1544 totum
675 1501 747 1566 opus
762 1490 844 1544 esset
860 1477 1057 1544 distributum.
1103 1477 1218 1542 Deinde

55 1593 136 1666 quot
156 1593 186 1646 et
207 1583 370 1649 cuiusmodi
400 1583 430 1646 in
452 1603 687 1668 unumquemque
717 1581 822 1647 librom
853 1581 987 1646 coniecta
1016 1579 1087 1646 sint.
1133 1580 1218 1666 Quae

52 1685 222 1750 memoriae
244 1705 348 1750 caussa
370 1686 405 1750 ad
428 1685 570 1750 lectorum
594 1685 746 1750 miditatem
770 1684 840 1750 libet
862 1685 917 1748 boc
939 1684 1006 1748 loco
1027 1695 1174 1770 repetere.

149 1786 229 1853 Tres
254 1789 353 1872 itaque
374 1787 440 1852 libri
463 1798 532 1852 sunt
555 1798 665 1873 septem
690 1789 720 1851 in
740 1797 835 1852 tomos
854 1786 965 1874 partiti.
1009 1783 1127 1851 Primus
1146 1787 1221 1852 liber
1285 1823 1327 1859 a.

52 1891 202 1955 haereses
219 1911 276 1955 sex
289 1901 319 1954 et
334 1890 528 1975 quadraginta
542 1889 755 1976 complectitur,
779 1909 901 1974 quarum
917 1889 1035 1954 nomina
1051 1889 1219 1974 singillatim

50 2003 291 2079 percenseatur,
324 2004 444 2058 serrato
466 1991 590 2079 prioris,
622 1991 796 2077 posterioris
820 2011 855 2056 ac
873 1991 1051 2075 reliquarum
1078 1992 1218 2080 deinceps

49 2095 99 2160 ad
123 2106 300 2182 postremam
328 2116 420 2181 usqne
445 2094 513 2158 libri
536 2094 625 2158 totius
648 2093 762 2158 ordine.
808 2091 891 2178 Ergo
915 2094 1024 2181 primus
1041 2093 1115 2158 liber
1133 2095 1219 2161 tomis

50 2199 158 2264 tribus
175 2194 281 2262 XLVI
301 2198 441 2262 haereses
466 2197 609 2262 continet.
655 2193 810 2260 Secundus
834 2196 920 2260 tomis
943 2197 1055 2261 dnobus
1080 2196 1219 2262 haereses

49 2296 189 2368 XXlll.
234 2297 358 2364 Tertius
380 2297 507 2384 deniqne
529 2299 648 2364 totidem
676 2298 764 2362 tomis
784 2298 922 2363 haereses
940 2295 1000 2362 xl.
1046 2295 1110 2364 Vos
1130 2283 1243 2383 igitur*

49 2423 185 2482 omues,
210 2403 257 2487 qni
272 2421 454 2466 communem
470 2401 547 2465 bunc
564 2419 677 2466 mecum
694 2400 821 2466 laborem
838 2400 1003 2487 capessitis,
1027 2411 1058 2464 et
1075 2402 1150 2464 banc
1167 2421 1220 2464 no-

48 2517 157 2570 stran
180 2504 411 2569 lucubrationem
428 2503 574 2590 patienter
596 2504 736 2568 evolvere
755 2503 896 2582 studetis,
929 2523 1002 2587 rogo
1021 2501 1172 2589 plurimum
1190 2513 1221 2567 et

48 2606 226 2684 exhortor,
257 2617 287 2671 et
302 2607 344 2670 nti
360 2606 440 2690 digni
460 2606 524 2672 sitis
541 2606 673 2693 postulo,
706 2605 935 2670 fructum-istinc
952 2605 1076 2689 aliquem
1094 2616 1125 2670 et
1142 2604 1220 2670 utili·

48 2719 154 2775 tatem
171 2729 294 2794 capere,
326 2718 414 2792 atque
439 2708 602 2774 haereseon
627 2708 789 2773 molestiam
811 2728 846 2772 ac
871 2705 1029 2793 perniciem
1053 2707 1088 2771 ab
1113 2707 1219 2773 animis

48 2810 175 2876 vestris
189 2810 359 2896 longissime
375 2831 541 2876 removere.
585 2809 656 2874 Non
675 2812 752 2876 enim
768 2810 834 2876 illas
849 2810 1018 2895 cuiusquam
1035 2811 1071 2874 ad
1088 2811 1219 2874 fraudem

46 2911 247 2998 exitiumque
263 2912 474 2998 patefecimus,
507 2913 558 2979 sed
581 2915 618 2978 ad
635 2915 786 2978 utilitatem
804 2925 891 2998 atquc
914 2913 1098 2992 caudunum,
1131 2933 1169 2976 ue
1183 2913 1220 2977 ad

48 3026 311 3080 commemoratas
333 3016 398 3081 illas
421 3016 561 3081 haereses
589 3017 735 3082 illecebris
753 3014 818 3082 ullis
840 3015 992 3100 quisquam
1021 3014 1217 3100 pertrabatur.

45 3115 163 3184 Porro
180 3118 228 3182 ubi
245 3128 335 3182 totum
352 3119 429 3183 istud
449 3139 539 3203 opus,
564 3118 666 3182 eiusne
684 3129 794 3203 partem
813 3118 938 3200 aliquam
958 3117 1082 3201 legendo
1100 3137 1219 3204 percur-

44 3219 185 3300 reritis,
217 3219 303 3284 deum
329 3241 381 3306 pro
399 3219 485 3284 uobis
510 3219 712 3300 obsecratote,
745 3230 775 3284 et
796 3219 864 3284 illud
883 3218 1041 3306 impetrare
1058 3221 1219 3302 studetote,

46 3323 152 3389 nohis
173 3333 204 3386 nt
221 3322 270 3386 ille
288 3321 383 3386 locum
401 3321 528 3405 aliquem
546 3322 575 3386 in
593 3332 695 3386 sancta
711 3322 832 3407 solaque
850 3322 993 3386 catholica
1013 3333 1043 3386 et
1060 3322 1221 3410 apostolica

45 3423 211 3505 eeclesia,
245 3425 405 3510 eademqne
430 3443 517 3504 vera,
550 3424 664 3489 virifica
682 3424 861 3509 salutarique
881 3423 1005 3504 tribnat,
1039 3435 1098 3490 tum
1116 3437 1149 3491 nt
1166 3447 1220 3492 noa

44 3529 96 3594 nb
127 3527 262 3592 haeresis
284 3527 379 3592 omnis
401 3526 576 3612 contagione
600 3527 717 3591 liberet.
767 3525 854 3611 Quod
878 3529 903 3591 si
925 3527 1087 3614 qoicpiam,
1120 3539 1221 3615 utpote

44 3629 218 3707 homines,
243 3631 291 3714 qni
309 3628 631 3716 incomprehensibilem
648 3639 678 3693 et
694 3629 927 3714 inexplicabilem
942 3628 1021 3695 illam
1038 3630 1221 3698 divinitatem

44 3733 184 3822 penitus
207 3733 344 3817 assequi,
375 3742 405 3796 et
433 3733 468 3796 ad
489 3742 653 3796 extremum
677 3753 769 3817 usque
796 3743 951 3818 penetrare
974 3755 1033 3798 nou
1052 3755 1219 3820 possumus,

43 3835 114 3904 aed
134 3834 166 3898 iu
190 3836 342 3919 augustias
366 3855 416 3898 eas
433 3832 576 3913 coniecti,
607 3845 638 3897 nt
658 3834 747 3899 divini
764 3834 891 3900 numinis
910 3837 1110 3921 propugnandi
1127 3837 1221 3922 gratia

42 3937 210 4030 quaedam
228 3957 281 4022 pro
297 3936 423 4000 hnmano
440 3947 526 4022 captu
542 3937 690 4000 disserere
706 3937 800 4001 coacti
817 3938 921 4016 simus,
945 3937 971 4002 ai
986 3939 1065 4022 quid,
1079 3925 1220 4024 inquam,

41 4041 155 4133 paulo
177 4037 315 4104 audacius
341 4039 479 4116 lecimus,
511 4037 695 4102 condonante
713 4041 786 4120 deo,
817 4061 872 4104 vos
890 4051 922 4103 et
937 4041 1013 4104 istud
1030 4040 1098 4104 mibi
1112 4042 1222 4106 cendo-

41 4163 142 4213 nare
157 4141 267 4206 velitis.
312 4143 357 4206 Ac
371 4162 486 4206 rursum
505 4141 572 4205 illud
588 4162 652 4205 mea
669 4162 773 4207 caussa
789 4143 890 4228 petite,
915 4143 958 4206 uti
974 4143 1121 4222 dominus,
1136 4165 1222 4228 qnam

40 4248 100 4317 ah
117 4265 158 4308 eo
173 4254 282 4308 sortem
300 4242 554 4328 conditionemque
572 4244 683 4329 precati
701 4265 818 4323 snmus,
851 4244 881 4308 iu
899 4245 1084 4310 sanctissima
1104 4267 1159 4311 sua
1175 4265 1223 4309 re·

39 4348 200 4435 ligione,
222 4367 295 4431 qnae
311 4345 374 4410 sola
389 4346 425 4410 ab
442 4347 520 4410 omni
538 4346 769 4412 contradictione
788 4346 881 4413 libera
897 4357 960 4427 est,
985 4349 1148 4412 concedere
1163 4369 1222 4412 uon

37 4459 227 4546 gravetur,
259 4453 294 4513 a'c
310 4459 495 4534 peccatorum
513 4469 661 4532 meomm,
692 4469 767 4536 quae
783 4450 859 4516 bene
875 4450 964 4518 multa
981 4462 1067 4532 suot,
1098 4450 1223 4534 gratiam
