3058 5014
280 275 419 330 annueri
436 277 501 330 nra.
516 277 562 332 ur.
578 277 660 332 ron.
675 279 694 328 r.
710 275 812 332 nsua.
828 275 949 328 cxxvi.
1134 261 1196 328 209
1282 241 1303 264 ‘

51 407 102 476 est,
124 415 222 482 neque
240 397 393 482 quicquam
412 408 457 460 est
478 397 507 461 in
526 397 571 460 bis
590 416 665 482 quae
681 396 765 459 nobis
783 417 800 458 a
815 397 870 459 deo
885 415 938 479 per
951 394 1102 481 apostolos
1119 397 1197 460 salu-

50 497 130 562 briter
154 498 286 564 noutiata
308 510 378 564 sunt
402 500 572 584 discrepans
595 521 630 562 ac
655 498 814 562 diversum.
869 495 929 563 Sed
956 497 1092 562 nimirum
1114 499 1199 564 Auo-

50 621 140 666 moeos
157 601 208 665 illc
221 624 287 666 cum
306 602 369 666 suis
388 602 491 667 relicta
505 602 640 666 veritatis
656 602 722 681 via,
747 602 782 666 ad
800 621 933 664 errorum
949 599 1123 666 diverticula
1140 613 1199 666 tra·

50 704 142 767 ductus
160 713 223 784 est,
257 725 467 790 perperamque
483 705 598 770 divinas
616 704 778 769 sententias
795 703 953 767 intellexit.
998 701 1044 768 lta
1060 705 1199 791 deinceps

49 805 77 868 ad
100 807 312 893 disputationes
341 807 571 893 sucularumque
594 807 821 892 disceptationes
846 807 944 870 animo
965 827 999 870 ac
1022 817 1121 871 mente
1151 807 1200 872 isti

48 909 175 972 conuersi
192 931 209 972 a
225 911 351 973 veritate
366 909 535 976 resilientes
558 908 735 974 coelestibus
754 908 940 972 exciderunt.
987 905 1047 992 Qui
1064 911 1089 973 si
1108 931 1199 974 evan-

46 1010 159 1093 gelisam
175 1011 269 1075 locem
287 1012 433 1076 mentibus
451 1012 513 1076 suis
528 1013 682 1076 admittere
698 1011 858 1089 volueriut,
883 1011 919 1074 ab
937 1031 1110 1096 unaquaque
1130 1035 1199 1099 pro·

46 1114 192 1196 pcmodum
222 1114 349 1177 dictione
379 1115 563 1180 refellentur.
615 1113 770 1199 Nusquam
800 1113 876 1178 euim
902 1114 1006 1178 unicus
1029 1115 1076 1178 dei
1105 1115 1197 1195 lilius,

48 1215 125 1279 etiam
147 1226 215 1302 post
229 1226 408 1300 assumptam
427 1217 552 1282 bominis
569 1238 706 1294 caruem,
730 1217 771 1280 ita
787 1216 901 1280 locutus
918 1227 981 1280 este
1012 1213 1072 1299 Qui
1087 1219 1202 1282 creavit

46 1339 86 1380 mc
99 1329 185 1402 pater
199 1317 279 1383 misit
291 1339 356 1398 meq
388 1340 483 1404 neque
506 1332 557 1385 aut
572 1321 602 1384 iu
620 1319 775 1404 euangelio
793 1330 843 1383 aut
858 1319 886 1382 in
905 1329 1006 1383 vetere
1023 1328 1200 1385 testamento

46 1431 264 1506 paterunqnam
281 1423 316 1484 ad
333 1441 399 1485 eum
422 1423 538 1486 modom
562 1422 719 1487 disseruit:
750 1417 861 1487 Creavi
882 1421 966 1486 vobis
991 1420 1101 1502 liliumq
1133 1423 1198 1502 sed,

45 1525 120 1584 dlrba't
134 1535 293 1604 saepem,
324 1534 372 1604 el,
396 1529 520 1588 Baebio
532 1537 631 1607 putre,
663 1529 787 1588 ervado.
835 1523 926 1588 Item:
960 1527 1074 1603 (lur’est
1089 1531 1118 1586 ιἰι
1134 1530 1199 1587 arbo
1238 1542 1249 1587 1
1251 1557 1318 1588 uuuuu

43 1632 143 1706 moab,
178 1637 226 1707 et,
256 1627 369 1690 verbam
387 1639 451 1690 erat
470 1632 548 1710 opud
567 1633 664 1702 dmm,
697 1640 727 1689 et
745 1631 814 1690 deas
828 1627 1033 1689 erotoerdom.
1078 1625 1197 1691 Infinita
1236 1596 1318 1692 iiiii?

44 1740 106 1792 suot
126 1750 204 1815 qnae
227 1729 263 1793 de
285 1729 389 1795 salutis
415 1741 534 1795 nostrae
553 1729 704 1816 mysteriis
728 1728 825 1793 animo
849 1728 963 1815 concipi
989 1739 1130 1814 possunt,
1160 1750 1197 1794 ne
1211 1700 1353 1800 rodi-leiim.

44 1851 92 1894 uos
108 1831 217 1897 diaboli
233 1831 318 1897 istius
332 1833 557 1919 praestigiarum
578 1832 754 1918 artiliciique
774 1832 860 1918 plena
880 1833 1013 1896 doctrina
1035 1832 1198 1897 circumve-
1208 1801 1287 1848 ¹⁰⁰²
1300 1805 1321 1860 ι’
1335 1802 1354 1846 ¹‘

44 1933 110 1997 niat.
158 1933 276 2021 Quippe
300 1933 432 2000 diabolus
452 1935 592 2022 perdendi
613 1935 732 2021 generis
749 1935 866 1999 bomani
883 1934 1023 2021 cupidus,
1056 1935 1202 2000 eiusdem-

45 2057 95 2118 que
110 2037 225 2120 gloriae
241 2035 389 2118 invidens,
413 2039 513 2103 varias
529 2039 659 2102 admovit
673 2037 840 2117 machinas,
864 2038 986 2123 primum
1004 2038 1200 2122 ignorantiae,

44 2147 98 2201 tum
113 2137 320 2217 idololatriae,
344 2150 412 2225 post
428 2141 500 2204 baec
515 2141 729 2228 improbitatis,
753 2140 808 2204 boe
826 2161 899 2204 vero
917 2140 1055 2225 deinceps
1071 2150 1202 2227 tempore

44 2237 207 2305 baereticae
228 2240 393 2307 calliditatis
415 2253 446 2307 et
460 2243 588 2324 erroris,
613 2254 645 2306 ut
661 2263 841 2328 quacumque
857 2242 971 2306 ratione
992 2254 1094 2328 posset
1109 2243 1202 2308 bomi-

43 2362 104 2406 nem
127 2364 145 2407 e
168 2343 255 2407 coelo
276 2343 430 2410 deiiceret.

123 2443 224 2531 Quam
241 2449 331 2514 molta
346 2469 420 2512 vero
435 2457 521 2525 sunt,
545 2469 563 2510 o
579 2446 753 2526 Anconae,
778 2467 852 2533 qnae
868 2447 1011 2512 adversus
1031 2458 1110 2513 tunm
1128 2449 1198 2514 illud
1219 2471 1280 2541 ⁰⁸1³·
1297 2471 1333 2522 x

44 2545 144 2632 dogma
168 2549 282 2635 ingenii
298 2550 392 2616 nostri
416 2551 611 2614 mediocritati
632 2551 806 2636 suppetunt!
851 2546 1011 2615 Praeclare
1029 2572 1101 2614 vcro
1119 2552 1203 2616 Ano·

44 2669 160 2733 moene,
186 2651 243 2715 boc
259 2664 307 2717 est
322 2651 501 2730 Dissimilis,
526 2653 700 2738 appellarisq
724 2653 831 2739 quippe
847 2653 896 2737 qui
913 2653 949 2716 ab
966 2653 1134 2719 bominibus
1155 2654 1202 2719 dei

43 2753 185 2835 sapientia
214 2775 344 2841 veraque
371 2755 426 2819 fide
447 2755 587 2840 praeditis
607 2755 737 2820 moribus
755 2775 791 2818 ac
809 2765 906 2818 mente
928 2755 1083 2822 dissideas.
1128 2755 1201 2821 Non

44 2856 118 2918 enirn
135 2877 176 2922 ex
195 2877 233 2921 eo
251 2859 327 2942 quod
345 2877 521 2943 progressus
540 2857 569 2920 in
596 2857 705 2920 virtute
734 2857 841 2922 leceris
864 2867 1032 2922 ceterorum
1055 2858 1202 2924 bominum

43 2956 194 3024 dissimilis
211 2959 351 3040 evasisti,
378 2959 430 3024 sed
448 2981 513 3024 cnm
530 2958 566 3022 ab
584 2960 720 3024 veritatis
735 2960 784 3026 aia
802 2959 980 3040 dellexeris,
1004 2961 1041 3024 ab
1058 2961 1203 3026 eeclesiae

43 3057 87 3122 dei
103 3060 173 3126 llliis
190 3062 327 3128 diversus
341 3082 374 3126 es
394 3064 507 3141 lactus3
531 3081 655 3146 cumque
675 3061 721 3126 dei
737 3061 843 3140 lilium,
867 3062 916 3146 qui
933 3063 1007 3149 patri
1022 3083 1077 3127 suo
1094 3085 1204 3149 aequa·

43 3161 77 3224 lis
100 3173 167 3244 est,
203 3165 294 3250 patris
309 3163 498 3229 nibilominus
515 3163 685 3228 dissimilem
705 3185 771 3229 esse
789 3163 924 3243 uoluisti,
959 3174 1019 3228 tute
1037 3165 1101 3250 lpse
1117 3167 1203 3231 dissi·

42 3265 116 3330 nilis
134 3265 229 3346 luisti,
252 3277 283 3331 et
298 3266 353 3330 boc
367 3288 474 3331 nomen
490 3265 595 3330 merito
610 3285 642 3330 es
660 3277 849 3347 consecutus,
882 3288 918 3331 eo
934 3267 1010 3352 quod
1036 3278 1203 3334 ceterorum

44 3368 89 3450 qui
112 3367 218 3432 divina
240 3389 294 3456 ope
318 3369 440 3434 salutem
464 3367 599 3432 obtinent
620 3367 724 3433 similis
747 3389 816 3432 esse
838 3369 963 3433 desiisti.

126 3467 244 3537 Verum
261 3492 298 3534 ne
313 3471 342 3535 in
358 3469 571 3556 persequendis
584 3470 662 3536 illius
674 3469 894 3556 quaestionibus
910 3481 1024 3557 tempus
1039 3483 1202 3554 conteram,

42 3593 95 3658 age
113 3594 156 3638 ex
176 3573 331 3658 ipsiusmet
348 3573 465 3653 uerbis,
491 3573 612 3659 quaein
630 3571 778 3638 nonnullis
795 3572 831 3637 ad
845 3573 985 3658 quosdam
1001 3574 1205 3661 disputationi·

42 3675 93 3740 bus
120 3675 262 3763 scripsit,
295 3676 330 3740 ad
355 3674 434 3741 illum
460 3676 669 3741 confutandum
694 3674 912 3762 aggrediamur.
958 3674 1076 3742 Etenim
1102 3678 1152 3742 illo
1173 3678 1205 3741 in

42 3800 152 3864 opere,
187 3778 266 3843 uode
289 3778 362 3844 baec
388 3789 529 3864 excerpta
555 3791 641 3859 sunt,
672 3779 897 3866 disputationem
924 3781 1068 3865 quandam
1094 3779 1206 3844 erroris

41 3881 158 3966 plenam
178 3880 324 3962 institnit3
355 3900 410 3946 uec
427 3881 458 3945 in
481 3902 517 3945 eo
543 3880 617 3946 libro
635 3883 683 3947 vel
701 3882 820 3946 minima
838 3904 900 3948 vox
919 3894 966 3947 cst
983 3904 1057 3968 quae
1076 3903 1141 3946 oum
1161 3883 1206 3946 io·

42 3993 125 4070 tegra
143 3983 329 4070 simplicique
343 3983 417 4064 fide,
441 4005 527 4068 quam
543 3994 663 4049 sanctus
678 4004 713 4048 ac
731 3995 902 4049 mansuetus
920 3984 969 4048 ille
989 3985 1110 4069 spiritus
1128 3983 1207 4049 ordi·

42 4089 145 4167 uerit,
173 4086 336 4151 cohaerere
351 4087 496 4151 uideatur.
543 4083 604 4152 Sed
624 4086 718 4173 primo
734 4088 801 4150 loco
820 4083 1099 4150 lucubratiunculam
1116 4087 1207 4164 illius,

43 4209 118 4274 qnae
145 4189 184 4253 ad
204 4209 309 4254 manus
331 4199 450 4252 nostras
470 4189 623 4274 pervenit,
653 4188 876 4253 adscribendum
901 4187 1085 4273 putavimus,
1116 4199 1149 4252 ut
1167 4209 1207 4254 ex

41 4292 202 4378 ipsiusmet
217 4290 335 4377 scriptis
346 4291 492 4356 adversus
507 4291 587 4356 illum
604 4290 752 4377 disputare
768 4299 799 4354 et
814 4308 880 4353 eum
895 4289 1034 4356 refellere
1048 4291 1205 4377 possimus.

92 4409 190 4468 corpur
202 4404 406 4454 mancus.
964 4415 1005 4480 14
