3058 5014
294 247 433 300 rannnn
449 247 570 302 eruin.
586 247 705 302 ronne
721 245 821 300 nune.
836 247 944 300 cxxv.
1140 231 1202 298 tet

132 363 242 431 Eadem
266 367 329 452 ipse
352 387 440 454 porco
465 378 590 432 merrtem
615 367 693 431 iltius
708 388 745 432 ee
762 366 912 453 perfidiam
930 363 1084 430 manifeste
1102 364 1200 427 decta·
1219 380 1278 449 cap
1292 379 1335 432 tv.

56 479 128 546 rent,
158 489 233 552 qnae
256 470 286 532 in
309 469 457 534 bominum
479 490 573 552 genus
596 469 728 554 improbo
745 469 867 532 artificio
891 487 944 552 per
960 487 1101 532 summam
1121 466 1201 529 insa·

55 569 122 634 mant
149 569 262 634 eiirtdit.
307 571 463 636 Aduersus
487 593 561 657 quae
589 572 637 636 ubi
657 571 758 658 paucis
783 569 1046 654 disputaverimus,
1079 569 1219 632 missum

54 673 124 736 ibium
143 672 296 738 iaciemus.
342 672 505 739 Eruimvero
527 686 617 739 totum
638 673 706 738 ittou
724 671 892 738 stoliditatis
912 691 979 734 esse
1000 669 1200 756 plenissimum

54 777 172 859 prodens
198 773 322 859 quisque
346 776 430 841 tacite
454 777 604 862 perspicit.
651 773 741 840 Velut
758 795 823 838 cnm
843 773 1011 860 episcopum
1026 793 1061 836 ec
1079 771 1202 858 presby·

57 887 136 940 uerum
155 879 477 963 adaequareconatur.
523 877 589 943 Hoc
614 879 690 942 euim
717 887 855 941 constare
875 875 922 959 qui
943 875 1059 961 potest?
1102 871 1202 959 Siqui-

53 977 108 1042 den
123 977 326 1064 episcoporum
344 980 417 1044 ordo
434 982 468 1044 ad
487 980 650 1066 gignendos
670 990 768 1065 petras
783 967 939 1063 praecipue
954 977 1092 1063 pertinet.
1137 975 1204 1041 Hu-

53 1081 92 1144 ius
112 1081 191 1146 enim
210 1093 256 1146 est
273 1093 386 1166 patrum
406 1083 436 1146 in
456 1083 584 1148 ccclesia
603 1081 786 1168 propagatio.
822 1079 918 1143 'Alter
940 1099 1005 1144 cum
1023 1089 1122 1165 patres
1142 1101 1200 1144 non

52 1183 151 1266 possit,
183 1183 258 1246 tilios
282 1184 426 1248 ecclcsiae
450 1184 684 1269 regenerationis
709 1183 819 1246 iotione
842 1182 993 1268 producit3
1025 1203 1083 1246 non
1104 1193 1200 1247 tamen

52 1296 139 1368 patres
164 1296 216 1350 aut
241 1289 410 1370 magistros.
457 1284 584 1369 Quinem
605 1305 679 1350 vero
700 1284 762 1348 beri
780 1295 877 1370 potest
897 1296 930 1348 ut
948 1285 973 1348 is
997 1284 1200 1371 presbytorum

52 1387 200 1454 constituat
225 1387 261 1451 ad
286 1409 372 1472 quern
397 1389 556 1452 creandum
587 1408 724 1452 mannum
749 1387 988 1473 imponendarum
1015 1387 1060 1451 ius
1091 1387 1200 1450 nuiinm

51 1487 163 1552 babeat?
208 1491 270 1553 Aut
284 1491 430 1573 quomodo
446 1490 603 1576 presbyter
619 1491 757 1576 episcopo
774 1489 830 1553 dici
847 1498 944 1575 potest
959 1489 1110 1573 aequetist
1139 1486 1201 1552 Ve-

51 1609 104 1652 rum
123 1591 248 1656 derium
270 1592 358 1656 istum
381 1593 470 1656 crimin
488 1593 628 1677 quaedam
653 1593 817 1678 procacitas
836 1591 1049 1676 aemuleticque
1072 1591 1198 1679 decepit.

125 1693 247 1758 Atenim
276 1704 309 1758 ιιι
337 1705 395 1758 tam
418 1695 473 1774 sibi
496 1717 581 1781 qnam
605 1694 787 1758 auditoribus
809 1697 955 1780 imponet,
987 1693 1057 1757 ittou
1086 1692 1198 1772 obiicit,

51 1796 205 1880 apostolum
235 1797 417 1882 presbyteris
445 1808 476 1859 ot
497 1797 629 1860 diaconis
651 1797 802 1874 seribere,
834 1817 893 1860 non
921 1794 1079 1881 episcopis.
1127 1793 1199 1860 item

55 1897 213 1984 episcopum
229 1897 398 1983 alloquens,
430 1903 516 1976 Noli,
541 1899 651 1984 inquit,
675 1901 790 1980 neglt'ge
802 1903 944 1978 gretiam,
970 1919 1042 1980 pune
1060 1902 1089 1960 in
1102 1909 1197 1972 tecet,
1213 1909 1366 1970 tntnapt..

52 2021 123 2081 qums
139 2005 279 2082 accepsiti
297 2023 352 2082 per
378 2019 478 2066 munus
503 2003 733 2084 presbyterorum
757 2003 891 2087 coddegs‘r'p
922 1999 1028 2063 deiude
1050 2000 1109 2064 aiio
1132 2000 1197 2064 ioco

50 2108 175 2184 epitropos
199 2115 229 2166 et
243 2108 387 2180 debeontb,
421 2116 453 2168 nt
477 2105 553 2168 idem
573 2105 727 2189 episcopas
746 2113 776 2166 et
792 2102 950 2188 presbyter
966 2122 1034 2166 esse
1052 2102 1198 2167 uideatur.

51 2199 100 2268 Sed
117 2205 255 2268 nimirum
272 2205 407 2270 veritatis
425 2207 481 2270 iste
499 2207 606 2270 seriem
623 2205 783 2290 ignoraus,
816 2225 871 2269 nec
890 2205 918 2268 in
940 2203 1138 2268 reconditione
1156 2203 1200 2267 bi-

50 2307 128 2369 stnrie
147 2319 305 2383 versatus,
340 2329 397 2372 non
421 2307 559 2393 inteiligit
575 2308 756 2394 apostolum,
788 2327 853 2372 cum
875 2327 981 2372 recens
1004 2306 1098 2371 adbuc
1118 2315 1200 2370 esset

51 2401 202 2473 Cbristirui
224 2411 370 2495 dogmatis
393 2409 582 2496 propagatio,
617 2431 670 2496 pro
697 2427 728 2474 re
749 2420 816 2474 trata
837 2410 1005 2494 scripsisse.
1050 2407 1129 2472 Nem
1151 2407 1199 2472 ubi

50 2507 97 2570 iam
122 2511 254 2598 episcopi
276 2511 426 2577 constituti
444 2513 577 2591 fucrant,
609 2513 643 2576 ad
662 2513 816 2599 episcopos
834 2523 864 2576 et
882 2513 1021 2575 diaconos
1037 2511 1197 2576 scribebat.

49 2607 142 2696 Neque
158 2614 239 2678 enirn
253 2614 377 2678 subinde
393 2615 490 2678 omnia
504 2615 540 2679 ab
557 2614 699 2701 apostolis
718 2615 846 2678 ordinari
863 2625 1014 2700 poteram,
1038 2613 1198 2697 etquidem

51 2715 222 2807 presbyteris
241 2716 375 2802 inprimis
392 2737 428 2780 ac
444 2717 575 2782 diaconis
591 2739 664 2802 opus
685 2727 767 2797 erat,
791 2739 810 2782 a
828 2716 932 2804 quibus
948 2716 1085 2780 videlicet
1099 2713 1200 2778 ambo·

50 2811 94 2878 bns
113 2818 315 2883 ecclesiastica
338 2819 457 2903 negotia
480 2819 677 2884 administrari
703 2829 838 2904 possunt.
885 2816 988 2902 Quare
1005 2818 1052 2885 ubi
1071 2822 1198 2886 nondum

50 2917 208 3005 episcopatu
235 2920 340 3006 dignus
365 2921 471 3006 aliquis
491 2933 678 3001 occurrerat,
711 2921 807 2986 neilus
833 2921 861 2984 ei
881 2921 948 2986 loco
968 2923 1135 3008 propositus
1153 2934 1200 2987 est

50 3018 207 3108 episcopus.
252 3026 295 3087 Αι
320 3023 368 3086 ubi
392 3035 422 3087 et
438 3024 602 3088 necessitas
617 3024 798 3108 postutabat,
831 3045 885 3088 nec
901 3044 1002 3088 eorum
1021 3024 1068 3109 qui
1085 3026 1200 3112 cpisco-

51 3132 106 3202 patn
120 3125 202 3208 digni
218 3137 303 3189 eterit
316 3127 401 3211 copia
416 3125 528 3204 deerat,
552 3126 590 3189 ibi
607 3127 735 3212 episcopi
753 3126 915 3190 constituti.
963 3123 1023 3191 Sed
1040 3148 1104 3192 cum
1123 3128 1198 3191 baud

51 3243 143 3308 nsgna
160 3227 317 3291 multitudo
333 3230 428 3306 iuret,
461 3227 584 3313 reperiri
600 3228 669 3292 nuiii
689 3239 848 3314 potuerunt
862 3229 911 3314 qni
934 3228 1099 3316 presbyteri
1116 3251 1200 3294 crea·

51 3338 158 3406 recture
194 3330 271 3392 unde
294 3329 360 3394 scio
387 3329 526 3415 episcopo
551 3330 679 3393 contenti
707 3331 836 3394 iecerunt.
882 3327 955 3394 Siue
978 3331 1102 3395 diacono
1126 3354 1199 3397 vero

50 3429 193 3517 episcopus
209 3452 277 3495 esse
298 3453 356 3496 nnn
374 3444 482 3518 potest.
528 3430 629 3515 Quare
646 3431 674 3494 in
691 3433 717 3494 id
735 3433 885 3518 apostolus
899 3431 1042 3512 incubuit,
1066 3444 1099 3498 ιιι
1114 3433 1199 3498 mini·

51 3533 147 3595 urendi
175 3535 272 3618 gratie
299 3535 437 3620 episcopo
463 3533 578 3598 diaconi
606 3544 807 3619 suppeterent.
855 3529 956 3620 ltaque
981 3557 1046 3599 cum
1069 3538 1196 3600 nondum

51 3635 164 3699 eeclesia
191 3637 255 3700 scis
280 3637 415 3702 omnibus
433 3637 631 3702 [unctionibus
648 3637 761 3722 expleri
781 3648 897 3722 posset,
926 3638 1064 3724 peribunt
1084 3649 1198 3724 tempus

51 3731 201 3801 istiusmodi
227 3740 408 3823 singulorum
435 3739 564 3803 iocorum
586 3749 680 3804 status
703 3739 813 3804 extitit.
859 3737 965 3826 Neque
984 3763 1057 3806 vero
1073 3741 1128 3804 out
1148 3761 1197 3803 res

51 3847 88 3898 est
109 3861 182 3924 qnae
203 3842 240 3904 ab
262 3840 345 3905 initio
367 3843 428 3907 suis
451 3843 585 3906 omnibus
609 3841 739 3907 enumeris
765 3843 898 3907 absolute
926 3842 1031 3920 inerite
1061 3845 1112 3905 srd
1131 3863 1198 3925 prn-

52 3941 160 4005 eedrute
186 3943 301 4006 demum
327 3955 457 4028 tempore
480 3965 533 4008 suu
557 3945 823 4030 opportunitatibus
840 3943 975 4008 nnrtribna
990 3947 1024 4008 ad
1040 3943 1198 4030 perfectio·

52 4058 106 4103 nem
128 4045 261 4109 aceresio
283 4047 417 4130 contigit.

123 4141 216 4210 Cuius
240 4149 406 4233 exemptum
433 4149 572 4214 babemus
598 4150 626 4213 in
642 4146 765 4238 Moyse.
813 4147 869 4212 Hic
887 4148 963 4211 enim
985 4149 1013 4211 in
1032 4158 1135 4212 vetere
1153 4160 1196 4212 te·
1215 4165 1275 4237 cop
1294 4167 1325 4220 v.

78 4278 99 4354 ξ.
116 4278 185 4351 μόνῳ
200 4299 247 4335 non
265 4286 333 4335 babet
349 4285 400 4335 eod.
418 4284 515 4350 iibedtp.
668 4285 692 4336 8.
710 4283 800 4339 dasian>
817 4299 896 4338 omnes
912 4287 966 4336 iibri
980 4291 1074 4348 praeter
1091 4287 1198 4354 iibtdt'p,

78 4347 100 4397 o.
116 4347 248 4412 tumeo<
269 4355 319 4404 ou.
341 4355 438 4415 nocuo.
634 4357 675 4419 qu
693 4357 760 4405 meo
779 4341 878 4413 tocco,
895 4356 959 4418 quoe
973 4357 1075 4418 eonor.

53 4409 332 4542 huLt'p'piionchmerrtendctr'o
349 4427 382 4472 eet
403 4423 502 4473 Petunti.
538 4423 602 4474 tuot
671 4421 728 4473 Cen.
746 4423 773 4472 V.
793 4449 824 4462 -
863 4425 885 4474 t.
904 4419 952 4490 crin
968 4437 1013 4475 am.
1028 4424 1079 4476 cod.
1099 4423 1196 4490 emttp.
