3082 5006
474 309 616 366 eunoun
633 311 697 365 tra.
711 311 754 366 ru.
771 309 854 365 root.
866 311 885 363 r.
1244 295 1265 359 t

94 429 200 508 filium,
224 430 379 516 inquiunt,
403 432 483 496 illum
502 431 646 511 dicimus,
671 451 775 496 rerum
795 451 832 494 ne
850 451 889 494 ex
907 427 1103 514 generatione
1122 427 1185 513 ipsa
1206 427 1265 490 ulle

93 532 126 596 io
144 545 258 617 patrem
286 534 406 598 effectio
430 532 601 613 derivetur,
637 534 761 597 eundem
781 541 912 596 creatum
938 531 1124 594 oorrhtemnr.
1170 527 1263 595 lidem

93 644 124 696 et
140 635 278 719 spiritum
297 646 431 700 sarnetum
457 637 578 700 omrrino
595 646 760 700 ereaturam
779 655 847 698 esse
863 633 1023 709 definiunt,
1048 653 1173 716 cunique
1191 626 1263 711 ὁμο·

94 731 220 814 σύειον,
251 737 281 801 id
309 748 356 801 est
384 741 670 814 consubstantialem,
703 737 877 821 repudient,
910 727 1099 813 dpototicrov,
1130 734 1185 798 hoe
1216 743 1264 798 est

92 837 264 903 substantia
282 839 428 920 similem,
460 839 627 906 admittunt.
674 837 761 923 Quod
781 839 875 922 ipsum
894 846 993 900 tomen
1011 835 1128 922 quidam
1146 855 1185 899 ex
1202 835 1261 900 illis

91 951 251 1027 respuunt.

180 1046 219 1106 V.
243 1041 518 1108 pneumatomachi.
564 1039 610 1106 De
627 1039 749 1108 Christo
765 1040 813 1104 isti
834 1061 891 1103 non
917 1039 993 1103 mole
1012 1038 1143 1106 sentiunt
1159 1041 1211 1102 sed
1229 1039 1260 1103 iu

89 1144 228 1228 spiritum
252 1156 384 1209 sanetum
410 1144 603 1208 corutumelias
622 1146 755 1231 jaciunt,
788 1165 853 1206 oum
880 1153 910 1206 et
926 1152 1056 1206 creatum
1072 1153 1259 1220 asseverent,

89 1257 121 1309 et
140 1268 159 1310 a
179 1247 334 1312 divinitate
359 1247 512 1326 reiicient3
543 1246 603 1310 ime
628 1268 701 1311 vero
723 1245 866 1310 abusione
889 1247 1013 1329 quodum
1035 1243 1118 1307 rucis
1141 1238 1268 1329 propter'

89 1349 240 1412 acdcoem
258 1349 350 1435 ipsam
372 1359 503 1414 creatum
519 1368 587 1413 esse
604 1347 719 1428 dicunt,
744 1369 799 1412 nec
817 1346 895 1411 aliud
916 1367 984 1410 esse
1003 1345 1155 1431 qrricquam
1174 1366 1259 1432 prac-

88 1463 138 1513 ter
161 1451 220 1514 rim
244 1451 459 1516 sanctificandi.
1270 1526 1274 1534 s

176 1555 230 1616 Vl.
261 1553 399 1618 Adriani.
444 1553 555 1618 Atrius
579 1573 596 1616 e
618 1548 716 1616 Ponto
738 1547 879 1615 oriundus
901 1549 1047 1633 hodieque
1074 1569 1178 1632 magno
1205 1548 1259 1613 ho-

88 1655 169 1719 mani
193 1657 315 1740 generis
339 1654 503 1719 calamitate
523 1665 672 1742 superest.
718 1649 829 1716 Fuerat
854 1654 921 1716 olim
942 1651 1087 1715 Eustathii
1112 1651 1256 1736 episcopi,

89 1759 136 1842 qui
160 1758 265 1821 Ariani
293 1755 406 1821 erroris
427 1757 613 1821 insimulatus
637 1767 700 1834 est,
731 1756 905 1842 presbyten
938 1754 1081 1839 quiqam
1101 1755 1258 1841 episeopus

88 1869 207 1922 creatus
233 1881 291 1922 nnn
319 1872 417 1938 esset,
452 1858 541 1924 mttltn
567 1860 710 1922 advorsus
737 1857 910 1920 catholicam
937 1857 1092 1919 ecclesiam
1120 1859 1257 1944 dogmate

89 1972 358 2039 commeatuum,
392 1981 447 2039 ae,
479 1961 555 2046 quod
574 1960 609 2023 ad
631 1961 714 2024 hdem
733 1961 856 2038 attinet,
887 1979 1047 2041 geroianus
1068 1961 1134 2024 Arii
1159 1973 1256 2025 secta·

90 2073 137 2126 tor
154 2075 212 2128 est.
261 2061 322 2128 Sed
346 2064 470 2146 anrplius
490 2062 624 2147 quiddam
650 2062 814 2148 profitetur.
862 2058 1037 2124 Oblationes
1060 2083 1113 2148 pro
1132 2063 1256 2128 mortuis

89 2187 147 2228 uon
165 2185 235 2230 esse
252 2165 421 2244 faciendam
445 2165 555 2228 ieiunia
570 2176 691 2247 quartae
708 2163 820 2243 icriae,
845 2174 875 2226 et
891 2159 1097 2242 Parasceues‚
1121 2185 1155 2229 ae
1174 2163 1256 2247 Quia-

87 2267 294 2352 dragesimae,
318 2289 374 2332 nec
390 2289 447 2334 oon
463 2279 494 2331 et
512 2264 667 2330 Pasurhatis
684 2265 848 2344 interdicit,
881 2287 979 2328 rerum
999 2266 1127 2328 ninnium
1147 2287 1255 2331 renun-

88 2368 241 2433 tiationem
268 2369 428 2454 praedicat.
476 2365 616 2434 Carnium
642 2389 676 2432 uc
699 2369 869 2432 deliciarum
886 2370 922 2432 ad
941 2367 1029 2432 vitam
1054 2388 1141 2432 ottone
1159 2391 1255 2452 genus

86 2471 216 2534 adhibet.
266 2468 351 2554 Quod
376 2471 400 2538 si
420 2471 484 2556 quis
502 2482 682 2535 sectatorum
709 2491 829 2534 suorum
853 2470 986 2535 ieiunare
1006 2471 1095 2550 velit,
1128 2473 1255 2536 dctioitis

86 2573 545 2660 hoediebusiacercprolrihet‚
579 2573 629 2638 sed
649 2583 758 2658 querito
778 2573 907 2637 libuerit.
952 2571 1059 2657 Neque
1075 2575 1172 2652 enim,
1208 2576 1253 2639 in-

85 2677 163 2760 quit,
190 2676 250 2760 legi
265 2675 416 2740 subiectus
431 2697 476 2740 es.
523 2673 700 2761 Episcopum
717 2677 803 2739 docet
818 2673 908 2739 nihilo
922 2677 1168 2761 praestantiorem
1183 2697 1251 2742 esse

85 2777 276 2862 presbytero.

169 2881 238 2942 th.
261 2878 394 2944 Aeriam.
441 2879 537 2944 lluius
561 2877 695 2942 haeresis
710 2877 817 2944 Adtius
841 2878 957 2964 quidam
974 2879 1114 2944 inventor
1137 2881 1249 2962 extitit,

82 3001 194 3064 genere
216 2977 317 3062 Cilix,
348 2982 397 3067 qni
415 3003 432 3046 a
450 2981 583 3068 Georgio
603 2981 781 3046 Asianorum
806 2983 945 3067 episcopo
969 2983 1111 3047 diaconus
1134 2986 1251 3047 ordina-

84 3094 206 3146 tusest.
253 3082 426 3148 Anemoros
450 3086 696 3168 iilnsoppellant‚
728 3083 776 3147 aiii
796 3082 1016 3164 Eunomianos,
1048 3085 1084 3149 ob
1103 3084 1250 3150 Eunomia

84 3187 208 3268 quodam
227 3185 306 3248 Acen
321 3184 482 3271 discipulo,
507 3187 555 3270 qui
573 3186 628 3250 hcc
649 3197 780 3270 tempore
795 3198 942 3269 superest.
989 3185 1166 3252 Earunrdcm
1184 3212 1250 3275 par-

84 3287 153 3350 tium
174 3297 243 3350 erat
265 3298 296 3350 et
314 3285 486 3367 Etrdcaius3
519 3289 571 3351 scd
591 3283 760 3352 Coustontii
780 3288 965 3374 imperatoris
989 3300 1070 3353 metu
1089 3290 1124 3354 ah
1141 3291 1197 3354 iltis
1216 3314 1249 3358 se

83 3409 247 3472 segregans
266 3389 385 3454 Aetium
412 3391 506 3454 sulum
529 3387 657 3472 relegori
679 3409 782 3474 passus
800 3400 861 3470 est3
895 3411 1067 3476 quamquam
1086 3392 1115 3455 in
1134 3394 1249 3460 Ariane

83 3491 219 3574 dogmate
236 3493 451 3574 perseverarit,
474 3494 527 3556 sed
544 3491 664 3556 Attium
683 3491 801 3556 minime
818 3504 938 3558 secutus
952 3505 1009 3560 est.
1054 3493 1151 3560 Porro
1166 3499 1250 3560 Ano·

83 3591 177 3669 mori,
211 3592 433 3673 cicestriam,
468 3590 619 3658 Christum
641 3605 672 3657 ct
691 3594 823 3678 spiritum
847 3577 981 3660 sarnetum
1005 3598 1095 3662 oden
1120 3601 1248 3664 funditus

83 3693 209 3757 alienum
228 3715 298 3757 esse
313 3694 501 3780 praedicant,
526 3717 600 3782 puros
616 3706 733 3760 creatos
750 3716 835 3775 esse,
861 3719 955 3782 oeque
971 3700 1123 3784 quiequam
1139 3702 1247 3766 habere

84 3795 281 3861 similitudinis
309 3809 459 3862 asserunt.
506 3796 622 3885 Quippe
646 3798 825 3884 syllogismis
850 3800 1020 3885 quibusdam
1048 3801 1248 3867 Aristotelieis

83 3917 118 3960 sc
142 3898 333 3981 geometricis
358 3899 403 3963 dei
429 3911 563 3964 naturam
591 3901 741 3986 explicare
766 3903 901 3981 student,
934 3902 1096 3987 iisdemque
1121 3905 1247 3988 probare

85 3993 235 4062 Christum
264 4020 282 4063 a
307 4001 362 4065 deo
387 4002 459 4066 eriri
488 4025 547 4067 non
573 4024 672 4089 posse.
728 4001 907 4068 Euocatiuni
931 4025 1003 4068 vero
1027 4005 1063 4066 ab
1087 4005 1151 4090 ipso
1179 4028 1246 4092 pro·

87 4101 154 4163 lecti
178 4121 301 4178 omnes,
327 4103 376 4186 qui
394 4106 429 4166 od
448 4107 638 4184 reveniunt,
670 4105 776 4169 iterato
801 4107 969 4192 baptizant,
1002 4127 1059 4170 non
1085 4109 1246 4178 catltnlieos

84 4203 198 4282 solum,
223 4204 275 4266 sed
292 4205 340 4268 rel
359 4205 489 4271 Arianos
506 4207 603 4293 ipsos,
636 4207 723 4293 idque
740 4229 776 4272 co
794 4211 880 4272 ruodo
897 4219 928 4271 ut
944 4208 1065 4294 pedibus
1083 4211 1113 4275 io
1131 4215 1246 4281 eoelum

82 4377 200 4432 mmm,
224 4374 288 4435 quod
302 4377 378 4456 rerem
395 4377 481 4426 othl
507 4379 540 4428 1ο
555 4381 647 4430 nomo
714 4373 799 4430 &Ed
799 4377 906 4445 γιιιανοι
930 4381 998 4434 codd.
1016 4383 1113 4449 lihtdip.
1121 4391 1178 4450 ‚el
1195 4389 1245 4441 Po·

83 4453 162 4488 mes
177 4455 236 4501 prm
224 4443 273 4488 obet
289 4431 329 4491 Oui
313 4457 368 4494 utcu
385 4442 409 4495 ci
424 4439 608 4512 tricenteni
624 4445 648 4499 οἱ
679 4449 721 4497 ria.
740 4451 805 4508 (terte
822 4447 938 4502 Petuvtoi.

86 4498 206 4560 'Ammoi
217 4503 368 4562 παντάπασι.
719 4513 742 4564 4.
759 4517 845 4577 „Deest
861 4511 1040 4584 ε’ρὶιοδὸξους.“
1056 4523 1175 4574 Petuntur.
