3066 5016
339 315 402 378 450
765 323 888 378 ειααιι
906 323 1076 378 napum}

341 445 496 520 4δίελτιίας
508 467 540 508 τε
554 443 605 508 καλ
619 443 740 522 Βουζελ,
770 439 836 526 άχρι
850 439 949 526 Ἰησοῦ
964 449 1018 508 τοῦ
1033 444 1135 528 ίερίως
1148 451 1203 508 τοῦ
1218 439 1366 530 μεγάλου,
1390 445 1496 530 Ἐσδρί

337 570 368 611 τε
385 552 439 611 τοῦ
462 546 576 630 ίερέως,
598 547 649 611 καί
670 551 730 611 τοῖν
751 541 854 612 άλλων.
900 546 962 610 Καὶ
983 542 1120 626 οὐδαμοῦ
1140 544 1217 631 γυνὴ
1240 544 1420 633 ίεράτενσεν.

208 667 321 740 μαργ
420 644 593 730 Ἐλεύσομαι
615 647 647 712 δέ
664 649 715 712 ιιαλ
739 649 781 724 είς
797 645 852 730 τὴν
870 645 977 731 καινὴν
1001 647 1163 732 διαθήκην.
1209 651 1252 714 Εί
1267 648 1434 734 ἱερατεύειν
1456 679 1496 736 γα

337 759 439 828 ναῖκες
461 756 526 815 θεοῖ
552 747 803 874 πρρςετάσσοντο,
833 747 1029 832 ἢκανονιτόν
1049 776 1078 816 τι
1100 749 1277 837 ἐργάζεσθαι
1299 754 1332 818 ἐν
1353 754 1496 840 ἐκκλησία,

338 855 397 919 ἐδτι
411 860 520 936 μᾶλλον
537 848 631 936 αύτήν
647 850 702 936 τήν
720 855 846 936 Μαρίαν
863 855 1006 937 ἱερατείαν
1021 854 1182 920 ἐπιτελέσαι
1199 856 1231 920 ἐν
1248 861 1338 980 ιραινῇ
1357 855 1526 960 διαθήκη,

336 983 392 1040 την
413 960 650 1034 καταξιωθεῖσαν
678 957 711 1021 ίν
738 953 862 1032 κόλποις
889 958 977 1082 ίδίρις
1003 950 1268 1034 ύποδίξασθαι
1235 982 1289 1022 τον
1313 919 1526 1041 παμβασιλέι

335 1056 413 1124 θεόν
428 1055 621 1144 ἐπουράνιον,
644 1055 712 1123 υίόν
727 1065 782 1124 τοῦ
800 1063 892 1135 θεοῦ,
921 1049 960 1140 ἧς
977 1054 995 1140 ἦ
1009 1055 1106 1144 μήτρα
1124 1057 1196 1136 ναός
1213 1059 1361 1145 γενομέιη
1377 1062 1434 1125 καί
1454 1087 1494 1126 τι·

335 1160 525 1246 τοικητὴριον
542 1165 584 1238 είς
605 1158 659 1244 τήν
675 1185 729 1226 του
718 1164 854 1245 κυρίου
871 1162 1014 1246 ἐνσαριιον
1036 1163 1213 1244 οἰκονομίαν
1232 1159 1309 1226 κατά
1326 1170 1496 1244 φιλαυθρο

336 1268 410 1329 πίαν
425 1270 503 1330 θεοῦ
517 1266 568 1330 καλ
584 1265 746 1348 ἔκπληκτον
762 1260 924 1348 μυστήριον
937 1259 1116 1346 ἡτοιμάσθη.
1156 1259 1233 1328 Ἀλλ’
1250 1261 1308 1330 σύκ
1327 1263 1494 1348 εῦδότησει.

202 1399 254 1446 ρας.
266 1387 324 1434 ινιτ.
333 1363 410 1432 Ἀλλ’
424 1366 495 1432 οῦδέ
508 1363 662 1448 βάπτισμα
674 1363 793 1431 διδόναι
806 1369 1010 1431 πεπίστευται·
1028 1367 1093 1431 ἐπεί
1108 1364 1241 1448 ἠδύνατο
1256 1362 1275 1433 ό
1288 1367 1427 1450 Χριστός
1438 1375 1494 1448 „a

336 1475 389 1535 λον
408 1465 478 1554 παρ’
503 1469 630 1546 1αὐτοῖς
643 1472 865 1554 βαπτισθῆναι,
894 1464 971 1552 ἤπερ
989 1465 1072 1555 παρά
1084 1466 1244 1536 Ἰωάννου·
1275 1467 1350 1534 ἄλλά
1367 1467 1496 1550 Ἰωάννης

338 1572 390 1654 μέν
405 1581 477 1650 παῖς
494 1575 644 1657 Ζαχαρίου
658 1573 690 1637 ἐν
704 1597 740 1660 τη
726 1568 856 1658 ἐρήμῳ
873 1571 1013 1636 διετέλεσε
1028 1569 1182 1654 βάπτισμα
1197 1569 1372 1652 ιἰφέσεως’
1347 1579 1528 1682 αμαρτιιλτ

337 1675 583 1758 πεπιστευμένος,
614 1699 630 1740 ο
623 1671 687 1738 ’δέ
708 1672 818 1739 τούτου
840 1669 938 1756 πατὴρ
957 1678 1020 1761 θεῷ
1038 1668 1204 1758 ίεράτευσο,
1236 1675 1343 1763 κοίτη
1363 1702 1435 1764 οιρα
1454 1649 1528 1740 τοτ’·

336 1775 529 1860 θυμιάματος
553 1777 699 1843 ὀπτασίαν
722 1771 790 1841 είδε.
837 1775 953 1861 Πέτρος
974 1799 1005 1840 τε
1027 1776 1080 1841 ααλ
1099 1774 1257 1860 Ἀνδρίας,
1284 1773 1436 1906 Ἰάκωβος
1455 1779 1496 1842 καί

333 1875 490 1962 Ἰωάννης,
515 1883 666 1954 Φίλιππος
684 1879 735 1944 καί
755 1883 1001 1962 Βαρθολομαῖος,
1025 1881 1153 1960 Θωμᾶς,
1186 1880 1353 1959 Θαδδαῖος,
1377 1882 1434 1946 καλ
1452 1877 1496 1944 Ἰά

335 1985 435 2065 κωβος
450 1979 607 2063 Ἁλφαίου,
630 1978 987 2063 καίἸούδαςἸακάβον,
1009 1983 1062 2046 καί
1077 1976 1215 2062 Σίμωνά
1234 1986 1426 2062 Καναναῖος,
1455 1983 1497 2047 τά
1528 2011 1529 2048 ι

336 2090 484 2162 Ματθίας
500 2081 519 2152 ό
534 2087 577 2161 είς
594 2083 745 2169 πλήρωσιν
760 2089 818 2148 ταῖν
833 2080 949 2148 δύδεκα
965 2084 1183 2168 ἐκλελεγμένος,
1215 2073 1296 2149 οῦτοι
1312 2083 1430 2161 πάντες
1446 2087 1495 2160 ἐξε
1528 2091 1529 2094 ’

334 2188 460 2273 λέγησαν
471 2185 651 2265 άπάστολοι,
676 2183 775 2251 ἐκατά
793 2183 848 2268 την
864 2191 921 2271 γῆν
939 2188 1161 2272 ἱερουργοῦντες
1173 2181 1207 2250 τό
1226 2184 1418 2271 εῦαγγίλισν,
1441 2183 1497 2266 άμα

339 2289 451 2380 Παύλῳ
469 2292 520 2355 καί
538 2287 683 2378 Βαρνάβᾳ
697 2290 749 2353 καί
762 2296 894 2364 λοιποῖς,
924 2289 976 2354 καλ
990 2291 1159 2372 μυστηρίων
1174 2286 1345 2374 άργηγέται,
1376 2286 1437 2354 σύν
1452 2287 1497 2352 Ἰα-

337 2391 428 2482 κάβρτ
443 2399 484 2480 τρῖ
499 2389 617 2480 άδελφρῖ
635 2397 688 2456 τοῦ
704 2395 812 2476 κυρίου
828 2391 878 2455 καί
896 2387 1004 2479 πράτρι
1022 2387 1175 2478 ἐπισκόπρν
1189 2386 1414 2474 Ἱεροσολύμων.
1457 2389 1496 2464 Ἐξ

279 2527 281 2534 ’
336 2486 428 2581 ούπερ
445 2492 612 2560 ἐπισκόπου
628 2495 679 2560 καί
696 2500 754 2559 τοῖν
769 2493 991 2580 προειρημένον
1006 2490 1179 2559 άποστόλων
1195 2488 1427 2574 κατεπόθησαν
1441 2496 1497 2559 διι-
1530 2510 1531 2582 λ

337 2597 423 2680 δογαλ
439 2594 612 2662 ἐπισκόπων
625 2598 675 2662 καί
691 2596 901 2682 πρεσβυτέρων
917 2597 950 2661 ἐν
968 2597 1042 2684 οίκφ
1057 2603 1143 2660 θεοῦ.
1188 2599 1251 2660 Καί
1266 2592 1412 2676 οῦδαμοῦ
1428 2593 1495 2680 γυνά

338 2700 370 2764 ἐν
387 2697 504 2775 τούτοις
517 2696 694 2780 κατεπόθη.
733 2689 826 2763 Ἦσαν
847 2697 889 2776 δέ,
914 2699 1000 2780 φησί,
1021 2699 1159 2784 τέσσαρες
1174 2697 1337 2783 θυγατέρις
1354 2701 1495 2784 Φιλίτιτρ

335 2807 378 2891 τῷ
394 2799 582 2891 εῦαγγελιστῇ
598 2797 855 2887 προφητεύουσαι,
876 2798 923 2866 ὀύ
942 2797 1002 2884 μὴν
1019 2802 1234 2887 ίερουργοῦσαι.
1278 2799 1340 2864 Καί
1356 2789 1496 2882 ἦν”Αννα

336 2911 484 2990 προφῆτις
496 2901 634 2991 θυγάτηρ
653 2900 812 2986 Φανουὴλ,
845 2899 904 2967 άλλ’
922 2899 975 2986 ούχ
994 2905 1138 2990 ἱερατείαν
1155 2902 1381 2984 πεπιστευμένη.
1421 2901 1496 2966 ’Βία

336 3005 392 3094 γάρ
407 3015 597 3093 πληροῦσθαι
612 3003 662 3085 τό,
687 3002 953 3090 Προφητεύσουσιν
970 3007 1001 3070 σί
1013 3005 1074 3070 υίολ
1092 3001 1194 3087 ύμῦν,
1215 3005 1266 3070 καλ
1285 3007 1320 3068 αί
1335 3007 1495 3090 θυγατέρες

336 3106 423 3193 ύμοῖν
444 3113 595 3184 ἐνυπνίοις
623 3105 955 3190 ’ἐνυπνιασθήσονταη
986 3108 1036 3172 καί
1064 3109 1096 3173 σί
1110 3109 1256 3173 νεανίσκοι
1276 3103 1362 3189 ύμῶν
1384 3104 1496 3194 δράσεις

336 3209 476 3296 όψονται.
523 3213 584 3276 Καί
608 3209 654 3278 δτι
682 3211 735 3294 μὲν
751 3214 948 3276 διακονισσοῖν
971 3207 1069 3295 τάγμα
1091 3210 1171 3275 ἐστίν
1193 3211 1237 3284 είς
1255 3206 1311 3291 τὴν
1332 3210 1493 3296 ἐκκλησίαν,

335 3309 395 3379 άλλ’
412 3312 479 3397 ούχλ
496 3316 539 3392 είς
563 3311 597 3379 τά
616 3312 789 3401 ἱερατεύειν,
820 3309 892 3378 ούδί
914 3339 943 3376 τι
962 3313 1116 3400 ἐπιχειρεῖν
1137 3312 1317 3395 ἐπιτρέπειν,
1349 3311 1495 3380 ἐνεκενδλ

336 3416 513 3501 σεμνότητος
528 3423 583 3483 τοῦ
598 3420 768 3503 γυναικείου
785 3417 903 3502 γένους,
926 3411 948 3498 ἢ
961 3413 997 3480 δι’
1017 3413 1099 3500 άραν
1112 3419 1265 3502 λουτροῦ,
1278 3411 1299 3498 ἢ
1312 3416 1495 3498 ἐπισκάψιας

335 3516 474 3600 πάθους,
506 3516 653 3602 ἢπόνου,
685 3520 736 3584 καί
760 3518 808 3584 ὅτε
829 3520 1001 3604 γυμνωθείη
1022 3523 1109 3599 σοῖμα
1131 3521 1271 3602 γυναίου,
1299 3519 1353 3582 ἳνα
1376 3519 1422 3601 μή
1441 3514 1493 3584 ύτδ

267 3647 272 3660 ·
335 3615 456 3706 άνδροῖν
472 3622 706 3707 ίερονργούντων
724 3623 868 3702 θεαθείη,
891 3616 950 3684 άλλ’
967 3615 1026 3684 ύπδ
1044 3626 1097 3702 τῆς
1115 3618 1323 3702 διατεινούσης,
1343 3617 1393 3684 ἐά
1412 3623 1495 3688 ιἐστι·

334 3721 472 3790 τάσσεται
496 3721 580 3790 θάπό
602 3731 656 3790 τοῦ
677 3725 780 3808 ίερέως
797 3724 1001 3806 ἐπιμελεῖσθαι
1014 3719 1091 3806 πρός
1108 3721 1164 3804 τήν
1182 3721 1263 3808 άραν
1280 3729 1336 3805 τῆς
1350 3725 1496 3805 ἐπιδεομέ-

336 3853 390 3910 νης
412 3825 554 3914 γυναικός
573 3829 604 3893 ἐν
625 3833 661 3915 τῇ
686 3824 750 3914 άρρ
773 3832 826 3908 τῆς
848 3830 902 3890 τοῦ
921 3823 1058 3908 σοίματος
1082 3821 1176 3908 αύτης
1195 3823 1391 3910 γυμνάσεις,
1423 3829 1495 3890 ’τοῦ

335 3927 484 4016 τάγματος
495 3935 549 4014 τῆς
563 3926 697 4006 εῦταξίας
710 3929 761 3994 καί
775 3930 1017 4010 ἐκκλησιαστικῆς
1031 3923 1170 4010 εῦνομίας
1182 3925 1389 4010 ἐπιστημόνως
1399 3930 1435 3994 ἐν
1449 3929 1493 4010 μί-

370 4097 394 4152 4.
412 4101 527 4172 ηελίκίας
542 4103 594 4154 σοδ.
612 4103 709 4167 ῖλλεθλρ.
931 4101 986 4152 edit.
1004 4101 1104 4153 Ρελανλλ

373 4169 432 4224 Cn.
448 4172 540 4222 ΙΙΙ.-
577 4171 599 4222 1
615 4118 898 4222 αεσαύλτεαδιιοιειλαῦ-
964 4167 989 4221 θ.
1007 4164 1289 4252 ύιτιιασθιὶσονταιοοσ.
1307 4171 1407 4236 Μ.

386 4233 672 4394 ,τηαν
686 4241 815 4291 ων*
832 4242 899 4289 ν
966 4229 1350 4388 αντιγονε...

370 4370 898 4437 λκατάοσιιίαοοσοΗοιικιλεσρππο
965 4367 1129 4428 θύτιέαλλλ
1149 4375 1232 4426 Ρελου.
1249 4377 1332 4426 colon.
1349 4381 1419 4439 upa

337 4443 468 4494 θοεπστῖιιε
490 4446 559 4494 verm
584 4441 610 4492 hi
634 4459 720 4494 οαιοει
708 4441 818 4493 aelecti
840 4451 899 4494 ιιιιιε
965 4439 989 4494 7.
1008 4443 1164 4494 smmum
1179 4447 1236 4506 μαῖο
1253 4448 1296 4493 οιιλ
1303 4439 1363 4526 λιες
1378 4443 1422 4496 τοῦ
1436 4439 1496 4508 τὴ·

336 4507 488 4588 apostolia·
491 4509 589 4560 crifican
573 4520 691 4596 αεσοροτ
678 4521 804 4560 τλεποια
819 4527 899 4560 ονεσ-
933 4525 1021 4576 ματας,
1037 4504 1278 4576 τηςεύταξίστυ
1263 4503 1494 4594 -νῖσφαλλομένηςε

338 4574 429 4643 μείλινα
449 4583 500 4630 στιν.
535 4577 580 4631 καὶ
602 4575 669 4633 κατά
690 4575 737 4644 την
761 4581 810 4646 γῆν
830 4581 901 4631 λασιλ
931 4581 968 4631 νιλ
989 4581 1062 4630 teian
1085 4578 1130 4632 τοῦ
1154 4577 1285 4647 τάγματος
1307 4578 1358 4646 τῆς
1380 4573 1495 4640 νίννξέίλ
