3058 5014
308 310 444 364 ιιιιιιιιι
462 311 577 364 mern.
596 290 709 364 nomn.
725 310 826 363 nunu.
843 312 960 365 nxxvr.
1147 295 1209 362 ιιι
1274 267 1283 286 ”

58 431 255 496 consuluisse.
301 427 377 496 Cum
403 411 479 496 erim
501 429 678 496 necessariis
693 431 723 496 iu
742 431 828 496 rebus
845 453 880 496 ιι
896 433 951 496 ιιι
966 429 1210 496 convenientibus

58 533 228 599 dissimilem
257 533 333 598 buuo
360 544 389 598 ιι
413 535 595 619 inaequalem
622 533 650 598 ei
674 554 760 618 quem
784 533 886 618 gennit
910 533 1088 613 constituas,
1123 533 1209 617 idque

58 659 165 722 magno
181 657 254 700 sane
274 656 396 714 erroro,
427 637 479 700 sed
501 637 572 700 lalsa
595 637 718 721 quedam
734 635 851 721 pietatis
867 635 965 721 speeie
981 636 1151 719 eorrllngere
1167 633 1211 699 ri·

56 741 165 818 deam,
190 740 220 802 in
237 739 292 802 boe
308 739 372 824 ipso
388 749 503 818 ιιιιιι,
527 739 601 822 quod
618 738 674 802 ιιι
689 737 922 823 indignissimum
937 748 1001 816 est,
1025 738 1061 802 iis
1078 758 1153 822 quse
1169 735 1212 804 di·

57 842 210 905 riuitstem
234 842 298 904 eius
317 841 434 905 minime
453 842 560 904 deeeut
575 840 699 904 similem
719 841 882 925 praedives.
930 838 1066 925 Inprimis
1089 838 1212 903 enimin

58 956 115 1008 tam
132 945 208 1007 altas
226 943 262 1006 de
279 944 335 1006 deo
349 942 545 1026 cogitationes
560 963 629 1008 sese
650 943 833 1006 committere
853 941 1027 1028 impietatis,
1057 942 1103 1006 vel
1123 940 1213 1006 lurio-

57 1045 222 1131 enepotius
238 1047 345 1110 mentis
359 1045 409 1109 ille
426 1047 538 1110 lruetus
555 1055 612 1109 est.
645 1043 722 1110 Nam
739 1067 803 1108 cum
819 1045 890 1108 baec
905 1065 1041 1130 usurpas,
1061 1043 1212 1129 suiipsius

57 1172 126 1216 esee
145 1169 299 1227 caussam,
331 1158 381 1211 rut
403 1148 464 1233 ipse
489 1147 545 1211 sibi
569 1157 600 1210 ut
622 1158 702 1212 esset
723 1147 913 1225 contulisse„
936 1159 1058 1232 utruque
1081 1146 1129 1210 illa
1147 1165 1213 1232 pes-

57 1253 131 1316 sima
157 1250 325 1337 suspicione
343 1251 527 1335 temetipsum
546 1250 714 1327 condixistiq
745 1271 809 1316 cum
828 1250 855 1314 id
875 1250 911 1312 de
929 1251 984 1313 den
1001 1249 1082 1314 velut
1096 1249 1214 1334 palpan-

57 1357 94 1419 do
112 1377 149 1418 ιι
166 1354 304 1419 tentando
321 1351 490 1438 perquisisti
518 1353 757 1437 quemadmodum
782 1351 887 1430 luerit,
918 1364 1082 1417 utrumnam
1098 1371 1215 1437 semper

57 1457 211 1533 extiterit,
243 1477 276 1519 ιι
294 1476 361 1519 ιιι
378 1455 505 1541 sibiipsi
527 1466 559 1518 ut
572 1466 652 1520 esset
668 1455 821 1534 tribuerit,
854 1475 891 1519 an
909 1475 979 1518 casu
996 1454 1064 1519 illud
1080 1453 1214 1518 obtinue-

57 1560 108 1623 rit.
153 1557 299 1643 Equidem
322 1580 380 1622 uon
403 1558 468 1621 sine
490 1567 569 1621 nretu
591 1558 715 1642 quodam
738 1568 768 1621 et
783 1556 906 1622 horrore
923 1557 1064 1643 meipsum
1082 1567 1160 1622 tunm
1177 1555 1213 1618 ad

57 1662 127 1726 illnd
155 1659 313 1745 pessimum
338 1670 540 1744 argumentum
565 1660 765 1724 aeeonrmodo.
811 1656 872 1723 Fae
899 1660 997 1744 itaque
1020 1660 1155 1735 modum,
1188 1658 1214 1723 ni

57 1774 162 1849 potes,
193 1773 228 1826 nt
246 1772 277 1825 at
289 1761 346 1846 ipsi
362 1763 460 1825 lacere
477 1761 640 1847 possimus,
672 1762 776 1846 quibus
797 1761 935 1826 idoneum
954 1762 1022 1826 illud
1043 1783 1078 1825 ar
1093 1759 1214 1844 religio·

57 1887 123 1930 sum
139 1864 272 1943 videtur,
305 1865 391 1928 deum
407 1884 526 1950 semper
539 1865 706 1950 intelligere
721 1885 755 1928 ιι
770 1865 981 1950 semperillum
997 1863 1135 1930 extitisse
1150 1883 1215 1926 ere·

56 1970 140 2032 dere.
188 1965 222 2031 ln
250 1989 308 2052 quo
332 1965 447 2051 quidem
473 1966 579 2030 stolide
607 1967 720 2030 loeutus
752 1988 786 2030 ιι
810 1966 1019 2044 ratiocinatus,
1051 1964 1134 2051 quasi
1160 1965 1215 2030 ιιι

57 2070 201 2135 bonorem
225 2070 385 2134 maximum
411 2067 552 2148 haberes,
585 2068 685 2132 dixisti
711 2089 765 2132 nee
783 2069 875 2152 ipsum
894 2070 949 2134 sibi
967 2080 998 2132 ot
1015 2079 1096 2132 esset
1113 2079 1215 2132 contn-

56 2174 142 2236 lisse.
189 2169 321 2250 Verum,
344 2171 369 2234 si
388 2171 521 2256 quidem,
544 2183 577 2234 nt
595 2170 743 2248 instituis,
767 2191 785 2234 ι
801 2172 975 2236 dictionibus
989 2182 1020 2234 ιι
1036 2170 1216 2257 syllogismis

57 2275 166 2358 pendet
183 2275 248 2338 lidei
265 2274 364 2353 sulus,
396 2293 472 2357 quae
489 2273 517 2336 iu
541 2273 649 2337 infimis
670 2273 900 2357 miserrimisque
922 2273 1095 2360 corporibus
1120 2272 1216 2336 simile

57 2377 168 2463 aliquid
185 2379 250 2442 eius
266 2376 342 2460 quod
358 2395 462 2439 narras
484 2375 610 2440 inveniri
631 2387 744 2460 potest,
779 2397 834 2440 ιιι
848 2387 1012 2441 creatarum
1038 2377 1153 2461 quidem
1168 2395 1215 2440 re·

56 2502 121 2543 rnm
140 2479 199 2544 nlla
217 2477 418 2564 suimetipsius
434 2499 539 2542 caussa
556 2489 619 2557 est,
643 2489 693 2542 ιιι
709 2500 725 2542 ι
739 2477 837 2564 seipsa
857 2490 890 2543 ut
905 2489 986 2544 esset
1001 2478 1142 2556 obtiniut,
1173 2475 1216 2540 id·

58 2605 133 2665 que,
165 2583 192 2645 si
212 2603 228 2645 ι
246 2580 350 2646 bestiis
371 2581 406 2644 ιι
425 2580 576 2660 homiues,
610 2591 640 2643 et
658 2580 694 2644 ab
711 2580 747 2644 iis
763 2583 798 2644 ιι
820 2583 941 2666 angelos
961 2582 1095 2667 progredi
1113 2581 1231 2646 volare·¹

59 2686 119 2765 ris,
153 2705 256 2750 semro
275 2703 343 2749 esse
358 2684 534 2768 comperies.
578 2681 662 2747 Nihil
681 2683 758 2747 enim
776 2704 878 2748 eornm
895 2685 1061 2769 quaefacta
1077 2682 1217 2748 suntsibi

59 2800 89 2852 ιι
107 2789 257 2852 existeret
279 2785 444 2865 concessit,
478 2786 529 2850 sed
552 2785 590 2849 ab
612 2806 649 2850 ιι
671 2787 736 2850 solo
760 2787 837 2872 quod
865 2797 912 2850 est
935 2785 1080 2850 existendi
1103 2784 1216 2850 initium

58 2889 184 2975 aceepit.
231 2887 429 2973 Quamobrem
446 2907 519 2952 cave
536 2888 680 2952 eiusmodi
696 2889 876 2967 rationibus,
907 2889 1010 2975 quibus
1026 2898 1129 2974 argute
1146 2909 1218 2952 oon·

58 2993 179 3056 eludere
207 3002 266 3054 tete
295 3002 397 3077 putas,
432 2991 467 3052 ιι
490 2990 518 3053 id
538 2992 614 3075 quod
638 2991 732 3055 maius
756 3013 791 3056 au
808 2992 1005 3077 praestantius
1031 3003 1078 3056 est
1102 3000 1219 3076 praeter

59 3107 194 3158 naturam
219 3104 248 3156 te
272 3114 306 3158 ar
330 3092 477 3156 violenter
500 3093 658 3158 extendas.
704 3092 769 3157 lloe
792 3094 869 3158 anim
892 3094 917 3158 si
941 3093 1064 3172 laceris,
1098 3093 1216 3158 omniuo

58 3197 173 3260 uiribus
194 3195 326 3259 delectus
353 3195 487 3260 excides.
533 3190 774 3280 Quandoquidem
799 3197 903 3260 urricus
927 3197 973 3260 dei
995 3196 1069 3260 lilius
1087 3194 1219 3280 aequetis

59 3308 125 3376 est,
148 3319 184 3360 ιι
198 3297 304 3361 similis
320 3298 376 3360 deo
394 3297 484 3383 petri,
517 3295 586 3360 lieet
605 3298 659 3360 boe
675 3298 824 3382 dignitatis
842 3298 965 3379 babeat,
997 3311 1029 3362 ut
1042 3299 1078 3362 ab
1096 3319 1133 3362 eo
1150 3319 1216 3384 pru·

59 3401 164 3464 duetus
191 3399 230 3464 sit
248 3421 283 3463 ιι
301 3401 430 3483 genitus.
477 3397 559 3462 Nihil
578 3399 656 3463 enim
679 3401 716 3463 ιι
734 3401 788 3464 ιιι
810 3401 903 3487 ipsum
921 3402 957 3464 ab
972 3397 1148 3485 aequalitate
1168 3423 1216 3486 pa-

59 3503 113 3566 tris
130 3501 317 3579 abhorrebit,
342 3501 381 3564 uti
399 3521 454 3564 nee
470 3523 486 3564 ι
502 3501 703 3566 similitudine.
748 3501 825 3566 Nam
843 3501 914 3566 nibil
933 3523 1034 3567 eorum
1051 3524 1126 3587 quae
1142 3505 1217 3567 laeta

59 3614 129 3668 suut
142 3604 198 3668 sibi
214 3615 246 3667 ut
263 3613 345 3668 esset
361 3603 500 3679 eontulit,
526 3604 765 3688 quemadmodum
787 3605 1057 3690 praestantissimus
1073 3606 1141 3684 ille,
1174 3616 1217 3668 at·

58 3727 115 3790 que
132 3707 210 3770 omri
227 3727 268 3771 ex
285 3717 367 3791 parte
382 3707 549 3791 perlectus,
573 3706 610 3770 ab
628 3707 707 3770 nullo
723 3706 836 3770 initium
854 3707 922 3771 olim
940 3707 1055 3786 babuit,
1088 3729 1124 3771 ιι
1141 3709 1217 3793 quod

58 3830 208 3893 nunquam
233 3829 300 3872 csse
324 3809 465 3894 eoeperit.
511 3806 637 3894 Semper
659 3809 736 3873 enim
760 3810 877 3888 extitit,
911 3809 1070 3894 existitque
1088 3831 1215 3895 semper,

59 3912 177 3976 ιιιιιιιί
196 3911 225 3976 iu
243 3903 396 3976 identitate
414 3921 548 3990 maneat,
580 3931 675 3996 neque
693 3912 747 3976 sibi
767 3921 799 3976 ut
814 3923 896 3977 esset
918 3912 1063 3976 tribuerit.
1110 3910 1143 3974 ln
1160 3933 1217 3996 quo

59 4035 119 4078 non
134 4014 289 4098 ambiguae
307 4035 397 4078 voees
414 4013 598 4098 quaerendae
614 4025 701 4093 suut,
727 4016 778 4077 aed
794 4015 911 4078 sincera
927 4033 962 4076 ιι
975 4013 1074 4098 pietati
1093 4035 1218 4078 cousen-

63 4127 152 4181 tsuea
174 4116 338 4182 adbibrnda
360 4116 570 4181 consideratio.

146 4217 186 4283 ll.
210 4217 383 4298 Praetereo,
408 4239 472 4282 eum
487 4220 531 4282 sic
547 4219 609 4304 ipse
624 4219 773 4304 disputes,
798 4215 886 4302 Quod
902 4219 926 4282 si
946 4218 1001 4304 ipsi
1018 4219 1120 4286 sibiet
1136 4231 1216 4288 esset

91 4351 118 4404 8.
150 4357 214 4404 Verte
238 4355 292 4406 Nee
318 4355 423 4406 eontulit
449 4353 547 4422 quidem
569 4353 624 4420 ipse
694 4355 732 4405 10.
751 4357 842 4420 Scripsi
854 4355 893 4428 τῷ
906 4369 950 4420 pru
964 4355 1016 4421 τοῦ,
1035 4359 1097 4422 quod
1112 4361 1137 4410 ιι
1153 4359 1219 4411 libris

59 4420 107 4469 sibi
126 4431 245 4480 obesset,
263 4440 293 4473 ex
311 4422 510 4484 tresenreuter,
534 4423 556 4473 ιί
573 4428 623 4475 cett.
658 4426 819 4474 solemnibus.

92 4487 119 4540 9.
136 4483 206 4549 israe
220 4493 288 4542 codd.
302 4507 358 4546 mur.
373 4497 396 4544 et
410 4493 465 4544 ιιι.
478 4496 555 4556 petre
582 4484 622 4548 ιι·
692 4491 730 4542 ιι.
748 4493 774 4542 le
790 4494 855 4544 uum
878 4495 946 4546 mua
967 4495 1076 4548 medere
1093 4499 1218 4549 muratum
1327 4567 1330 4572 ἱ

60 4573 114 4617 τις
129 4561 184 4610 edit.
202 4561 283 4612 Peter.
657 4563 689 4612 rat
705 4560 741 4633 τῷ
761 4554 830 4614 εἶναι.
