3066 5016
228 271 443 326 rasurarum.
460 275 505 326 nt.
522 273 603 326 rom.
618 274 650 324 u.
669 273 787 328 attens.
804 271 870 324 rto.
891 271 1035 325 carnot.
1144 261 1207 324 att

132 387 292 456 Praeterea
310 387 462 458 Christum
479 413 495 456 e
514 389 611 458 Maria
630 413 748 479 semper
763 391 880 476 virgine
898 411 1003 456 revera
1023 400 1123 458 aratum
1139 411 1207 458 esse
1225 401 1287 470 cap.
1298 401 1358 454 xv.

47 494 158 572 credit,
189 493 338 580 acreipsa
362 515 488 581 corpus,
519 516 578 560 uon
597 495 696 581 speeie
722 494 868 588 dpotauat
889 492 1039 570 induisse,
1073 514 1205 576 carnem,

47 597 183 680 inquam,
208 617 372 682 corpusque
387 619 503 676 verum,
528 619 593 663 oum
612 597 729 662 ossibus
745 618 780 661 ac
797 596 911 673 nervis,
936 595 1113 679 reliquisque
1130 617 1206 680 quac

47 699 131 763 nobis
150 699 250 762 insont
267 698 421 779 omnibus,
453 699 524 764 nihil
540 710 571 764 ut
587 720 604 762 a
622 700 706 764 nobis
732 699 803 785 ipsis
821 709 1026 784 praeterquam
1045 698 1206 764 excellenti

47 803 168 886 quadam
187 801 353 866 sanctitatis
375 823 411 864 ac
427 800 588 866 divinitatis
611 801 705 886 gloria
724 802 889 886 discrepet,
921 811 981 864 tum
1000 801 1077 884 quod
1095 801 1206 864 sancti-

48 903 114 968 tatis
128 924 165 967 ae
179 904 308 968 iustitiae
324 925 379 968 vas
394 903 443 968 sit.
475 903 573 969 llabet
589 914 686 968 autem
706 905 803 968 omnia
821 902 1034 988 perfectissime
1046 903 1121 966 citra
1137 923 1207 988 pec·

47 1016 154 1070 catum.
187 995 287 1088 Quare
305 1006 429 1070 humana
444 1026 550 1070 revere
565 1017 612 1071 est
624 1006 720 1070 anima
736 1006 896 1090 praeditus,
922 1005 1104 1088 humanaque
1123 1024 1205 1068 men·

49 1119 92 1185 te,
110 1130 170 1172 aron
187 1109 261 1191 qood
280 1118 406 1172 mentem
426 1108 838 1194 hypostasinessedicemus,
856 1105 1113 1172 utaffirmantalii.
1146 1102 1206 1171 Ce-

48 1221 139 1275 terum
157 1211 235 1275 nulla
253 1210 364 1296 peceati
380 1211 555 1293 contagione
571 1212 703 1275 loedatus
720 1219 786 1289 εει,
810 1230 955 1294 nunquam
975 1230 1009 1274 os
1026 1209 1104 1273 illius
1122 1229 1205 1273 mco-

49 1314 128 1377 titum
147 1324 205 1392 εει,
223 1316 320 1395 lleque
331 1315 406 1376 ludeo
421 1316 515 1376 dolum
526 1317 620 1376 locuta
632 1322 717 1387 suam
738 1333 790 1376 cor
805 1313 841 1376 ad
855 1311 1028 1376 irritandum
1045 1312 1131 1374 deum
1144 1329 1313 1387 uontwrma
1324 1331 1358 1378 ta

48 1415 215 1493 declinavit,
240 1436 323 1480 mene
339 1415 374 1478 ad
390 1435 426 1480 aa
441 1434 516 1499 quae
533 1416 617 1478 nelas
633 1423 680 1478 est
696 1436 754 1478 non
771 1413 1083 1493 deflexit,caroail1il
1099 1435 1203 1481 eorum

49 1539 118 1602 quae
138 1517 175 1582 ad
195 1517 292 1582 carnis
309 1517 488 1602 voluptatem
509 1517 657 1602 pertinent
670 1515 798 1596 admisit,
823 1517 894 1580 deus
914 1515 951 1579 ab
967 1526 1090 1580 aeterno
1107 1518 1204 1602 perle-

50 1632 122 1698 ctus,
147 1620 196 1704 qui
211 1641 269 1684 nou
289 1630 321 1685 ut
336 1620 365 1685 iu
384 1619 500 1684 homine
519 1619 661 1684 habitaret
678 1617 808 1697 advenit,
834 1619 886 1682 sed
902 1619 1024 1683 verbum
1042 1618 1134 1704 ipsum
1151 1619 1203 1684 ho-

49 1721 151 1785 minem
173 1721 284 1800 induit,
309 1743 368 1786 nou
386 1732 491 1787 natura
507 1731 667 1802 mutatum,
691 1722 744 1785 aed
764 1741 828 1785 eam
845 1741 921 1806 quae
938 1720 1064 1786 hominis
1084 1722 1202 1808 propria

50 1834 92 1887 est
108 1845 174 1888 cum
192 1824 344 1888 divinitate
361 1824 558 1909 complexum.
605 1821 639 1888 ln
657 1823 780 1908 virginis
797 1833 882 1888 utero
903 1843 1009 1888 revera
1032 1824 1149 1908 genitus
1167 1844 1203 1890 ao

49 1946 97 2010 per
112 1925 259 2010 genitales
275 1937 388 1991 meatus
403 1927 433 1990 in
452 1927 546 1990 lucem
561 1925 674 2004 editus,
699 1926 764 1990 sine
784 1925 842 1990 ulla
858 1924 1052 2011 turpitudine,
1078 1927 1203 1992 loedita·

49 2038 91 2107 te,
115 2028 164 2093 ael
181 2028 259 2093 labe.
304 2027 377 2093 Post
393 2029 466 2092 haec
485 2028 643 2107 educatus,
675 2039 796 2112 atqoea
816 2025 985 2114 symeone,
1019 2029 1154 2094 etdnna
1170 2030 1202 2094 in

50 2130 119 2194 ulnis
135 2141 268 2215 gestatus
283 2129 407 2195 alderia
424 2141 567 2217 portatus,
585 2131 643 2194 iter
658 2140 760 2214 postea
774 2129 894 2216 pedibus
909 2131 1048 2210 confecit,
1070 2132 1202 2216 peregri-

50 2243 211 2312 natusest,
236 2235 270 2298 ad
290 2233 442 2320 pueritiam
461 2232 612 2319 persenit,
637 2243 735 2297 aetate
753 2233 962 2298 corroboratus
978 2244 1040 2312 est,
1073 2234 1200 2298 humana

48 2334 119 2400 inse
137 2335 235 2401 omnia
252 2337 381 2420 perlecto
399 2336 517 2413 habuit,
550 2355 692 2400 annorum
718 2336 919 2422 mensiumque
944 2356 1065 2400 numero
1092 2357 1200 2402 census

49 2449 101 2514 est,
123 2437 153 2501 in
172 2437 360 2523 praegnantis
375 2449 460 2502 utero
476 2447 620 2522 gestatus,
637 2441 740 2522 focace
756 2441 919 2514 emulare,
941 2441 1106 2520 suctus-sud
1124 2441 1196 2520 lege.

49 2535 156 2604 Deinde
174 2541 209 2603 ad
226 2537 381 2604 Iordanem
402 2539 551 2626 profectus
577 2550 641 2620 est,
676 2539 840 2625 ibidemque
857 2539 1000 2606 aloanne
1016 2541 1195 2628 baptizatus,
1218 2557 1271 2606 out.
1284 2558 1339 2616 ιε

50 2663 106 2704 eum
131 2642 242 2711 lotione
264 2642 337 2708 oiltil
361 2664 434 2728 opos
457 2635 598 2721 haberet,
629 2643 682 2706 sed
699 2653 731 2706 ut
747 2663 781 2708 ea
799 2663 872 2727 quae
896 2653 1050 2730 susceptae
1073 2643 1200 2710 hominia

50 2753 164 2808 naturae
188 2755 388 2808 consentanea
413 2754 482 2808 sunt
497 2755 650 2823 servaret,
681 2742 811 2808 iustitiae
834 2746 930 2830 legem
956 2746 1128 2831 perturbare
1146 2767 1199 2811 no-

50 2843 113 2922 luit,
142 2858 177 2909 ut
194 2850 373 2928 amputaretur,
391 2847 630 2931 quemadmodum
645 2847 708 2933 ipse
729 2847 815 2927 dicit,
848 2853 1080 2923 amarescentis,
1112 2858 1199 2933 atquc

49 2967 141 3012 veram
157 2970 175 3013 a
192 2970 225 3014 se
241 2969 359 3014 carnem
377 2969 536 3033 veramque
550 2949 676 3014 hominis
692 2961 826 3014 naturam
846 2959 1012 3035 susceptam
1031 2970 1098 3014 esse
1114 2967 1312 3028 mon-Macte,
1320 2969 1353 3016 tt.

50 3058 162 3114 straret.
208 3048 352 3135 lgiturad
371 3072 463 3136 aquas
493 3052 663 3131 descendit,
694 3053 734 3116 ite
755 3064 852 3116 mosen
874 3063 907 3116 ut
922 3054 1070 3118 conferret
1091 3051 1199 3138 aliquid

52 3151 243 3237 potiusquam
264 3154 429 3240 acciperet,
455 3153 613 3238 largiretur
631 3156 724 3240 magis
743 3175 830 3239 quam
848 3154 890 3218 rei
910 3155 1069 3240 cuiuspiam
1088 3154 1200 3239 indigc-

52 3264 100 3315 ret.
145 3251 261 3340 Quippe
285 3257 402 3320 easdem
421 3255 487 3320 illas
503 3275 594 3340 aquas
615 3277 667 3322 sua
684 3257 751 3320 luce
769 3256 969 3334 collustravit,
1000 3257 1081 3320 etad
1096 3278 1199 3322 eorum

52 3375 116 3435 quae
133 3357 162 3418 io
182 3377 250 3420 sese
270 3357 445 3442 perficienda
466 3369 570 3438 erant,
603 3359 829 3424 adumbraudam
850 3357 1024 3443 imaginem,
1056 3359 1199 3443 quandam

51 3456 176 3522 simillia
191 3459 346 3545 impertiit,
379 3469 410 3523 ut
427 3460 475 3544 qui
491 3460 547 3547 ipsi
563 3481 669 3526 revera
687 3463 863 3540 crederent,
895 3483 929 3528 ac
947 3462 1083 3528 ueritatis
1098 3472 1201 3526 essent

53 3557 100 3622 lde
115 3560 254 3644 praediti,
286 3561 486 3646 intelligerent
503 3583 561 3626 non
585 3563 666 3628 illum
689 3565 755 3629 dcte
780 3564 934 3629 humanam
958 3566 1090 3630 induisse
1116 3573 1200 3628 natu·

53 3677 124 3740 ram,
159 3683 253 3746 neque
278 3664 345 3728 llcte
369 3683 435 3728 esse
460 3665 544 3749 aquis
567 3665 740 3730 intinctum:
772 3668 932 3752 eademque
956 3677 986 3756 et
1006 3668 1060 3753 ipsi
1083 3667 1200 3733 ratione

53 3781 97 3842 per
118 3784 179 3829 eam
208 3785 292 3850 quam
314 3766 363 3830 ille
394 3787 464 3851 prae
495 3787 528 3832 ae
554 3769 661 3832 tulerat
689 3770 986 3836 accommodationem
1010 3770 1198 3847 accedentes,

53 3861 161 3930 inditam
177 3867 256 3932 illius
275 3869 468 3932 descensione
486 3869 545 3934 aim
562 3871 591 3935 in
610 3891 678 3936 sese
694 3874 891 3951 translerant,
923 3872 1112 3956 eiusdemque
1134 3871 1201 3936 luce

54 3969 265 4049 perfundantur,
285 3991 342 4055 quo
359 3971 559 4056 propheticum
579 3973 734 4060 impleatur
750 3975 917 4052 oraculum,
939 3979 991 4038 Ad
1000 3977 1199 4036 immutandam

54 4071 171 4133 marem
180 4118 189 4147 ,
213 4077 472 4156 consulendumque
488 4079 607 4140 solutam
623 4100 661 4139 cn
681 4079 731 4140 ullo
742 4083 828 4158 pones
845 4082 965 4152 vertute,
990 4098 1062 4160 quoe
1079 4079 1116 4138 nd
1131 4080 1199 4140 Hae·

55 4175 163 4236 rmulem
183 4181 338 4256 occrpa'mr,
372 4199 565 4260 equorumque
582 4184 619 4241 ai.
668 4175 724 4242 llic
748 4179 825 4242 enim
845 4180 874 4243 in
892 4175 1014 4244 Christo
1039 4179 1121 4265 panis
1138 4179 1199 4242 vir-

54 4277 136 4337 tusac
154 4277 197 4340 vis
215 4299 306 4362 aquae
323 4281 548 4360 corroboratum
580 4291 612 4344 ut
636 4302 694 4345 non
718 4281 801 4364 ponis
827 4281 889 4367 ipse
915 4281 955 4346 sit
982 4282 1067 4346 uobis
1089 4283 1196 4363 virtus,

54 4374 95 4438 sed
116 4377 206 4443 virtus
228 4399 244 4442 a
266 4401 340 4465 pane
359 4384 508 4466 prolecta3
533 4404 567 4446 ac
584 4383 667 4448 cibus
687 4383 926 4468 quidemnoster
944 4385 1027 4470 panis
1046 4397 1110 4467 est,
1143 4385 1196 4450 sed
