3042 5016
241 323 380 380 seusun
396 325 462 382 urs.
474 325 521 382 ur.
538 321 621 381 rota.
636 329 657 379 r.
675 323 777 382 nsua.
794 319 914 378 uxxvr.
1091 282 1155 378 aad

22 448 147 532 prodentia
173 459 205 514 nt
231 447 336 534 legatis
362 449 490 533 postulo.
545 445 591 512 lta
614 445 711 525 enim,
746 467 765 509 o
792 443 955 512 Christiani
982 467 1017 511 ac
1043 443 1156 512 Christi

20 553 97 632 serui,
124 551 319 636 veritatisque
345 549 412 631 dlii,
447 562 597 616 terrenam
620 569 655 614 ao
676 548 867 614 vanissimam
884 549 963 612 illius
978 548 1154 630 doctrinam,

20 665 117 738 atquca
136 654 242 740 spiritu
264 664 371 736 sautuu¹
387 673 510 738 prorsus
535 652 742 717 abhorrentem
761 669 828 717 esse
847 651 1049 736 cognoscetis.
1096 651 1156 738 Qui

19 755 90 820 divini
104 755 185 820 verbi
202 777 240 820 ue
257 775 316 820 una
337 755 453 840 quidem
473 756 558 820 litera
580 754 759 819 mentionem
778 754 892 839 attigit,
924 775 980 819 uec
999 755 1089 819 ullum
1105 777 1158 819 re-

18 858 74 922 teris
86 869 130 923 aut
147 858 217 923 nori
234 857 405 924 testamenti
420 859 515 924 locum
532 858 663 943 protulit.
708 854 792 920 Nihil
810 857 942 941 exlege,
969 857 1041 922 nihil
1057 878 1073 920 c
1090 878 1158 944 pro·

17 959 110 1044 phetis,
134 959 206 1025 nihil
221 981 262 1025 cx
278 960 453 1046 evangeliis,
478 960 550 1025 nihil
567 979 607 1024 ex
622 959 776 1045 apostolis,
801 959 873 1023 nihil
890 981 906 1022 e
924 961 1157 1046 patriarcharum

18 1063 173 1128 testimoniis
198 1063 228 1128 iu
257 1062 383 1128 medium
406 1061 540 1127 adduxit.
586 1059 656 1126 Nou
679 1061 772 1147 ipsius
796 1061 956 1127 salvatoris
980 1063 1157 1130 sententium

16 1165 102 1245 ollam,
133 1187 193 1230 non
212 1166 305 1251 patris
326 1165 506 1251 spiritusque
524 1165 619 1227 sancti
638 1163 745 1227 dictum
763 1163 881 1248 aliquod
896 1165 932 1228 ab
950 1167 1093 1251 apostolis
1111 1167 1160 1231 vel

16 1268 144 1352 prophetis
172 1280 433 1334 commemoratum
459 1267 624 1351 proposuit.
671 1264 739 1349 Quo
764 1265 834 1330 illud
862 1267 996 1332 veritatis
1025 1280 1159 1334 amantes

14 1367 177 1454 intelligant,
202 1371 288 1456 plane
302 1371 382 1435 illum
401 1391 418 1433 a
438 1371 494 1434 dee
512 1389 580 1434 esse
598 1379 629 1433 et
645 1389 662 1432 a
679 1367 735 1432 tide
751 1369 843 1453 ipsius
860 1370 1000 1435 alienum.
1046 1367 1159 1436 Contra

15 1469 74 1534 haec
94 1473 173 1538 illius
193 1475 311 1537 decreta
337 1473 485 1537 abundes
504 1471 590 1536 nobis
615 1469 756 1536 hactenus
775 1493 829 1557 pro
850 1471 964 1541 viribus
981 1473 1159 1560 disputatum

13 1574 134 1656 arbitror,
161 1597 196 1640 ac
210 1575 276 1640 rudi
291 1575 408 1660 quidem
424 1585 454 1640 et
469 1574 593 1660 simplici
607 1573 753 1638 orationis
767 1575 857 1660 stylo,
881 1575 933 1639 sed
948 1577 1044 1642 allatis
1060 1597 1161 1642 sacra·

13 1697 65 1739 reu
81 1677 232 1742 literarum
248 1675 486 1757 auctoritatibus,
509 1696 545 1740 ac
562 1675 741 1762 depromptis
756 1697 795 1741 ex
813 1678 954 1764 religioso
966 1679 1057 1744 animi
1069 1701 1160 1744 seusu

11 1779 161 1844 rationibus
187 1780 264 1844 illius
287 1779 414 1866 impetus
437 1798 504 1844 esse
527 1779 691 1844 discussos.
737 1777 842 1865 ltaque
862 1801 928 1845 cum
945 1782 975 1846 in
993 1781 1071 1848 illius
1091 1803 1162 1847 oon·

12 1881 190 1948 letatiooibus
206 1885 242 1948 de
262 1884 319 1947 hde
337 1883 410 1948 satis
429 1893 530 1967 aperte
549 1881 794 1962 disseruerimus,
825 1885 960 1947 sufficere
981 1885 1059 1950 istud
1083 1886 1162 1949 arbi-

11 1993 128 2065 tramur;
163 2007 201 2050 ne
226 1986 251 2050 si
277 1982 534 2070 ampliusaliquid
560 1984 699 2047 addamus
723 1985 922 2050 molestiorem
950 1989 1049 2073 operis
1077 1986 1162 2054 huius

11 2083 158 2152 lectionem
181 2107 404 2174 supervacanea
426 2086 609 2172 longitudine
633 2087 785 2151 faciamus.
832 2085 893 2153 Sed
908 2110 1002 2174 pauca
1020 2091 1162 2174 quaedem

10 2189 189 2256 nihilomiuus
204 2190 393 2255 retractanda
416 2208 451 2252 ac
467 2188 599 2254 breviter
614 2190 790 2275 exponenda
807 2202 876 2254 sunt
893 2211 934 2256 ex
947 2193 984 2256 iis
1003 2213 1078 2277 quac
1097 2201 1163 2277 post

8 2289 166 2377 inportuna
189 2292 239 2356 illa
259 2291 446 2376 absurdaque
473 2292 611 2375 dogmata
633 2291 810 2356 insolentius
833 2293 928 2358 elatus
957 2293 987 2357 in
1010 2291 1162 2360 Christum

10 2393 121 2479 eiusque
140 2395 277 2480 spiritum
292 2406 425 2458 sanctum
445 2414 514 2479 prae
527 2395 680 2478 utriusque
694 2394 762 2458 odie
777 2395 890 2459 nelarie
906 2396 1048 2477 contulit3
1073 2417 1163 2481 quae·

7 2517 55 2578 que
68 2498 105 2560 ab
121 2496 286 2584 impudenti
300 2496 378 2562 illius
393 2519 428 2560 ac
442 2495 652 2582 discipulerum
666 2495 759 2582 ipsius
773 2518 826 2561 ore
841 2500 973 2583 prolecta
987 2509 1018 2562 et
1032 2499 1164 2563 inaudito

7 2600 122 2680 quodam
146 2601 238 2665 enimi
262 2602 339 2664 laetu
365 2601 594 2684 arrogantisque
615 2599 645 2662 iu
665 2600 750 2664 deum
774 2600 1072 2666 contumeliosissime
1096 2612 1165 2667 sunt

7 2701 147 2768 coniecta.

83 2803 142 2871 lV.
190 2803 249 2870 Hie
272 2806 349 2869 enim
372 2804 436 2891 ipse
454 2827 520 2870 cum
543 2805 606 2869 suis
623 2803 654 2868 in
673 2825 737 2869 carn
757 2804 896 2870 vanitatis
916 2807 1072 2872 amentiam
1091 2807 1166 2871 iuci-

7 2905 56 2986 lit,
88 2920 230 2992 utsupra
253 2908 393 2971 mortales
414 2927 517 2972 omues
542 2908 627 2971 decus
647 2928 757 2972 senon
781 2908 837 2972 lide
859 2909 940 2988 sola,
972 2911 1024 2974 sed
1047 2909 1166 2996 propria

7 3010 122 3090 quadam
140 3010 268 3076 scientia
285 3011 536 3095 comprehendere
552 3010 689 3074 iactaret.
725 3008 977 3093 Quemadmodum
995 3013 1081 3098 paulo
1096 3021 1165 3076 aute

7 3113 117 3177 memini
134 3113 193 3178 hoc
212 3113 249 3176 ab
269 3113 327 3178 illis
344 3114 480 3198 usurpari
498 3113 634 3194 solitum,
659 3114 745 3177 deuna
763 3134 797 3176 se
814 3135 872 3178 non
891 3115 958 3178 fidei
975 3117 1062 3178 modo
1079 3112 1167 3179 intel·

7 3213 140 3297 igentia,
174 3217 228 3280 scd
250 3215 371 3301 perinde
390 3214 490 3280 auimo
514 3212 671 3300 concipere
695 3236 730 3278 ac
750 3216 872 3299 quilibet
893 3217 1083 3301 aspectabilis
1108 3218 1167 3282 ista

7 3335 32 3378 re
53 3317 223 3383 uacuhilia
242 3317 414 3403 cognoscit,
446 3328 547 3404 utputa
565 3318 591 3382 si
607 3316 672 3402 quis
691 3316 814 3402 lapidem
832 3331 884 3382 aut
901 3319 1012 3403 liguum
1031 3321 1078 3385 vel
1095 3321 1168 3385 alte·

7 3419 58 3484 rius
74 3421 224 3485 materiae
240 3422 467 3486 instrumentum
491 3421 598 3505 capiat.
645 3417 691 3483 lta
714 3421 830 3504 quidem
845 3423 942 3486 audax
957 3423 1008 3488 ille
1024 3445 1059 3488 ao
1075 3434 1167 3487 teme-

7 3525 93 3588 rarius
109 3523 262 3609 loquitnra
295 3523 372 3588 Tam
390 3524 476 3588 deum
494 3523 627 3608 intelligo
645 3544 731 3607 quana
749 3525 912 3609 meipsum3
942 3526 1001 3590 imo
1017 3537 1077 3590 tam
1096 3525 1169 3590 mci-

7 3645 79 3692 rsum
100 3649 167 3692 nou
184 3627 253 3692 novi
271 3647 357 3710 quam
377 3628 475 3692 deum.
523 3624 633 3690 Verum
659 3647 752 3712 nugas
771 3626 846 3690 istas
865 3629 940 3692 ultra
959 3629 1084 3694 dicendo
1102 3649 1168 3715 per·

7 3731 98 3813 requi,
131 3728 321 3810 velandire,
353 3729 541 3815 utiplurihus
558 3729 690 3793 lraudeus
710 3749 745 3792 ac
763 3730 942 3815 perniciem,
973 3732 1014 3796 ita
1028 3731 1171 3817 sapienti·

7 3849 50 3898 tos
74 3832 174 3898 risutu
201 3853 237 3896 ac
259 3832 416 3897 ludibrium
441 3832 619 3896 couscisoet.
665 3829 777 3916 Ecquis
801 3833 878 3896 euim
900 3834 1009 3900 urentis
1030 3833 1170 3898 vecordia

7 3955 28 3996 tc
52 3937 163 4000 lurore
191 3935 321 4021 percitus
346 3935 421 4000 alios
450 3936 480 3998 iu
508 3935 630 3999 eandem
656 3935 799 4000 inscitiam
824 3935 960 4016 trabere,
994 3935 1168 4022 praesertim

7 4037 205 4124 obsequentes
229 4037 285 4102 sibi
307 4059 342 4102 ac
365 4037 443 4102 dicto
461 4038 633 4116 audientes,
668 4059 727 4102 nou
743 4037 859 4123 possit?
902 4036 989 4121 Quod
1012 4039 1038 4101 si
1055 4039 1120 4123 quis
1135 4037 1171 4101 il·

7 4162 72 4221 um,
107 4140 164 4206 vel
187 4140 252 4206 eius
269 4141 427 4227 discipulos
450 4151 588 4224 rogaret:
620 4138 669 4204 Ne
685 4151 716 4204 tu
734 4139 802 4204 mihi
820 4141 1057 4225 incomparabilis
1078 4151 1108 4204 et
1126 4141 1170 4204 iu·

7 4242 282 4332 :cmpreheusihilis
298 4244 344 4306 dei
362 4243 515 4308 scientiam
534 4242 669 4320 iactites,
694 4243 777 4306 cuius
793 4243 914 4305 formam
931 4243 1047 4326 quidem
1066 4265 1101 4307 sc
1118 4265 1171 4308 na·

8 4369 93 4414 oram
128 4346 251 4432 assequi
277 4365 365 4410 nemo
391 4356 504 4431 potest,
541 4345 597 4410 lide
620 4363 692 4408 vero
719 4343 755 4408 ab
782 4342 874 4430 ipsius
901 4344 998 4410 servis
1013 4357 1171 4431 utcumque

7 4451 147 4536 :agnosci
164 4459 274 4536 potest.
321 4445 381 4513 Sed
399 4447 454 4512 hoc
468 4448 556 4514 velim
572 4446 657 4511 nohis
674 4447 840 4526 edisseras,
867 4449 1055 4512 fundamenta
1074 4460 1172 4514 terrae

7 4577 70 4639 puae
91 4553 179 4632 sint,
203 4571 335 4638 quaeque
350 4551 451 4638 abyssi
469 4549 613 4637 penitiora
632 4549 836 4634 receptacula,
861 4551 951 4616 auaris
971 4573 1076 4632 venas,
1097 4552 1172 4615 iule-

883 4670 955 4737 21*
