3072 5002
301 273 343 338 92
727 285 850 340 ειυοτι
867 285 1039 340 muman

300 411 355 487 τῆς
372 407 406 472 ἐτι
429 411 483 473 τοῦ
503 403 616 488 πατρύς
632 405 844 492 γεγεννημένης
865 403 970 480 οῦσίας
991 405 1174 487 νοουμένης,
1202 400 1253 486 τῦ,
1289 401 1394 482 Ούτως
1410 399 1459 486 τὴν

303 504 463 592 ὁμοιότητα
484 512 536 590 τῆς
557 505 661 584 ούσίας
682 505 758 590 πρύς
779 507 885 574 οῦσίαν
910 511 1079 590 ’σημαίνει

164 624 282 697 [md.
390 613 452 676 Καί
469 614 556 687 εἴτις
575 608 627 691 τύ,
642 609 763 677 Ἔκτισέ
779 636 830 693 με,
852 612 903 677 καί
917 608 967 690 τύ,
990 613 1086 698 Γεννᾷ
1099 635 1152 692 με,
1174 607 1243 695 παρ’
1261 607 1356 675 ούτοῦ
1371 607 1459 676 τίτσύ·

304 712 408 793 ωντύ,
439 719 535 804 Γεννᾷ
552 739 602 795 με,
633 712 674 796 μὴ
696 715 746 780 ἐπί
767 720 821 779 τοῦ
843 712 937 779 αῦτοῦ
961 715 1013 780 καί
1034 709 1098 778 κατ’
1120 709 1225 779 ούσίαν
1252 715 1364 789 ἐννοεῖ,
1396 709 1460 776 οίλλῦ

301 813 409 883 ταύτύν
432 817 510 903 λέγοι
534 815 579 894 τύ,
602 823 698 906 Γεννᾷ
721 841 774 898 με,
802 823 855 906 τῷ,
877 815 996 882 Ἕιτισέ
1013 839 1065 898 με,
1098 812 1140 891 οίς
1162 813 1203 900 μη
1223 817 1317 902 λέγων
1330 813 1385 882 τύν
1400 814 1462 881 υίύν

301 917 355 986 τύν
369 916 498 996 α’παθοῦς
514 920 623 985 τέλειον
642 921 674 986 ἐκ
691 926 750 985 τῶν
768 917 823 986 δύο
844 915 1016 1001 ύνομοίτων,
1039 925 1107 998 τοῦ,
1120 917 1239 984 Ἔκτισέ
1256 943 1309 1001 με,
1331 920 1384 984 ιιαλ
1402 925 1459 996 τοῦ,

304 1028 334 1090 Γ
330 1028 401 1111 εννᾷ
418 1047 469 1104 με,
491 1027 598 1105 κτίσμα
612 1021 708 1106 μόνον
721 1019 890 1107 ὁμολογοῦν,
912 1023 963 1087 καί
977 1023 1080 1105 μηκέτι
1099 1019 1177 1100 υἷύν,
1200 1017 1241 1098 αίς
1254 1023 1461 1105 παραῦέόωτετ
1522 1021 1523 1094 ί

302 1120 324 1208 ἦ
338 1129 430 1204 σοφία
445 1127 479 1190 ἐκ
494 1131 555 1190 τῶν
570 1124 626 1190 δύο
644 1123 774 1208 εὐσεβῶς
790 1123 844 1208 τήν
857 1127 992 1201 έννοιαν,
1015 1121 1154 1206 ύναίθεμα
1173 1127 1256 1191 έστω.
1302 1126 1364 1190 Καί
1383 1128 1412 1189 εί
1422 1149 1462 1200 τις

302 1234 356 1293 τοῦ
373 1230 443 1293 υίσῦ
458 1223 513 1308 τὴν
530 1227 582 1309 μέν
599 1225 661 1292 κατ’
681 1226 787 1293 οῦσίαν
804 1225 881 1310 πρύς
896 1225 949 1293 τύν
966 1227 1074 1292 ἐαυτοῦ
1091 1229 1204 1311 πατέρα
1220 1223 1384 1310 ύμοιύτητο
1397 1224 1462 1310 ύμῖν
1522 1217 1523 1302 ί

303 1326 566 1406 ἀποκαλύπτοντας
582 1326 620 1396 δι’
640 1321 684 1395 οἷν
708 1352 796 1414 φησι,
817 1328 933 1414 Ὣςπερ
956 1327 1013 1415 γύρ
1030 1326 1049 1396 ύ
1064 1328 1162 1412 πατὴρ
1179 1328 1257 1414 ζωὴν
1273 1331 1330 1412 έχει
1348 1331 1383 1396 ἐν
1401 1331 1461 1396 ἐαυ·

302 1439 360 1523 τῷ,
392 1430 490 1508 οὕτως
506 1433 613 1522 καὶτῷ
632 1435 689 1528 υίῷ
706 1435 798 1498 έόωκε
816 1431 893 1516 ζωὴν
909 1435 984 1516 ἐχειν
999 1433 1156 1522 ἐνέαυτςῦ,
1187 1430 1241 1515 τήν
1258 1433 1291 1497 δέ
1308 1430 1374 1497 κατ’
1390 1433 1463 1516 ἐνέρ-
1522 1461 1523 1530 γ

305 1560 387 1621 γειαν
406 1534 441 1601 δι’
460 1525 504 1600 νῦν
523 1533 673 1613 παιδεύει,
695 1533 735 1599 “A
759 1532 906 1621 γύραῖνύ
921 1533 1018 1618 πατὴρ
1038 1541 1127 1626 ποιῇ,
1158 1542 1251 1600 ταῦτα
1275 1537 1327 1600 καί
1352 1532 1462 1611 ύυίύς,
1522 1553 1523 1606 3

181 1635 523 1721 ρεςεοεύμοίωςποιεῖ,
560 1647 567 1683 ¹
581 1636 677 1721 μόνην
695 1635 748 1720 τὴν
762 1635 824 1704 κατ’
840 1638 986 1724 ἐνέργειαν
1002 1635 1164 1721 ὁμοιότητα
1187 1637 1316 1714 ’διδούς
1332 1637 1390 1722 τὴν
1406 1635 1463 1704 κατ’

303 1739 424 1818 ούσίαν,
452 1739 474 1823 ἥ
492 1741 551 1806 ἐστι
572 1739 608 1806 τύ
630 1744 923 1820 αεφαλαιωέέστατον
941 1738 1027 1824 ἡμῶν
1045 1747 1098 1824 τῆς
1115 1746 1256 1820 πίστεως,
1287 1740 1463 1826 ἀποστεροίη
1522 1751 1523 1796 3

303 1849 357 1908 τοῦ
374 1845 458 1919 υίοῦ,
489 1839 530 1919 ούς
545 1841 652 1908 έαυτύν
669 1842 843 1928 ύποστερῦν
867 1851 921 1926 τῆς
944 1846 976 1910 ἐν
991 1843 1097 1931 γνούσει
1113 1843 1225 1929 πατρός
1240 1846 1293 1910 καλ
1309 1848 1381 1911 υίοῦ
1399 1849 1462 1910 αίο-
1522 1881 1523 1890 ¹

303 1950 370 2012 νίου
390 1952 482 2030 ζωῆς,
512 1943 650 2028 αίνύθεμα
665 1948 747 2012 έστω.
794 1951 856 2012 Καί
875 1951 904 2012 εί
917 1973 960 2023 τις
976 1951 1018 2023 είς
1035 1949 1148 2032 πατέρα
1166 1948 1216 2013 καί
1233 1945 1302 2013 υίύν
1318 1948 1464 2015 πιστεύειν

304 2047 551 2136 ἐπαγγελλόμενος
571 2046 624 2116 τείν
648 2051 760 2133 πατέρα
783 2046 825 2133 μή
847 2046 951 2126 ούσίας
975 2047 1081 2132 ύμοίας
1104 2049 1222 2117 ἀύτοῦ
1243 2053 1324 2136 λέγοι
1343 2053 1464 2134 πατέρα,
1522 2079 1523 2130 ;

303 2149 375 2219 ύλλύ
396 2155 555 2237 ἐνεργείας,
586 2149 627 2229 οῦς
642 2151 788 2235 βεβήλους
809 2156 1013 2231 ααινοφωνίας
1037 2150 1112 2218 ααταί
1135 2160 1187 2234 τῆς
1204 2152 1309 2229 ούσίας
1329 2162 1386 2220 τοῦ
1401 2158 1465 2220 υίοῦ

186 2333 189 2340 .
303 2260 357 2322 τοῦ
378 2263 456 2322 θεοῦ
479 2259 669 2342 φθέγγεσθαι
697 2262 827 2338 τολμιῦν,
860 2257 910 2320 καί
937 2253 1069 2339 α’ναιρῦν
1094 2254 1128 2321 τύ
1148 2252 1224 2322 εἶναι
1246 2251 1373 2338 α’ληθοῦς
1390 2257 1465 2333 υίύν,

304 2357 444 2442 τίνα’θεμα
461 2361 544 2424 ἐστω.
590 2361 650 2422 Καί
667 2361 696 2422 εί
708 2383 752 2434 τις
768 2356 834 2422 υίιίν
852 2357 958 2441 ὅμοιον
974 2356 1037 2424 κατ’
1056 2358 1162 2424 ούσίαν
1184 2365 1260 2424 νοτῦν
1276 2362 1409 2438 ἐκείνου,
1432 2351 1465 2425 ού

302 2465 354 2529 παλ
371 2471 481 2528 νοεῖται
495 2459 576 2538 υίύς,
607 2457 751 2542 ἢταύτὸν
765 2463 844 2546 λέγοι
859 2468 899 2549 τῷ
918 2463 1007 2546 πατρὶ
1022 2459 1075 2527 εύν
1089 2460 1171 2541 υίύν,
1203 2460 1225 2545 ἢ
1237 2461 1327 2545 μέρος
1342 2471 1400 2528 τοῦ
1415 2489 1466 2529 πα·

302 2563 388 2648 τρύς,
409 2561 520 2646 ἢααταί
537 2561 705 2646 ύπόρβοιαν
718 2564 769 2628 καί
788 2561 863 2628 κατοί
880 2564 999 2644 πάθος,
1024 2561 1065 2641 νίς
1083 2564 1270 2646 σωματικούς
1287 2563 1395 2642 υἱούς,
1418 2564 1467 2631 τόν

303 2669 335 2733 ἐκ
351 2673 406 2732 τοῦ
424 2663 586 2746 ύσωμύτου
603 2664 717 2751 πατρός
732 2661 891 2749 α’σιύματον
911 2665 979 2732 υίύν
1003 2664 1189 2747 ύποστοίντα,
1218 2667 1358 2748 ῦνύθεμα
1385 2672 1464 2735 ἐστω.

304 2771 365 2834 Καί
383 2772 412 2834 εί
426 2795 471 2844 τις
484 2767 535 2833 διαί
552 2766 584 2834 τύ
602 2767 655 2834 τύν
669 2771 782 2855 πατέρα
798 2768 840 2852 μή
855 2794 927 2834 ποτε
942 2767 1010 2835 υίύν
1027 2779 1181 2848 νοεῖσθαι,
1203 2771 1254 2836 ιιαλ
1270 2769 1323 2836 σύν
1340 2769 1412 2837 υἷύν
1428 2771 1466 2855 μή

304 2897 376 2938 ποτε
393 2873 507 2958 πατέρα
522 2881 659 2938 νοεῖσθαι
673 2873 773 2956 ἕτερον
790 2874 882 2957 λέγων
896 2869 947 2937 σύν
962 2869 1030 2937 υίύν
1048 2871 1129 2956 παροί
1144 2869 1196 2939 τύν
1213 2875 1340 2956 πατέρα,
1364 2873 1418 2941 διαί
1435 2872 1465 2939 τύ

301 2973 355 3041 τόν
372 2977 486 3060 πατέρα
504 2976 603 3059 έτερον
619 2971 694 3040 εέναι
709 2975 760 3040 καί
775 2972 827 3039 τύν
847 2971 932 3053 υίύν,
962 2973 1067 3050 καθείς
1083 2978 1213 3060 είρηται,
1235 2974 1340 3052 ’Ἀλλος
1355 2973 1468 3042 έστίνύ

303 3086 461 3163 μαρτυροῦν
477 3079 546 3161 περὶ
564 3080 653 3160 ἐμοῦ,
676 3077 738 3156 καί,
762 3083 923 3161 Μαρτυρεῖ
935 3075 1002 3163 γύρ,
1020 3080 1111 3158 φησί,
1133 3075 1152 3144 o‘
1167 3079 1291 3160 πέμψας
1308 3103 1345 3160 με
1359 3079 1466 3162 πατὴρ,

303 3178 353 3247 ῦιοί
366 3180 476 3264 ταύτην
489 3178 543 3264 τήν
562 3179 670 3262 εὐσεβῆ
689 3181 721 3245 ἐν
737 3186 773 3269 τῇ
792 3181 930 3268 ἐκαλησίμ
945 3182 1112 3264 νοουμένην
1127 3183 1259 3265 ίῦιύτητα
1275 3187 1336 3246 τοῦν
1353 3180 1468 3268 προςού-

302 3309 384 3364 πων,
413 3282 528 3368 πατρίς
550 3283 604 3367 μέν
626 3283 677 3348 καλ
694 3284 779 3360 υἱοῦ,
808 3279 913 3358 ῦεῦιοίς
930 3281 971 3365 μή
993 3308 1064 3348 ποτε
1085 3281 1193 3349 ταύτῦν
1209 3291 1309 3373 νοηθῇ
1325 3285 1397 3362 υῦύς
1415 3313 1467 3350 πο-

302 3387 365 3471 τρλ,
395 3383 541 3468 οίνύμοιον
565 3387 642 3471 λέγοι
668 3382 731 3450 κατ’
755 3381 860 3450 ούσίαν
882 3381 935 3449 σύν
951 3382 1018 3451 υίύν
1031 3392 1073 3476 τῷ
1091 3387 1197 3468 πατρί,
1225 3384 1367 3470 ύνύθεμα
1385 3391 1467 3454 ἔστω.

304 3491 366 3554 Καλ
384 3491 414 3555 εί
425 3515 470 3566 τις
486 3491 518 3554 ἐν
533 3487 630 3577 γύρνμ
647 3486 700 3555 τὸν
715 3489 828 3568 πατέρα
846 3488 959 3570 πατέρα
973 3497 1039 3554 νοεῖ
1053 3496 1108 3554 τοῦ
1120 3495 1298 3574 μονογενοῦς
1315 3492 1398 3570 οίοῦ,
1421 3493 1468 3557 καί

302 3590 345 3676 μή
361 3589 435 3678 ύπέρ
451 3589 576 3675 χρόνους
599 3592 677 3655 4υαί
697 3587 796 3667 πάσας
811 3585 1005 3675 ύνθρωπίνας
1027 3594 1143 3669 ἐννοίας
1159 3590 1291 3658 πιστεύει
1307 3590 1361 3658 τύν
1381 3619 1469 3678 μονο-

301 3701 371 3782 γενῆ
387 3692 455 3761 υίῦν
470 3696 503 3759 ἐπ
518 3700 572 3758 τοῦ
586 3691 699 3777 πατρύς
713 3691 843 3769 οίπαθιῦς
855 3688 1036 3774 ύφεστῦναι,
1060 3691 1102 3772 οίς
1116 3699 1311 3782 παραβαίνων
1325 3693 1380 3761 τείν
1397 3695 1470 3763 τίπο-

304 3795 439 3864 στολικύν
463 3795 618 3881 κήρυγμα,
648 3794 773 3877 χρόνους
795 3795 848 3877 μέν
863 3797 931 3879 περί
951 3796 1064 3880 πατρίς
1085 3801 1137 3864 καί
1153 3802 1224 3865 υίοῦ
1238 3797 1469 3882 παρωσάμενον,

302 3907 414 3978 πιστούς
439 3900 473 3966 δέ
494 3895 573 3982 ἡμᾶς
590 3900 754 3963 παιδεῦσαν
777 3896 827 3978 τύ,
853 3895 904 3962 Ἐν
921 3895 995 3992 ύρχῇ
1014 3893 1053 3983 ἦν
1071 3899 1090 3967 ύ
1105 3901 1209 3988 λόγος,
1231 3901 1282 3966 παλ
1296 3897 1315 3966 ὅ
1330 3895 1470 3987 λόγοςῆν

304 4001 381 4086 πρίς
404 4001 458 4071 νῦν
479 3999 573 4082 θεῦν,
603 4002 654 4066 καί
677 3998 751 4076 θεύς
765 3992 803 4084 ἦν
823 3997 960 4084 ύλόγος,
990 4000 1129 4086 τίνα’θεμα
1152 4007 1234 4071 έστω.
1281 4004 1341 4068 Καλ
1369 4008 1400 4070 εί
1428 4029 1471 4080 τις

304 4102 356 4171 νῦν
374 4107 487 4193 πατέρα
503 4103 704 4191 πρεσβύτερον
718 4101 814 4192 χρόνῳ
827 4103 906 4189 λέγοι
921 4108 975 4168 τοῦ
988 4107 1018 4182 ἐξ
1036 4109 1171 4174 ὅἐαυτοῦ
1190 4111 1373 4192 μονογενοῦς
1388 4111 1469 4186 υἱοῦ,

336 4241 360 4294 8.
387 4245 445 4296 Pon
468 4244 587 4312 σημαίνει
614 4243 663 4312 (ed.
685 4247 766 4296 Ριίσυ.
790 4245 868 4294 σολον.
937 4243 961 4293 2.
978 4247 1074 4296 σοπετί
1088 4242 1176 4306 διδούς
1191 4243 1245 4312 τὴν.
1279 4249 1386 4298 intubas
1400 4252 1470 4312 ναίςσ

301 4317 374 4375 τιμαί.
398 4314 479 4362 νίλίοιε
506 4316 575 4364 ίιοθεί
602 4311 729 4380 σημαίνῃ)
753 4315 778 4363 λα
804 4315 870 4362 tibris
903 4315 988 4376 ίερίίιο·
1005 4312 1137 4382 διδούσης.

301 4383 372 4443 οαίρο
388 4383 492 4442 seqnitur
506 4375 624 4448 οίναίῑλιμα
648 4379 715 4433 ἐστο
731 4395 791 4444 ηυοι
814 4395 870 4430 υττ-
937 4382 960 4430 3.
976 4377 1053 4435 αὐτοῦ
1068 4385 1135 4434 codd.
1153 4398 1209 4434 ωτι.
1224 4389 1245 4434 ιί
1260 4386 1297 4435 ιο.
1313 4387 1391 4448 prim.
1426 4380 1469 4437 αύ-

303 4452 409 4498 bocum
433 4449 471 4497 λίο
494 4453 565 4511 γίοοε
581 4452 661 4500 aliena
683 4451 747 4511 ιιάι,
769 4450 869 4500 ἀτίετον
904 4448 949 4501 τοῦ
966 4451 1002 4500 οιλ
1020 4455 1102 4503 Ρειαυ.

302 4517 370 4568 dm
937 4513 962 4566 4.
981 4517 1025 4570 καλ
1045 4518 1131 4581 πείσας
1152 4523 1236 4582 scripsi
1251 4523 1365 4572 παίεαίίο
1388 4527 1469 4584 μαιευ-

250 4617 252 4622 -
338 4584 397 4640 Cn.
409 4585 457 4638 Χί.
474 4609 508 4624 ·-
531 4582 553 4635 1.
571 4578 601 4637 οῦ
618 4582 698 4654 μόνην
708 4587 759 4638 αοιλ
770 4587 870 4652 amia.
904 4587 976 4650 λαιίε,
990 4601 1036 4650 pro
1049 4587 1093 4642 καὶ
1107 4583 1277 4650 καταπάσας.
1315 4590 1386 4640 ίεσιι
1398 4603 1469 4655 μναι-
