3060 5026
299 287 436 340 rnunnu
453 288 517 340 nra.
532 289 575 340 ιιι.
590 287 672 340 ross.
686 289 719 340 ιι.
737 289 838 343 anan
854 290 987 342 cxxvu.
1026 256 1028 264 ’
1165 277 1228 343 375

18 439 34 494 5,
70 402 157 486 igitur
181 406 340 489 perlectum
366 407 446 471 illum
472 409 618 472 bominem
645 409 735 472 luisse
759 410 884 473 censes?
926 409 975 474 Ad
999 408 1070 474 baec
1091 409 1141 474 illc
1159 410 1229 476 inti·

18 565 28 598 ,.
69 527 130 569 mos
147 507 237 570 animi
253 510 298 573 sui
317 529 423 574 sensus
440 511 524 576 nobis
541 510 671 595 aperuit,
697 519 737 588 ct,
762 509 910 588 Eatenus,
932 511 1038 596 inquit,
1064 513 1227 597 perlectum

18 641 37 702 {c
69 607 212 672 hominem
229 610 320 675 luisse
338 611 478 691 dicimus,
503 615 527 677 si
546 611 728 678 divinitatem
744 611 786 678 illi
806 614 871 676 loco
890 613 996 676 mentis
1012 614 1226 696 adscribamus,

67 720 96 774 ct
112 732 248 791 carnem,
281 724 368 799 atque
392 716 518 780 animam
544 717 754 801 adiungamus,
785 715 829 779 sic
852 726 883 778 ut
904 717 1051 801 perlectus
1075 716 1163 780 homo
1187 737 1228 782 ex

18 879 24 912 e.
66 833 173 892 earne,
204 817 318 896 anima,
350 817 522 897 divinitate,
554 837 628 902 quse
655 818 694 881 sit
721 816 827 881 mentis
848 817 958 892 instar,
992 817 1114 884 existat.
1159 817 1228 884 lloc

18 980 26 1002 Ἴ,
65 916 156 998 igitur
173 919 258 982 modo
277 920 460 1005 deprehensa
482 919 511 983 in
530 921 580 984 illo
606 930 685 984 tauta
714 919 912 983 contentionis
931 920 1071 999 libidine,
1105 941 1171 984 eum
1190 921 1227 986 ad

65 1041 129 1082 eam
148 1041 210 1083 rem
230 1021 360 1106 pluribus
380 1023 629 1110 disputassemus,
653 1033 739 1086 etex
758 1043 908 1086 sacrarum
926 1022 1077 1086 literarum
1097 1022 1227 1088 auotori-

66 1131 125 1184 tate
141 1123 436 1208 comprobamus,
462 1125 632 1190 necessario
649 1125 733 1188 lateri
752 1146 806 1188 uos
824 1133 962 1208 oportere
980 1125 1078 1190 omnia
1098 1145 1114 1187 a
1132 1125 1226 1190 verbo

18 1210 27 1308 ζ
64 1227 197 1310 perlecta
215 1227 306 1290 luisse
331 1238 487 1312 suscepta,
522 1239 552 1290 et
568 1229 597 1291 in
616 1238 764 1312 assumpta
789 1247 879 1290 carne
905 1228 1035 1310 perlecta
1058 1227 1157 1292 itidem
1175 1227 1227 1292 ad-

18 1401 20 1408 ,
62 1327 246 1406 ministrata,
277 1349 363 1413 quam
382 1341 449 1415 post
470 1331 717 1395 resurrectionem
735 1350 817 1392 suam
839 1330 971 1414 periente
992 1329 1047 1393 sibi
1063 1329 1224 1416 copularity

19 1412 35 1508 J
63 1431 140 1492 adeo
158 1441 190 1493 nt
208 1432 329 1494 enrrdem
347 1433 433 1496 modo
451 1433 631 1517 spiritualem
648 1432 768 1496 oruuiuo
784 1431 946 1510 redditam,
979 1432 1157 1512 annalium,
1190 1454 1226 1498 ac

20 1525 34 1609 ’Ἰ
63 1533 229 1612 diversam,
263 1554 328 1597 erum
354 1536 471 1620 propria
490 1535 642 1599 divinitate
665 1535 695 1597 in
717 1533 875 1618 semetipso
898 1533 1085 1600 coniunctam
1106 1533 1225 1615 habeat,

18 1709 24 1720 Ι
62 1645 91 1697 et
108 1655 167 1698 nna
191 1657 230 1700 ex
249 1636 300 1700 illa
322 1638 504 1722 perfectione
526 1637 664 1700 divinitas
687 1647 863 1720 consurgat,
899 1646 986 1721 atque
1007 1636 1056 1701 illa
1075 1649 1225 1722 postremo

23 1811 29 1816 ,
62 1748 167 1801 natura
190 1740 226 1802 ad
251 1740 405 1803 dexteram
428 1741 520 1825 patris
544 1739 574 1803 in
593 1739 677 1802 coelo
700 1749 730 1802 et
749 1740 777 1802 iu
797 1739 994 1822 sempiternae
1017 1737 1225 1805 deminutionis

20 1839 29 1918 j
61 1861 95 1904 ae
132 1842 217 1926 regni
245 1842 456 1926 augustissimo
487 1843 592 1907 throno
619 1840 781 1906 consideat.
829 1838 912 1904 llaec
943 1840 990 1904 ubi
1016 1840 1223 1918 disseruimus,

61 1965 126 2006 enm
144 1944 260 2028 utrique
277 1943 350 2029 parti
366 1955 485 2029 propter
504 1945 667 2009 animorum
685 1943 874 2029 pertinaciam
887 1945 1167 2029 contentionemque
1179 1945 1224 2010 ui·

60 2047 97 2110 hil
119 2047 385 2131 persuaderemus,
423 2068 456 2110 re
473 2048 582 2110 istleeta
605 2047 806 2111 discessimus.
852 2042 1036 2110 lntelleotnrn
1053 2067 1127 2109 vero
1146 2045 1226 2111 istud

18 2150 32 2226 j
60 2159 122 2225 est,
162 2171 221 2213 non
250 2151 285 2212 de
312 2151 375 2212 solo
398 2159 496 2212 mente
520 2149 745 2234 disputationem
772 2149 847 2212 hano
869 2147 936 2213 illos
965 2149 1136 2232 ingressos,
1169 2148 1223 2213 sed

18 2253 19 2334 j
59 2261 183 2337 praeter
199 2250 267 2316 illud
286 2253 321 2315 de
339 2263 437 2314 mente
455 2251 532 2316 aliud
552 2271 667 2336 quoqne
684 2251 789 2334 dogma
806 2250 927 2316 sectari.
973 2249 1123 2314 Interdum
1143 2250 1223 2316 euim

18 2343 22 2420 ζ
59 2375 94 2417 ue
121 2355 251 2418 animam
278 2353 392 2437 quidem
418 2349 568 2417 Christum
592 2355 788 2439 assumpsisse
811 2353 957 2418 ferebant.
1014 2349 1129 2418 Contra
1148 2373 1223 2436 quse

19 2453 25 2464 ’“
57 2455 126 2520 illud
146 2456 375 2534 obiiciebamus,
408 2453 486 2540 Quid
506 2457 621 2520 tandem
644 2456 750 2540 putatis
771 2477 838 2520 esse
856 2458 1004 2520 menteml
1047 2453 1222 2520 Utrumnam

20 2546 31 2644 J
58 2557 231 2643 hypostasin
258 2579 325 2622 csse
350 2560 493 2644 quotidem
520 2560 549 2622 in
568 2557 686 2622 bomine
704 2557 844 2622 creditis?
887 2555 1045 2642 Multiplex
1067 2569 1114 2622 est
1133 2557 1222 2642 igitur

19 2665 20 2668 ’
56 2660 159 2724 bomo.
213 2660 337 2724 Adbnec
361 2660 510 2725 nonnullis
533 2661 667 2745 placebat
697 2660 767 2725 nibil
785 2681 852 2726 esse
880 2671 1007 2723 mentem
1032 2660 1109 2724 alind
1134 2681 1223 2746 qnam

55 2762 212 2845 spiritum,
244 2763 292 2847 qni
321 2763 430 2826 bomini
455 2763 563 2847 passim
588 2764 616 2827 in
641 2763 795 2849 scripturis
822 2762 969 2828 tribuitur.
1016 2760 1128 2828 Verum
1152 2783 1219 2827 cum

56 2877 188 2930 mentem
206 2885 387 2950 nequaquam
406 2865 539 2950 spiritum
562 2885 628 2930 esse
647 2867 936 2943 demonstraremus,
969 2885 1008 2928 ex
1027 2885 1065 2928 ec
1083 2865 1160 2950 quod
1177 2865 1220 2928 di·

56 2979 138 3030 serte
155 2967 275 3051 scripsit
295 2967 464 3052 apostolus,
496 2973 619 3031 Psallam
637 2981 742 3041 mente,
773 2971 893 3049 psallam
908 2971 1072 3047 etspim'mu
1107 2967 1215 3032 multus
1247 2993 1333 3042 ιιι,

55 3091 88 3132 ea
107 3072 145 3134 de
165 3091 200 3133 re
219 3069 304 3133 nohis
322 3081 407 3135 natos
423 3080 469 3133 est
484 3091 600 3148 sermo,
631 3091 686 3134 nee
700 3069 772 3155 ipsis
790 3080 885 3133 tamen
902 3069 1087 3133 contentiose
1103 3080 1218 3134 certan·
1254 3048 1288 3105 ¹⁴‘
1301 3047 1334 3092 ¹⁵

56 3173 133 3236 tibus
158 3174 337 3258 persuadere
360 3173 519 3256 potuimus.

142 3273 254 3339 Postea
278 3295 352 3338 vero
377 3295 442 3337 oum
466 3274 623 3336 tronnullos
642 3293 680 3336 es
706 3273 743 3336 iis
762 3271 863 3337 hune
855 3296 884 3337 ru
903 3273 1018 3338 modum
1040 3273 1218 3358 aggredere·
1259 3288 1320 3339 ca.

53 3397 139 3457 mur,
175 3374 252 3460 Quid
279 3379 416 3441 tendent
450 3398 517 3440 nom
544 3375 714 3460 hypostasin
742 3395 810 3438 esse
834 3387 960 3440 mentem
988 3375 1141 3440 asseritis?
1171 3375 1219 3439 coi

53 3501 118 3542 enm
135 3481 178 3542 ita
193 3479 307 3564 qnidam
322 3489 514 3543 occurrerent
532 3490 563 3541 nt
584 3477 752 3563 hypostasin
768 3489 913 3562 negarent
930 3499 997 3542 csse
1010 3478 1125 3565 qnod
1099 3498 1219 3563 essper-

52 3603 249 3646 susseramus
268 3603 326 3646 non
343 3582 371 3646 id
388 3603 456 3644 esse
473 3593 618 3657 mentem,
644 3601 738 3664 neque
753 3585 884 3661 spiritum
900 3585 980 3643 s'llom
996 3603 1043 3665 qm
1035 3579 1220 3666 appellatur

52 3688 195 3758 lomim's,
221 3705 287 3746 cum
304 3684 444 3768 seriptum
461 3683 516 3760 sit,
538 3687 661 3746 Psallam
678 3695 784 3758 mente,
813 3687 935 3765 psallam
952 3695 983 3746 et
997 3687 1118 3764 sprhs'tu,
1151 3701 1217 3744 cum

50 3789 202 3850 adsersus
221 3785 292 3848 haec
312 3787 382 3850 nibil
399 3785 542 3850 haberent
561 3787 636 3871 qnod
655 3797 854 3871 opponerent,
887 3798 946 3850 tum
964 3805 1070 3870 urgere
1088 3781 1132 3847 sic
1149 3801 1218 3846 coe·

51 3888 170 3972 pimus:
204 3884 237 3951 Si
256 3909 340 3952 mens
361 3910 419 3952 non
437 3889 603 3974 hypostasis
622 3899 683 3967 est,
718 3890 770 3952 sed
790 3889 879 3953 totius
903 3886 1073 3974 hypostasis
1097 3894 1218 3949 nostrae

50 3992 200 4073 quaedam
221 3991 331 4068 motio,
366 4012 431 4054 oum
452 3987 603 4055 Christum
622 4002 749 4055 mentem
773 4011 841 4054 esse
866 3990 918 4054 hae
938 4009 978 4054 ex
996 3999 1079 4074 perte
1105 3987 1216 4069 velitis,

50 4093 182 4156 eundem
201 4092 318 4154 minime
335 4093 544 4156 subsistentem
568 4091 692 4177 lingitis,
725 4114 759 4157 sc
782 4092 883 4156 serbis
904 4103 989 4156 tenus
1010 4103 1038 4156 et
1055 4090 1154 4177 specie
1172 4102 1217 4154 to-

49 4205 107 4258 tum
128 4193 205 4258 illud
223 4194 373 4278 negotium
395 4194 607 4260 incarnationis
623 4194 744 4259 obiisse.
789 4193 893 4260 Nihilo
910 4195 1003 4278 magis
1022 4194 1058 4260 ad
1079 4194 1151 4258 haec
1167 4213 1216 4258 rs·

1306 3357 1338 3412 V·

48 4330 165 4399 gloriose
198 4328 286 4396 sipritn
271 4329 352 4380 nalem
385 4339 480 4394 tcmm,
516 4340 542 4383 et
569 4347 620 4382 non
687 4326 836 4384 hl'ortnsss
839 4333 1057 4414 transponendum
1077 4324 1139 4398 ημῖν
1164 4321 1214 4384 n'xd

47 4403 139 4456 aliam.
175 4414 231 4448 oum
257 4399 420 4465 propriade
412 4411 473 4452 ιιιι
494 4398 567 4450 inse
568 4399 623 4467 ipso
656 4393 745 4453 τούτου
762 4417 802 4452 οτι
818 4393 865 4468 οὐχ
882 4399 935 4452 κτλ

48 4470 145 4520 ιιιίιιιιιι
163 4465 275 4529 habere,
294 4477 406 4548 totamqu
409 4487 422 4519 e
441 4487 485 4535 per
472 4467 580 4520 riralecto
583 4485 622 4518 ern
691 4467 750 4522 Cea.
760 4467 895 4521 Xth-
932 4467 955 4520 l.
975 4455 1025 4534 ἆρα
1041 4467 1109 4520 codd.
1125 4480 1181 4528 mss

47 4555 123 4590 naam
139 4534 266 4592 deitatem
283 4535 412 4602 edicione,
431 4547 457 4590 ct
472 4535 560 4588 sedern
571 4541 623 4592 cett
