3058 5014
306 193 444 247 canaan
462 193 524 246 ιιι.
538 195 583 246 ιιι.
601 193 684 246 noun
702 194 722 244 ι.
741 189 843 246 anns.
860 191 984 244 nxxnr.
1164 174 1225 246 193

64 311 157 378 odium
174 313 344 400 iampridem
366 315 518 394 foverent,
543 313 685 378 eiusmodi
702 312 781 378 illum
798 333 909 399 genere
929 311 1034 378 mortis
1051 311 1227 378 effecerunt.

64 413 157 498 Quem
175 417 211 482 ad
227 418 291 482 eius
317 439 417 482 casum
440 417 747 494 commemorandum,
780 427 811 480 et
829 415 1045 480 atrocissimum
1071 415 1142 480 illud
1160 435 1228 500 sup-

62 519 200 603 plicium,
233 541 291 604 quo
316 522 414 584 statim
435 531 523 605 atque
543 519 640 585 audite
661 515 828 584 Constantii
853 528 1014 598 moreest,
1043 517 1079 582 ab
1095 517 1229 584 Alexan-

60 621 151 686 drinis
183 622 377 708 interemptus
404 633 468 702 est,
504 623 582 688 nulla
611 622 669 686 alia
698 621 856 687 occasione
883 643 947 686 sum
975 621 1118 685 deductus
1142 641 1228 705 quarn

61 725 135 808 quod
159 725 196 788 de
219 724 309 790 Assio
338 725 541 812 disputandum
569 724 655 789 nolis
684 734 783 802 esset,
817 723 866 809 qni
889 723 924 788 ab
947 724 997 788 illo
1020 725 1160 788 diaconus
1184 733 1230 788 est

61 827 226 892 ordinatus.

144 927 204 994 llic
222 929 312 1016 igitur
327 930 434 995 Altius
451 931 486 994 ad
505 930 632 994 adultam
649 939 775 995 aetatem
800 950 892 1014 usque
909 938 1078 994 exterarum
1098 927 1226 1014 discipli·
1246 940 1306 1012 t'ap
1318 943 1349 994 ιι.

60 1053 185 1110 narum,
219 1034 258 1098 nti
285 1044 425 1120 narrant,
458 1033 512 1097 luit
534 1031 654 1097 omnino
680 1032 773 1096 rudis.
820 1030 956 1096 Tandem
979 1051 1053 1095 vero
1074 1049 1138 1095 curn
1157 1031 1230 1097 Ale-

59 1136 207 1199 xandriae
226 1136 422 1200 Aristotelian
446 1135 559 1200 cuidam
581 1133 754 1220 philosopho
773 1156 809 1199 ac
828 1133 979 1220 sophistae
1002 1145 1144 1200 navasset
1160 1155 1230 1222 ope·
1327 1153 1330 1162 ’

59 1259 140 1315 ιιιιι,
165 1238 203 1302 ab
221 1258 315 1322 eoque
334 1238 514 1302 dialecticam
531 1237 700 1317 didicisset,
732 1247 812 1302 totus
828 1236 859 1300 in
875 1236 944 1301 illud
963 1234 1115 1316 incubuit,
1140 1247 1171 1301 ut
1187 1237 1230 1302 di·

57 1340 196 1404 rinarum
219 1360 319 1404 rerum
345 1341 488 1404 rationem
512 1361 628 1404 omnnem
652 1338 823 1424 quibusdam
851 1338 952 1423 liguris
978 1338 1152 1424 explicaret.
1199 1339 1231 1404 ld

59 1442 134 1526 qnod
156 1463 274 1506 summo
291 1443 321 1506 in
342 1443 435 1507 otios
453 1441 545 1529 prima
569 1443 634 1506 luce
657 1443 693 1506 ad
710 1462 867 1528 vesperam
892 1459 984 1526 usque
1009 1443 1118 1505 sedens
1141 1441 1231 1528 perti·

56 1545 120 1608 naci
141 1565 234 1630 opera
253 1545 468 1626 contendebat3
503 1545 639 1609 nimirum
665 1554 696 1607 ut
713 1543 911 1629 geometricas
929 1544 1038 1628 figuras
1059 1543 1175 1608 divinas
1193 1544 1228 1609 ad

57 1667 103 1710 ιιι
120 1648 311 1727 tractandas,
343 1647 523 1712 deliniendos
538 1647 744 1732 docendaaque
763 1648 953 1711 transferret.
999 1645 1097 1730 Atque
1115 1657 1147 1710 ut
1162 1665 1230 1710 sese

56 1748 83 1812 in
102 1751 291 1815 Arianorum
309 1762 420 1815 sectam
439 1750 526 1814 altius
549 1749 754 1828 immerserat,
785 1761 815 1812 et
828 1749 962 1812 insanam
980 1747 1049 1811 Arii
1068 1747 1231 1812 doctrinam

57 1852 220 1932 hauserat,
253 1854 367 1917 illorum
391 1854 472 1918 velut
489 1851 604 1917 affricta
623 1852 746 1936 quodam
764 1852 923 1936 attrituque
942 1850 1030 1933 longe
1046 1850 1231 1935 pestilentior

57 1957 172 2035 evasit,
198 1966 229 2019 ιι
247 1956 390 2020 adversus
406 1957 453 2020 dei
471 1955 577 2033 lilium,
602 1976 637 2019 ac
652 1955 786 2039 spiritum
803 1965 936 2020 sanctum
953 1954 1081 2037 linguam
1100 1973 1185 2018 suam
1200 1953 1230 2017 in

57 2057 118 2122 dies
138 2059 276 2123 exacuit.
321 2056 382 2123 Sed
400 2081 416 2122 a
435 2057 583 2122 nonnullis
600 2059 635 2122 ad
656 2053 863 2122 Constantium
886 2055 1000 2120 delatus
1018 2054 1048 2118 in
1067 2055 1229 2120 subiectam

57 2159 165 2226 Tauro
190 2160 283 2226 monti
305 2161 456 2246 regionem
479 2161 648 2244 relegatum·
689 2158 731 2224 lbi
748 2159 943 2244 perniciosam
963 2159 1045 2225 suam
1064 2159 1228 2222 doctrinam

54 2261 143 2350 longe
161 2265 280 2349 lateque
300 2264 492 2349 propagavit,
515 2285 549 2327 ac
568 2262 661 2348 palam
679 2273 709 2326 et
728 2263 869 2324 audacter
887 2258 1125 2346 perfrictioriqnc
1141 2281 1227 2345 quam

55 2378 143 2430 antea
170 2369 270 2431 fronte
295 2365 519 2431 acerbissimum
546 2363 658 2429 erroris
685 2364 763 2429 illius
789 2385 874 2448 quem
898 2375 1072 2430 evomuerat
1094 2362 1177 2426 virus
1199 2363 1230 2428 in

55 2469 187 2534 medinm
207 2469 273 2533 sine
289 2469 348 2532 nlla
363 2467 585 2532 intermissione
603 2467 734 2552 protulit.
782 2466 884 2532 Ausus
901 2478 948 2531 est
962 2467 1041 2532 enim
1058 2463 1230 2530 dissimilem

52 2571 129 2654 patri
149 2571 261 2650 lilium,
294 2591 349 2634 uec
372 2571 497 2635 eundem
520 2568 674 2633 divinitate
699 2591 767 2634 esse
787 2591 853 2632 cunr
874 2569 925 2634 illo
948 2569 1091 2656 profiteri.
1136 2565 1228 2652 Atqui

52 2693 89 2736 ne
117 2694 178 2738 nos
202 2673 320 2758 quidem
343 2672 534 2737 similitudine
562 2672 627 2758 ipsa
654 2692 835 2757 magnopere
863 2671 994 2736 nitimur.
1041 2667 1157 2756 Quippe
1181 2669 1230 2754 qui

53 2775 81 2838 in
100 2778 179 2856 lilio,
202 2775 231 2839 si
247 2797 312 2839 eum
330 2785 413 2860 patre
430 2776 612 2854 conferatur,
636 2773 826 2838 similitudine
844 2775 977 2859 quiddam
997 2772 1121 2858 amplius
1139 2793 1231 2856 agno·
1307 2761 1312 2772 ’

51 2879 190 2958 ammos,
225 2899 262 2941 eo
281 2879 356 2961 quod
374 2877 449 2942 idem
470 2877 624 2942 divinitate
643 2877 683 2941 sit
696 2887 726 2940 et
744 2875 893 2962 aequalis,
928 2896 983 2941 neo
1003 2876 1061 2938 ullo
1084 2873 1171 2940 modo
1188 2873 1231 2937 di·

51 3002 178 3046 versas.
226 2974 369 3043 Ceterum
385 2978 441 3044 etsi
460 2980 599 3065 pleraque
618 2978 776 3044 assimilari
792 2980 848 3043 deo
866 2979 1019 3058 dicantur,
1044 2988 1230 3055 nontamen,

50 3087 75 3149 si
92 3087 133 3148 de
154 3081 335 3168 aequalitate
356 3083 528 3166 loquamur,
562 3084 663 3147 eadem
689 3103 753 3146 cum
778 3080 931 3145 divinitate
954 3091 1035 3144 aunt.
1081 3075 1135 3144 Sic
1152 3079 1230 3145 enim

50 3186 142 3251 lonso
165 3189 208 3248 od
225 3189 375 3266 rioogdtem
396 3189 445 3248 dei
463 3188 728 3266 similitudinemque
739 3187 858 3268 stream,
891 3203 952 3248 non
976 3183 1054 3250 idem
1080 3203 1147 3248 oum
1170 3179 1222 3248 illo
1244 3209 1303 3254 cen
1317 3211 1338 3266 t,
1351 3209 1386 3256 at.

50 3291 241 3377 aequalitate
257 3297 316 3351 est.
363 3284 415 3352 Sic
433 3309 553 3369 regnum
572 3290 712 3350 coelorum
732 3307 827 3367 groco
842 3291 950 3367 sinopis
964 3289 1057 3348 semele
1074 3294 1138 3364 est,
1171 3307 1231 3353 uon
1257 3309 1345 3360 atem

50 3403 155 3458 tamen
174 3411 300 3476 manum
321 3389 390 3454 illud
408 3387 484 3454 idem
504 3399 551 3454 est
572 3411 636 3454 eum
660 3409 770 3474 regno,
805 3409 860 3452 neo
877 3388 1008 3452 eiusdem
1026 3409 1093 3452 cum
1110 3387 1162 3456 illo
1179 3410 1232 3452 na·
1265 3365 1299 3418 ¹³·
1311 3362 1345 3410 ⁸¹·

49 3507 137 3560 turae
164 3494 317 3582 particeps
340 3503 397 3557 est.
444 3494 523 3556 ldem
546 3501 699 3578 praeterea
720 3512 844 3576 regnum
871 3490 958 3555 modo
974 3493 1227 3572 fermento'olmr‘le,
1268 3516 1355 3567 m,

48 3601 140 3664 modo
176 3601 273 3659 elecem
296 3599 457 3676 mgracm,
493 3596 579 3659 ruodo
608 3596 828 3676 pomosamrlr'm
849 3592 1004 3658 asseritur.
1057 3591 1145 3677 Quod
1166 3592 1230 3676 qui·
1255 3625 1280 3666 ,ι
1315 3569 1360 3666 ιι

49 3703 114 3766 dem
134 3703 180 3766 de
201 3697 410 3777 similitudine,
443 3719 504 3762 non
527 3697 628 3762 eadem
653 3695 818 3760 substantia
843 3717 897 3782 par
919 3708 966 3761 est
986 3694 1091 3781 accipi.
1136 3692 1232 3760 Filius

48 3815 150 3869 autem
170 3823 242 3868 cum
260 3812 291 3864 et
307 3799 381 3886 patn'
397 3799 501 3864 similis
517 3800 572 3880 sit,
605 3811 636 3865 et
652 3799 715 3883 plus
732 3819 817 3884 quam
834 3799 956 3878 similis,
991 3798 1068 3884 qnod
1084 3797 1162 3862 idem
1181 3817 1233 3863 aee

50 3907 217 3992 qualisque
234 3907 293 3983 sit,
323 3923 383 3967 aon
401 3902 495 3968 solam
510 3901 540 3966 io
559 3923 595 3968 eo
614 3902 833 3966 similitudinem
860 3898 1055 3986 comprobare
1079 3899 1157 3963 omui
1175 3919 1231 3984 ope

49 4009 233 4087 studemus,
256 4006 309 4070 sed
324 4007 450 4070 eundem
466 4004 675 4091 aequalemque
693 4015 877 4082 monstrare,
901 4002 1022 4089 perinde
1038 4023 1073 4068 ac
1091 4001 1177 4066 deum
1196 4003 1232 4068 de

51 4111 126 4192 deo,
162 4121 201 4175 et
224 4130 264 4174 ex
284 4118 368 4194 patre
393 4108 501 4187 lilium,
534 4128 589 4172 nec
607 4108 643 4172 ab
661 4107 727 4170 eius
746 4105 1093 4184 substantiadiversum,
1126 4105 1178 4168 sed
1195 4103 1232 4167 alt

50 4211 116 4299 ipso
139 4209 301 4298 genitum,
335 4211 412 4295 quod
429 4209 524 4295 ipsum
543 4211 579 4274 de
596 4209 701 4297 spiritu
720 4219 825 4272 sancto
848 4227 907 4271 non
926 4206 1024 4272 minus
1040 4207 1230 4273 affirmamus.

52 4315 95 4380 At
112 4315 264 4401 egregius
282 4314 331 4377 illo
350 4311 458 4379 Aetius
475 4333 513 4378 ne
535 4313 658 4378 similem
684 4310 801 4396 quidem
827 4310 903 4394 patri
925 4309 1013 4374 lilium
1037 4311 1232 4396 pronuntiare

84 4453 264 4516 asnorum
286 4452 445 4513 ιιροιιειιιιιιιι
468 4465 516 4503 esse
532 4443 737 4519 ἀποτριψᾶμιιᾶς
752 4462 782 4500 τι
797 4443 828 4501 τὸ
842 4465 868 4514 μ.

106 4533 209 4591 cmm
224 4531 362 4578 nasoon
375 4529 406 4575 11.
418 4533 441 4576 t.
990 4538 1027 4600 ¹3
