3042 5016
295 231 357 298 320
721 243 1033 300 ειυαιιιινινιιινιι

294 357 440 445 ἀληθινός
465 360 540 440 θεός
560 367 820 449 προςαγορευθείς.
866 362 951 428 Κατά
974 363 1007 428 δέ
1031 359 1084 429 τόν
1104 362 1200 429 αάτοῦ
1217 361 1306 450 λόγον
1324 365 1379 430 καί
1394 363 1453 430 διά-
1516 413 1517 420 .

296 492 381 533 νοιαν
397 463 418 551 ἢ
433 466 551 551 ἀναιρεῖ
561 463 594 532 τό
611 461 684 531 εἰναι
697 464 750 532 τόν
765 465 834 533 υἱόν
849 463 940 545 θεόν,
963 466 1015 530 καλ
1028 463 1125 549 μάτην
1140 475 1325 549 συκοφαντεῖ
1334 463 1369 533 τό
1389 465 1452 532 δνο-

295 595 352 653 μα,
387 567 566 655 Χριστιανός
585 567 619 634 τό
637 566 733 650 ὄνομα
750 575 919 634 καλεῖσθαι·
949 566 972 650 ἢ
998 567 1068 670 διότι
1082 567 1158 634 θεόν
1171 569 1225 652 μίν
1239 572 1295 654 έγει
1312 567 1365 636 τόν
1380 569 1453 648 υίδν,
1516 573 1517 590 ’

295 669 355 737 ἀλλ’
369 672 426 738 οῦκ
449 668 609 754 ἀληθινόν,
640 672 691 736 καί
714 672 794 736 ἔσται
817 671 900 761 αῦτρῦ
919 667 962 749 εἰς
978 669 1053 747 θεδς
1073 669 1235 755 ἀληθινός,
1267 673 1320 737 καλ
1339 668 1384 749 είς
1400 672 1453 738 οῦκ
1516 725 1517 744 2

295 774 448 858 ἀληθινός.
495 771 582 839 Κατά
596 773 628 838 δέ
645 770 795 856 ἀπόβασιν
810 775 862 839 ἵνα
878 770 930 854 ἀφ’
948 773 1016 850 ένδς
1032 771 1174 860 εόρίσκων
1192 776 1235 840 ἔτι
1250 777 1302 840 καί
1319 773 1355 841 τό
1372 774 1455 862 ἀγων

204 926 211 941 .
260 926 266 938 .
294 885 412 960 πνεῦμα
428 879 459 943 έν
476 877 634 966 μικροτέρμ
658 878 709 942 καί
733 875 906 967 ἀποδεούσῃ
929 875 1009 954 τάξει
1026 875 1152 955 τάττων,
1183 875 1264 960 ῆδτι
1279 877 1454 964 μικρότερον

293 979 382 1047 πάλιν
395 979 472 1046 θεόν
488 981 559 1058 ἔξει,
590 977 662 1069 ῆτῆ
677 980 775 1065 τριόδι
792 976 833 1062 μῆ
850 983 1046 1064 συναριθμῶν
1063 987 1149 1046 τοῦτο
1168 981 1247 1046 ἔσται
1267 979 1455 1046 παυτάττασιν

294 1081 447 1169 ἀλλότριον
472 1087 660 1168 Χριστιανῶν
684 1079 717 1147 τδ
741 1079 866 1148 ἐλεεινόν
888 1081 1123 1169 ἀνθρωπάριον,
1155 1084 1208 1148 καί
1229 1082 1337 1150 λοιπόν
1348 1081 1456 1164 Ἕλλην

295 1183 521 1272 ἀποκηρυχθείη
545 1185 738 1265 τελειότατος,
773 1186 825 1250 καί
848 1187 1057 1262 Σαδδουκαῖος
1078 1192 1119 1274 τῷ
1136 1183 1272 1274 ἀριθμῷ,
1304 1185 1455 1272 ἀλλότριος

298 1289 353 1371 μὲν
377 1293 431 1353 τοῦ
449 1287 617 1372 πνεύματος
633 1293 687 1353 τοῦ
703 1284 806 1373 ἀγίου,
836 1284 878 1364 ῶς
891 1289 944 1353 καί
959 1289 1054 1369 ἔστιν,
1075 1287 1197 1372 Ἕλλησι
1217 1289 1250 1354 δέ
1265 1289 1456 1376 σνγκρινόμε·
1516 1329 1517 1368 3

295 1418 346 1469 νος
366 1399 403 1482 τῆ
418 1394 530 1478 μερίδι,
561 1393 613 1456 ένα
638 1390 691 1473 μέν
711 1387 787 1456 θεόν
809 1388 935 1470 φάσκων
958 1391 1065 1476 μέγαν,
1094 1393 1146 1456 καί
1168 1393 1222 1457 ἕνα
1245 1389 1373 1478 μικρόν,
1408 1393 1455 1457 ἕνα

294 1490 442 1577 ἀληθινόν
449 1545 458 1574 ,
480 1495 530 1559 καί
549 1495 602 1558 ένα
619 1493 676 1558 οῦκ
693 1490 855 1575 ἀληθινόν,
886 1490 1075 1576 ῶςἜλληνες
1092 1491 1304 1579 δμολογοῦσιν,
1337 1495 1393 1560 ένα
1407 1496 1454 1578 μί-

295 1623 351 1684 γαν
366 1593 458 1676 θεόν,
480 1593 552 1673 τοός
567 1596 600 1661 δέ
612 1593 718 1672 ἀλλους
734 1593 859 1682 μικροῦς
874 1593 1076 1679 όνομάξοντες·
1098 1604 1152 1680 τῆς
1167 1601 1253 1673 θείας
1268 1603 1391 1682 γραφῆς
1406 1593 1455 1662 ου’-

296 1698 349 1764 τδν
363 1706 467 1779 σαφῶς
480 1697 668 1784 έλεγχοόσης,
690 1701 742 1764 καί
758 1700 825 1780 περί
839 1697 953 1784 πατρός
972 1699 1027 1783 μέν
1041 1700 1185 1787 λεγοόαης
1200 1697 1241 1776 ῶς
1261 1696 1280 1765 ό
1296 1696 1373 1775 θεός
1390 1696 1456 1781 ἀλη-

294 1798 400 1880 θινός,
421 1803 472 1866 καί
487 1803 556 1886 περλ
569 1805 639 1866 υἰοῦ
656 1799 690 1866 τό
706 1799 779 1878 θεδς
795 1797 951 1882 ῶςαῦτως,
978 1803 1071 1867 ιοκαί
1089 1805 1155 1887 περὶ
1175 1799 1303 1889 πατρός,
1332 1799 1373 1868 Τά
1391 1807 1457 1882 φῶς

296 1901 314 1970 ό
328 1899 415 1985 θεός,
436 1905 503 1989 περί
520 1904 553 1969 δὲ
570 1908 653 1986 υἰοῦ,
670 1897 727 1970 Ἠν
743 1901 776 1969 τδ
794 1909 862 1986 φῶς
876 1903 909 1969 τό
926 1903 1088 1987 ἀληθινόν,
1109 1907 1162 1971 καί
1178 1908 1247 1992 περλ
1262 1901 1351 1991 ἀγίοο
1368 1906 1457 1970 πνεό-

295 2033 386 2091 ματος
402 2005 463 2086 ὅτι,
498 2005 537 2073 Τό
553 2014 671 2090 πνεῦμα
683 2015 736 2091 τῆς
753 2003 905 2090 ἀληθείας.
947 2004 1112 2091 Ἀληθινῶς
1127 2013 1230 2075 τοίνυν
1246 2004 1318 2092 ἡμῖν
1334 2004 1356 2092 ῆ
1371 2006 1457 2095 τριάς

294 2111 514 2198 καταγγέλλεται
535 2111 566 2176 έν
586 2115 679 2201 σοφίρι
700 2111 752 2177 καί
773 2108 865 2194 βάθει
886 2107 1026 2176 πλοῦτον.
1284 2097 1285 2102 ¹

380 2311 458 2380 Εἰτα
482 2314 570 2382 πόλιν
594 2314 773 2391 ἀκολοόθως
796 2317 886 2398 φησί,
920 2318 982 2381 Καὶ
1003 2312 1063 2382 όπό
1090 2321 1146 2380 τοῦ
1169 2314 1388 2391 ἀποσταλέντος
1402 2311 1456 2397 ’1η-

296 2423 352 2484 σοῦ
370 2423 513 2504 Χριστοῦ,
532 2420 582 2483 καί
601 2417 657 2484 οῦκ
675 2417 792 2508 ᾐδέσθη
817 2416 989 2496 ἀπαξιῶσας
1009 2417 1061 2484 τόν
1079 2424 1224 2504 μονογενῆ
1247 2423 1324 2483 θεοῦ
1346 2415 1456 2500 ὀνόμα-

296 2548 362 2602 τος,
385 2519 458 2587 ἀλλά
481 2519 616 2603 Ιιμόνον
633 2527 710 2611 ψιλῇ
725 2527 761 2611 τῆ
775 2524 846 2600 λέξει
861 2524 1014 2608 κέχρηται,
1037 2517 1078 2598 ῶς
1093 2522 1125 2586 έν
1140 2527 1202 2597 τοῖς
1217 2517 1362 2588 ἀνωτάτω
1380 2517 1456 2604 ῶμο-
1516 2591 1517 2612 ρ

295 2621 399 2710 λόγησε
416 2627 603 2704 κεφαλαίοις,
635 2623 690 2700 έως
710 2631 803 2707 ψιλῆς
821 2623 985 2707 ὀνομασίας
1007 2625 1103 2707 νέμων
1120 2628 1161 2711 τῷ
1176 2626 1234 2713 υἰηῖ
1248 2620 1282 2688 τό
1300 2624 1391 2708 γέρας
1406 2629 1456 2688 τοῦ
1516 2663 1517 2670 1

296 2724 454 2808 ὀνόματος.
498 2727 587 2812 Λέγει
611 2726 644 2791 δέ
663 2723 722 2812 πρό
738 2723 1040 2793 αἰῶνωνόποστάντα
1061 2725 1199 2809 ἀληθῶς,
1228 2727 1280 2791 καί
1296 2723 1369 2792 ὄντα
1389 2725 1455 2808 ἀλη-

296 2835 363 2905 θῶς
378 2835 521 2915 γεννητῆς
535 2825 733 2906 όποστάσεως.
778 2828 958 2914 Διατηρῆσει
973 2830 1020 2909 δέ,
1044 2831 1133 2913 φησί,
1164 2825 1225 2894 ἀπδ
1240 2835 1294 2912 τῆς
1310 2823 1454 2912 ἀσεβείας.

297 2935 403 2998 Είωθε
418 2932 450 2996 δέ
466 2937 548 2998 πᾶσα
571 2931 672 3015 φαόλη
688 2928 758 3018 γενῆ
776 2929 846 3008 τοδς
864 2929 1002 3017 ηαὐτῆς
1019 2929 1149 3017 τρόπους
1166 2927 1266 3007 ἀλλοις
1282 2927 1454 3016 προλαμβό·

295 3060 359 3101 νειν
375 3059 404 3100 τε
419 3036 471 3099 καί
486 3036 679 3118 έπιφημίζειν.
726 3031 788 3118 Οόχ
805 3030 887 3121 δρῶν
903 3032 958 3121 γάρ
975 3037 1017 3112 εἰς
1033 3033 1091 3101 ὅσα
1105 3033 1266 3118 ἠσέβησεν,
1288 3029 1398 3100 έαυτδν
1413 3029 1455 3098 τό

296 3141 371 3222 σεβῆ
383 3141 507 3221 νομίζει,
540 3134 581 3214 ῶς
597 3139 629 3202 οί
641 3134 695 3220 τῆν
718 3140 924 3223 παραπληξίαν
946 3139 1120 3222 κεκτημένοι
1142 3141 1294 3219 νομίζουσι
1317 3135 1373 3220 μίν
1391 3137 1456 3201 έαν·

191 3307 193 3314 ,
296 3237 367 3316 τοῦς
384 3242 417 3305 ἰν
435 3237 578 3325 φρονήσει
594 3235 683 3318 εἰναι,
712 3240 784 3317 τοῦς
803 3241 834 3306 δέ
850 3237 957 3317 ἀλλους
971 3247 1199 3326 φρενητιῶντας.
1242 3237 1396 3304 Ἐνταῦθα
1414 3237 1453 3316 δέ,

294 3341 345 3409 Ἐν
362 3347 482 3431 Χριστῷ
494 3340 606 3426 Ἰησοῦ,
630 3338 709 3422 οόδί,
737 3349 785 3433 Τῷ
800 3346 893 3432 κυρίῳ
908 3339 1005 3425 ἡμῶν,
1027 3342 1184 3426 ἐτόλμησεν
1197 3337 1376 3424 ἀποδοῦναι,
1399 3335 1456 3405 ἀλλ’

297 3447 473 3531 εἰρωνικῶς,
500 3451 547 3535 Τῷ
562 3452 671 3529 σωτῆρι
688 3441 790 3528 ημῶν,
820 3447 945 3529 ἔφησεν,
974 3449 1025 3511 καί
1042 3467 1134 3529 φησι,
1164 3442 1212 3510 Δι’
1232 3435 1270 3510 οῦ
1287 3451 1370 3510 πῦσα
1385 3440 1455 3520 δόξα

297 3555 338 3639 τῷ
352 3549 442 3634 πατρί
462 3548 514 3612 καί
528 3554 586 3612 νῦν
600 3548 651 3612 καί
670 3545 762 3613 ”dei
780 3549 831 3613 καί
849 3551 891 3624 εἰς
908 3545 979 3625 τοῦς
994 3549 1105 3625 αἰῶνας
1121 3555 1182 3613 τῶν
1204 3545 1338 3626 αίῶνων,
1370 3544 1454 3629 ἀμῆν.

299 3653 361 3717 Καί
378 3647 451 3716 αότδ
469 3649 502 3715 δέ
519 3647 560 3714 τδ
572 3651 666 3715 εἰπεῖν
672 3701 681 3730 ,
713 3655 802 3716 Πᾶσα
818 3649 906 3730 δόξα,
928 3649 1013 3727 ὅπως
1033 3657 1229 3737 ι*περιαιροῖ
1241 3647 1294 3716 τόν
1312 3648 1381 3716 υίδν
1395 3645 1454 3713 ἀκδ

296 3761 350 3839 τῆς
365 3759 452 3837 τιμῆς
468 3776 498 3817 τε
514 3752 565 3817 καί
591 3750 682 3836 δόξης
703 3745 741 3820 οῦ
760 3752 860 3830 οὐδείς
885 3751 1018 3830 ἀνέξοιτό
1036 3778 1107 3819 ποτε
1124 3760 1183 3819 τῶν
1205 3751 1339 3836 εὐσεβῶν
1356 3752 1455 3818 καλλι

297 3854 468 3939 τινεόματος
489 3851 576 3943 ἀγίου
597 3851 651 3939 τῆν
672 3853 789 3941 δωρεάν
809 3862 863 3940 τῆς
885 3853 1032 3940 ἀληθινῆς
1052 3861 1178 3932 πίστεως
1198 3853 1372 3938 εἰληφότων.

389 4051 489 4111 Ταῦτα
501 4045 534 4110 δὲ
548 4042 646 4134 ριάντα
659 4040 850 4127 διαλαβόντες
863 4041 900 4109 τά
916 4041 978 4110 ῦτιό
995 4041 1103 4110 τοῦτου
1117 4050 1172 4110 τοῦ
1185 4043 1303 4110 Ἀετίου
1319 4043 1454 4126 εἰρημένα

299 4149 332 4216 ἰν
346 4151 510 4237 διαλεκτικῇ
524 4173 583 4212 τινι
597 4148 681 4236 τέχνη
698 4147 750 4212 καί
764 4153 966 4238 συλλογιστικῆ
987 4143 1116 4235 διιονοίμ
1132 4145 1328 4233 ἀνθρωπίνης
1345 4171 1453 4231 μαγγα·
1516 4177 1517 4182 1

298 4253 379 4326 νείας
388 4251 419 4316 έν
430 4254 602 4332 κεφαλαίοις
614 4247 659 4328 λζ.
691 4245 746 4326 Οίς
761 4257 907 4334 νουνεχῶς
917 4247 995 4334 όμῦς
1009 4251 1137 4334 ἐντυχεῖν
1147 4255 1385 4335 παρακαλοῦμεν,
1405 4247 1454 4314 καί

332 4367 357 4423 9.
378 4361 516 4440 ιιοιοςιῆ
535 4387 584 4425 σοι
649 4365 745 4426 τοῖσι
760 4375 812 4426 ιιι.
933 4372 973 4424 ιι.
992 4368 1066 4440 μενοι
1079 4373 1148 4423 ωτι.
1161 4385 1217 4422 πει.
1234 4367 1453 4438 μενοςοιοιιοιι
1516 4361 1517 4422 ί

338 4439 374 4490 10.
402 4441 476 4490 λἀῦσ
498 4438 543 4492 καὶ
559 4456 606 4505 περ
639 4437 735 4506 πατρίς
752 4469 785 4480 -
804 4439 863 4508 περὶ
933 4439 970 4491 ῙΊ.
989 4435 1066 4494 αότοῦ
1084 4443 1167 4492 vitium
1185 4445 1218 4490 ιιι
1234 4439 1290 4490 edit.
1312 4440 1391 4490 Ρελαυ.
1412 4439 1453 4488 σο·
1516 4445 1517 4508 γ

299 4504 329 4562 δέ
345 4507 399 4561 υἱοῦ
418 4510 510 4560 Ρτλσυλλ
525 4511 684 4572 λιιλετγκιιολίο
698 4511 807 4574 πεςλττίι.
898 4511 942 4560 λιιι
960 4514 1031 4572 τερα.
