<?xml version="1.0" encoding="UTF-8"?>
<!DOCTYPE html PUBLIC "-//W3C//DTD XHTML 1.0 Transitional//EN"
    "http://www.w3.org/TR/xhtml1/DTD/xhtml1-transitional.dtd">
<html xmlns="http://www.w3.org/1999/xhtml" xml:lang="en" lang="en">
 <head>
  <title>
</title>
<meta http-equiv="Content-Type" content="text/html;charset=utf-8" />
  <meta name='ocr-system' content='tesseract 3.04.00' />
  <meta name='ocr-capabilities' content='ocr_page ocr_carea ocr_par ocr_line ocrx_word'/>
</head>
<body>
  <div class='ocr_page' id='page_1' title='image "./corporishaerese00oehlgoog/corporishaerese00oehlgoog_0142.png"; bbox 0 0 3072 5002; ppageno 0'>
   <div class='ocr_carea' id='block_1_1' title="bbox 309 243 1217 316">
    <p class='ocr_par' dir='ltr' id='par_1_1' title="bbox 309 243 1217 316">
     <span class='ocr_line' id='line_1_1' title="bbox 309 243 1217 316; baseline -0.01 0"><span class='ocrx_word' id='word_1_1' title='bbox 309 262 446 316; x_wconf 76' lang='lat' dir='ltr'><strong>canaan</strong></span> <span class='ocrx_word' id='word_1_2' title='bbox 464 258 527 314; x_wconf 79' lang='lat' dir='ltr'><strong>ara.</strong></span> <span class='ocrx_word' id='word_1_3' title='bbox 538 255 581 314; x_wconf 89' lang='lat' dir='ltr'><strong>tu.</strong></span> <span class='ocrx_word' id='word_1_4' title='bbox 599 259 682 315; x_wconf 80' lang='lat' dir='ltr'><strong>rom.</strong></span> <span class='ocrx_word' id='word_1_5' title='bbox 695 261 715 314; x_wconf 88' lang='lat' dir='ltr'><strong>t.</strong></span> <span class='ocrx_word' id='word_1_6' title='bbox 731 259 831 313; x_wconf 83' lang='lat' dir='ltr'><strong>nasa.</strong></span> <span class='ocrx_word' id='word_1_7' title='bbox 842 259 962 312; x_wconf 83' lang='lat' dir='ltr'><strong>nxxut.</strong></span> <span class='ocrx_word' id='word_1_8' title='bbox 1160 243 1217 308; x_wconf 83' lang='lat'><strong>131</strong></span> 
     </span>
    </p>
   </div>
   <div class='ocr_carea' id='block_1_2' title="bbox 62 377 1377 4359">
    <p class='ocr_par' dir='ltr' id='par_1_2' title="bbox 65 377 1377 1678">
     <span class='ocr_line' id='line_1_2' title="bbox 146 377 1324 467; baseline -0.002 -21"><span class='ocrx_word' id='word_1_9' title='bbox 146 380 293 467; x_wconf 79' lang='lat' dir='ltr'><strong>Quoniam</strong></span> <span class='ocrx_word' id='word_1_10' title='bbox 316 401 390 448; x_wconf 83' lang='lat' dir='ltr'><strong>uero</strong></span> <span class='ocrx_word' id='word_1_11' title='bbox 407 380 539 446; x_wconf 77' lang='lat' dir='ltr'><strong>nonnulli</strong></span> <span class='ocrx_word' id='word_1_12' title='bbox 561 401 666 448; x_wconf 85' lang='lat' dir='ltr'><strong>uocum</strong></span> <span class='ocrx_word' id='word_1_13' title='bbox 691 382 824 461; x_wconf 87' lang='lat' dir='ltr'><strong>illarum,</strong></span> <span class='ocrx_word' id='word_1_14' title='bbox 857 399 932 465; x_wconf 91' lang='lat' dir='ltr'><strong>qnae</strong></span> <span class='ocrx_word' id='word_1_15' title='bbox 950 379 979 443; x_wconf 85' lang='lat' dir='ltr'><strong>ia</strong></span> <span class='ocrx_word' id='word_1_16' title='bbox 996 377 1150 464; x_wconf 87' lang='lat' dir='ltr'><strong>seripturis</strong></span> <span class='ocrx_word' id='word_1_17' title='bbox 1168 397 1222 441; x_wconf 88' lang='lat' dir='ltr'><strong>ex·</strong></span> <span class='ocrx_word' id='word_1_18' title='bbox 1264 392 1324 459; x_wconf 78' lang='lat' dir='ltr'><strong>cap.</strong></span> 
     </span>
     <span class='ocr_line' id='line_1_3' title="bbox 74 461 1340 571; baseline -0.004 -23"><span class='ocrx_word' id='word_1_19' title='bbox 74 495 143 564; x_wconf 89' lang='lat' dir='ltr'><strong>tant,</strong></span> <span class='ocrx_word' id='word_1_20' title='bbox 173 506 292 549; x_wconf 87' lang='lat' dir='ltr'><strong>sensum</strong></span> <span class='ocrx_word' id='word_1_21' title='bbox 312 485 540 570; x_wconf 86' lang='lat' dir='ltr'><strong>detorquentes,</strong></span> <span class='ocrx_word' id='word_1_22' title='bbox 574 497 661 571; x_wconf 88' lang='lat' dir='ltr'><strong>ntqne</strong></span> <span class='ocrx_word' id='word_1_23' title='bbox 678 485 765 548; x_wconf 88' lang='lat' dir='ltr'><strong>aliter</strong></span> <span class='ocrx_word' id='word_1_24' title='bbox 783 505 868 569; x_wconf 88' lang='lat' dir='ltr'><strong>quam</strong></span> <span class='ocrx_word' id='word_1_25' title='bbox 890 503 943 570; x_wconf 86' lang='lat' dir='ltr'><strong>par</strong></span> <span class='ocrx_word' id='word_1_26' title='bbox 964 481 1003 545; x_wconf 87' lang='lat' dir='ltr'><strong>sit</strong></span> <span class='ocrx_word' id='word_1_27' title='bbox 1024 481 1222 566; x_wconf 87' lang='lat' dir='ltr'><strong>interpretan-</strong></span> <span class='ocrx_word' id='word_1_28' title='bbox 1237 461 1340 513; x_wconf 67' lang='lat' dir='ltr'><strong>ml·</strong></span> 
     </span>
     <span class='ocr_line' id='line_1_4' title="bbox 71 583 1223 674; baseline -0.004 -24"><span class='ocrx_word' id='word_1_29' title='bbox 71 597 124 667; x_wconf 85' lang='lat' dir='ltr'><strong>tes,</strong></span> <span class='ocrx_word' id='word_1_30' title='bbox 149 609 241 672; x_wconf 89' lang='lat' dir='ltr'><strong>neque</strong></span> <span class='ocrx_word' id='word_1_31' title='bbox 260 597 311 652; x_wconf 89' lang='lat' dir='ltr'><strong>aut</strong></span> <span class='ocrx_word' id='word_1_32' title='bbox 325 587 483 652; x_wconf 87' lang='lat' dir='ltr'><strong>verborum</strong></span> <span class='ocrx_word' id='word_1_33' title='bbox 500 589 707 674; x_wconf 86' lang='lat' dir='ltr'><strong>proprietatem</strong></span> <span class='ocrx_word' id='word_1_34' title='bbox 723 597 774 650; x_wconf 88' lang='lat' dir='ltr'><strong>aut</strong></span> <span class='ocrx_word' id='word_1_35' title='bbox 792 607 891 649; x_wconf 85' lang='lat' dir='ltr'><strong>rerum</strong></span> <span class='ocrx_word' id='word_1_36' title='bbox 906 594 1039 648; x_wconf 85' lang='lat' dir='ltr'><strong>naturam</strong></span> <span class='ocrx_word' id='word_1_37' title='bbox 1055 583 1223 668; x_wconf 79' lang='lat' dir='ltr'><strong>intelligen-</strong></span> 
     </span>
     <span class='ocr_line' id='line_1_5' title="bbox 71 685 1221 768; baseline -0.001 -18"><span class='ocrx_word' id='word_1_38' title='bbox 71 699 109 752; x_wconf 88' lang='lat' dir='ltr'><strong>tes</strong></span> <span class='ocrx_word' id='word_1_39' title='bbox 125 689 172 754; x_wconf 86' lang='lat' dir='ltr'><strong>ilii</strong></span> <span class='ocrx_word' id='word_1_40' title='bbox 187 689 371 756; x_wconf 77' lang='lat' dir='ltr'><strong>divinitatem</strong></span> <span class='ocrx_word' id='word_1_41' title='bbox 386 701 524 754; x_wconf 87' lang='lat' dir='ltr'><strong>evertere</strong></span> <span class='ocrx_word' id='word_1_42' title='bbox 542 711 600 754; x_wconf 89' lang='lat' dir='ltr'><strong>non</strong></span> <span class='ocrx_word' id='word_1_43' title='bbox 623 690 772 768; x_wconf 85' lang='lat' dir='ltr'><strong>dubitant,</strong></span> <span class='ocrx_word' id='word_1_44' title='bbox 805 689 886 752; x_wconf 89' lang='lat' dir='ltr'><strong>etad</strong></span> <span class='ocrx_word' id='word_1_45' title='bbox 903 689 972 754; x_wconf 86' lang='lat' dir='ltr'><strong>ittnt</strong></span> <span class='ocrx_word' id='word_1_46' title='bbox 990 685 1150 752; x_wconf 88' lang='lat' dir='ltr'><strong>creationis</strong></span> <span class='ocrx_word' id='word_1_47' title='bbox 1169 705 1221 750; x_wconf 86' lang='lat' dir='ltr'><strong>vo·</strong></span> 
     </span>
     <span class='ocr_line' id='line_1_6' title="bbox 70 790 1376 879; baseline 0.002 -25"><span class='ocrx_word' id='word_1_48' title='bbox 70 792 191 855; x_wconf 79' lang='lat' dir='ltr'><strong>rabulum</strong></span> <span class='ocrx_word' id='word_1_49' title='bbox 206 793 371 871; x_wconf 86' lang='lat' dir='ltr'><strong>ollendnot,</strong></span> <span class='ocrx_word' id='word_1_50' title='bbox 392 795 467 879; x_wconf 83' lang='lat' dir='ltr'><strong>qnod</strong></span> <span class='ocrx_word' id='word_1_51' title='bbox 481 793 509 857; x_wconf 93' lang='lat' dir='ltr'><strong>in</strong></span> <span class='ocrx_word' id='word_1_52' title='bbox 522 791 693 858; x_wconf 76' lang='lat' dir='ltr'><strong>Proverbiis</strong></span> <span class='ocrx_word' id='word_1_53' title='bbox 708 793 832 876; x_wconf 81' lang='lat' dir='ltr'><strong>legitur:</strong></span> <span class='ocrx_word' id='word_1_54' title='bbox 854 797 1000 871; x_wconf 76' lang='lat' dir='ltr'><strong>Dominus,</strong></span> <span class='ocrx_word' id='word_1_55' title='bbox 1015 790 1120 875; x_wconf 88' lang='lat' dir='ltr'><strong>inquit,</strong></span> <span class='ocrx_word' id='word_1_56' title='bbox 1139 811 1219 852; x_wconf 84' lang='lat' dir='ltr'><strong>ereo-</strong></span> <span class='ocrx_word' id='word_1_57' title='bbox 1232 799 1300 845; x_wconf 74' lang='lat' dir='ltr'><strong>erar.</strong></span> <span class='ocrx_word' id='word_1_58' title='bbox 1314 799 1376 857; x_wconf 64' lang='lat'><strong>⁸2²²</strong></span> 
     </span>
     <span class='ocr_line' id='line_1_7' title="bbox 69 891 1222 979; baseline 0.002 -25"><span class='ocrx_word' id='word_1_59' title='bbox 69 899 104 954; x_wconf 88' lang='lat' dir='ltr'><strong>m&#39;t</strong></span> <span class='ocrx_word' id='word_1_60' title='bbox 116 912 156 956; x_wconf 85' lang='lat' dir='ltr'><strong>me</strong></span> <span class='ocrx_word' id='word_1_61' title='bbox 172 899 283 958; x_wconf 75' lang='lat' dir='ltr'><strong>mtrem</strong></span> <span class='ocrx_word' id='word_1_62' title='bbox 299 901 409 958; x_wconf 65' lang='lat' dir='ltr'><strong>omrnm</strong></span> <span class='ocrx_word' id='word_1_63' title='bbox 424 917 541 958; x_wconf 84' lang='lat' dir='ltr'><strong>suorum</strong></span> <span class='ocrx_word' id='word_1_64' title='bbox 557 901 586 958; x_wconf 83' lang='lat' dir='ltr'><strong>a&#39;m</strong></span> <span class='ocrx_word' id='word_1_65' title='bbox 599 915 685 977; x_wconf 82' lang='lat' dir='ltr'><strong>opero</strong></span> <span class='ocrx_word' id='word_1_66' title='bbox 700 900 807 976; x_wconf 67' lang='lat' dir='ltr'><strong>obstes,</strong></span> <span class='ocrx_word' id='word_1_67' title='bbox 832 915 905 979; x_wconf 90' lang='lat' dir='ltr'><strong>qnos</strong></span> <span class='ocrx_word' id='word_1_68' title='bbox 923 896 1038 979; x_wconf 91' lang='lat' dir='ltr'><strong>quidem</strong></span> <span class='ocrx_word' id='word_1_69' title='bbox 1056 891 1222 978; x_wconf 74' lang='lat' dir='ltr'><strong>oportebat,</strong></span> 
     </span>
     <span class='ocr_line' id='line_1_8' title="bbox 67 999 1377 1081; baseline -0.005 -22"><span class='ocrx_word' id='word_1_70' title='bbox 67 999 198 1078; x_wconf 61' lang='lat' dir='ltr'><strong>modicum</strong></span> <span class='ocrx_word' id='word_1_71' title='bbox 208 1003 305 1079; x_wconf 75' lang='lat' dir='ltr'><strong>peona</strong></span> <span class='ocrx_word' id='word_1_72' title='bbox 318 1004 467 1080; x_wconf 67' lang='lat' dir='ltr'><strong>apabr&#39;tnm,</strong></span> <span class='ocrx_word' id='word_1_73' title='bbox 492 1019 574 1081; x_wconf 88' lang='lat' dir='ltr'><strong>quom</strong></span> <span class='ocrx_word' id='word_1_74' title='bbox 589 1001 758 1061; x_wconf 77' lang='lat' dir='ltr'><strong>accedentem</strong></span> <span class='ocrx_word' id='word_1_75' title='bbox 772 1001 883 1060; x_wconf 82' lang='lat' dir='ltr'><strong>literam</strong></span> <span class='ocrx_word' id='word_1_76' title='bbox 896 1003 994 1080; x_wconf 54' lang='lat' dir='ltr'><strong>sequa}</strong></span> <span class='ocrx_word' id='word_1_77' title='bbox 1016 1000 1135 1079; x_wconf 70' lang='lat' dir='ltr'><strong>apuiltus</strong></span> <span class='ocrx_word' id='word_1_78' title='bbox 1147 999 1220 1057; x_wconf 80' lang='lat' dir='ltr'><strong>emina</strong></span> <span class='ocrx_word' id='word_1_79' title='bbox 1233 1004 1343 1075; x_wconf 62' lang='lat' dir='ltr'><strong>²⁰⁰&#39;nb</strong></span> <span class='ocrx_word' id='word_1_80' title='bbox 1356 1007 1377 1052; x_wconf 88' lang='lat' dir='ltr'><strong>t.</strong></span> 
     </span>
     <span class='ocr_line' id='line_1_9' title="bbox 66 1098 1223 1186; baseline 0.003 -27"><span class='ocrx_word' id='word_1_81' title='bbox 66 1103 199 1182; x_wconf 74' lang='lat' dir='ltr'><strong>er&#39;mfimt:</strong></span> <span class='ocrx_word' id='word_1_82' title='bbox 229 1120 284 1184; x_wconf 81' lang='lat' dir='ltr'><strong>age</strong></span> <span class='ocrx_word' id='word_1_83' title='bbox 310 1111 340 1164; x_wconf 92' lang='lat' dir='ltr'><strong>et</strong></span> <span class='ocrx_word' id='word_1_84' title='bbox 358 1121 413 1164; x_wconf 90' lang='lat' dir='ltr'><strong>uos</strong></span> <span class='ocrx_word' id='word_1_85' title='bbox 430 1101 467 1164; x_wconf 90' lang='lat' dir='ltr'><strong>de</strong></span> <span class='ocrx_word' id='word_1_86' title='bbox 487 1101 531 1164; x_wconf 92' lang='lat' dir='ltr'><strong>bis</strong></span> <span class='ocrx_word' id='word_1_87' title='bbox 551 1121 642 1186; x_wconf 86' lang='lat' dir='ltr'><strong>pauca</strong></span> <span class='ocrx_word' id='word_1_88' title='bbox 666 1101 864 1186; x_wconf 75' lang='lat' dir='ltr'><strong>disputemusp</strong></span> <span class='ocrx_word' id='word_1_89' title='bbox 897 1121 955 1163; x_wconf 92' lang='lat' dir='ltr'><strong>non</strong></span> <span class='ocrx_word' id='word_1_90' title='bbox 972 1099 1049 1185; x_wconf 94' lang='lat' dir='ltr'><strong>quod</strong></span> <span class='ocrx_word' id='word_1_91' title='bbox 1066 1118 1101 1161; x_wconf 87' lang='lat' dir='ltr'><strong>eu</strong></span> <span class='ocrx_word' id='word_1_92' title='bbox 1121 1098 1223 1162; x_wconf 87' lang='lat' dir='ltr'><strong>nesab</strong></span> 
     </span>
     <span class='ocr_line' id='line_1_10' title="bbox 67 1193 1222 1288; baseline -0.005 -20"><span class='ocrx_word' id='word_1_93' title='bbox 67 1202 98 1268; x_wconf 88' lang='lat' dir='ltr'><strong>iia</strong></span> <span class='ocrx_word' id='word_1_94' title='bbox 114 1204 243 1288; x_wconf 85' lang='lat' dir='ltr'><strong>perlecto</strong></span> <span class='ocrx_word' id='word_1_95' title='bbox 258 1213 384 1267; x_wconf 88' lang='lat' dir='ltr'><strong>tractata</strong></span> <span class='ocrx_word' id='word_1_96' title='bbox 402 1225 460 1267; x_wconf 93' lang='lat' dir='ltr'><strong>non</strong></span> <span class='ocrx_word' id='word_1_97' title='bbox 480 1202 567 1267; x_wconf 91' lang='lat' dir='ltr'><strong>luerit</strong></span> <span class='ocrx_word' id='word_1_98' title='bbox 590 1204 638 1288; x_wconf 91' lang='lat' dir='ltr'><strong>qui</strong></span> <span class='ocrx_word' id='word_1_99' title='bbox 655 1214 724 1267; x_wconf 88' lang='lat' dir='ltr'><strong>ante</strong></span> <span class='ocrx_word' id='word_1_100' title='bbox 741 1223 795 1266; x_wconf 89' lang='lat' dir='ltr'><strong>nos</strong></span> <span class='ocrx_word' id='word_1_101' title='bbox 814 1203 964 1267; x_wconf 84' lang='lat' dir='ltr'><strong>dixerunt.</strong></span> <span class='ocrx_word' id='word_1_102' title='bbox 1012 1193 1126 1265; x_wconf 77' lang='lat' dir='ltr'><strong>Furere</strong></span> <span class='ocrx_word' id='word_1_103' title='bbox 1145 1201 1222 1263; x_wconf 87' lang='lat' dir='ltr'><strong>enim</strong></span> 
     </span>
     <span class='ocr_line' id='line_1_11' title="bbox 66 1303 1224 1390; baseline -0.001 -24"><span class='ocrx_word' id='word_1_104' title='bbox 66 1304 136 1369; x_wconf 86' lang='lat' dir='ltr'><strong>illurn</strong></span> <span class='ocrx_word' id='word_1_105' title='bbox 162 1325 288 1370; x_wconf 86' lang='lat' dir='ltr'><strong>necesse</strong></span> <span class='ocrx_word' id='word_1_106' title='bbox 307 1305 419 1390; x_wconf 88' lang='lat' dir='ltr'><strong>estqui</strong></span> <span class='ocrx_word' id='word_1_107' title='bbox 440 1306 516 1370; x_wconf 88' lang='lat' dir='ltr'><strong>istud</strong></span> <span class='ocrx_word' id='word_1_108' title='bbox 541 1317 667 1370; x_wconf 89' lang='lat' dir='ltr'><strong>asserat.</strong></span> <span class='ocrx_word' id='word_1_109' title='bbox 713 1303 819 1389; x_wconf 88' lang='lat' dir='ltr'><strong>Neque</strong></span> <span class='ocrx_word' id='word_1_110' title='bbox 843 1307 918 1390; x_wconf 93' lang='lat' dir='ltr'><strong>qnod</strong></span> <span class='ocrx_word' id='word_1_111' title='bbox 942 1306 1063 1368; x_wconf 85' lang='lat' dir='ltr'><strong>doctore</strong></span> <span class='ocrx_word' id='word_1_112' title='bbox 1081 1323 1154 1388; x_wconf 89' lang='lat' dir='ltr'><strong>opus</strong></span> <span class='ocrx_word' id='word_1_113' title='bbox 1173 1303 1224 1366; x_wconf 88' lang='lat' dir='ltr'><strong>ba·</strong></span> 
     </span>
     <span class='ocr_line' id='line_1_12' title="bbox 65 1405 1224 1493; baseline 0.001 -25"><span class='ocrx_word' id='word_1_114' title='bbox 65 1407 161 1472; x_wconf 84' lang='lat' dir='ltr'><strong>beatis.</strong></span> <span class='ocrx_word' id='word_1_115' title='bbox 210 1405 273 1472; x_wconf 89' lang='lat' dir='ltr'><strong>Vos</strong></span> <span class='ocrx_word' id='word_1_116' title='bbox 300 1407 377 1471; x_wconf 88' lang='lat' dir='ltr'><strong>enim</strong></span> <span class='ocrx_word' id='word_1_117' title='bbox 405 1408 460 1493; x_wconf 90' lang='lat' dir='ltr'><strong>ipsi</strong></span> <span class='ocrx_word' id='word_1_118' title='bbox 483 1408 626 1473; x_wconf 83' lang='lat' dir='ltr'><strong>divinitus</strong></span> <span class='ocrx_word' id='word_1_119' title='bbox 651 1409 724 1473; x_wconf 87' lang='lat' dir='ltr'><strong>estis</strong></span> <span class='ocrx_word' id='word_1_120' title='bbox 745 1407 853 1471; x_wconf 90' lang='lat' dir='ltr'><strong>edocti.</strong></span> <span class='ocrx_word' id='word_1_121' title='bbox 898 1405 958 1472; x_wconf 89' lang='lat' dir='ltr'><strong>Sed</strong></span> <span class='ocrx_word' id='word_1_122' title='bbox 977 1419 1009 1472; x_wconf 92' lang='lat' dir='ltr'><strong>ut</strong></span> <span class='ocrx_word' id='word_1_123' title='bbox 1028 1408 1063 1469; x_wconf 88' lang='lat' dir='ltr'><strong>de</strong></span> <span class='ocrx_word' id='word_1_124' title='bbox 1081 1407 1166 1470; x_wconf 89' lang='lat' dir='ltr'><strong>nobis</strong></span> <span class='ocrx_word' id='word_1_125' title='bbox 1185 1405 1224 1469; x_wconf 92' lang='lat' dir='ltr'><strong>sit</strong></span> 
     </span>
     <span class='ocr_line' id='line_1_13' title="bbox 65 1505 1222 1596; baseline -0.001 -24"><span class='ocrx_word' id='word_1_126' title='bbox 65 1509 125 1574; x_wconf 87' lang='lat' dir='ltr'><strong>illud</strong></span> <span class='ocrx_word' id='word_1_127' title='bbox 146 1510 178 1574; x_wconf 91' lang='lat' dir='ltr'><strong>in</strong></span> <span class='ocrx_word' id='word_1_128' title='bbox 199 1511 383 1574; x_wconf 68' lang='lat' dir='ltr'><strong>consmentia</strong></span> <span class='ocrx_word' id='word_1_129' title='bbox 406 1505 506 1574; x_wconf 79' lang='lat' dir='ltr'><strong>vestra</strong></span> <span class='ocrx_word' id='word_1_130' title='bbox 529 1511 736 1588; x_wconf 79' lang='lat' dir='ltr'><strong>manifestum,</strong></span> <span class='ocrx_word' id='word_1_131' title='bbox 768 1529 876 1596; x_wconf 88' lang='lat' dir='ltr'><strong>cupere</strong></span> <span class='ocrx_word' id='word_1_132' title='bbox 899 1531 955 1574; x_wconf 87' lang='lat' dir='ltr'><strong>nos</strong></span> <span class='ocrx_word' id='word_1_133' title='bbox 982 1510 1101 1596; x_wconf 87' lang='lat' dir='ltr'><strong>spiritus</strong></span> <span class='ocrx_word' id='word_1_134' title='bbox 1128 1508 1222 1574; x_wconf 87' lang='lat' dir='ltr'><strong>sancti</strong></span> 
     </span>
     <span class='ocr_line' id='line_1_14' title="bbox 65 1613 564 1678; baseline 0.004 -4"><span class='ocrx_word' id='word_1_135' title='bbox 65 1613 133 1678; x_wconf 84' lang='lat' dir='ltr'><strong>donn</strong></span> <span class='ocrx_word' id='word_1_136' title='bbox 156 1613 377 1677; x_wconf 83' lang='lat' dir='ltr'><strong>communicare</strong></span> <span class='ocrx_word' id='word_1_137' title='bbox 399 1613 564 1678; x_wconf 85' lang='lat' dir='ltr'><strong>vobiscum.</strong></span> 
     </span>
    </p>

    <p class='ocr_par' dir='ltr' id='par_1_3' title="bbox 62 1711 1299 4359">
     <span class='ocr_line' id='line_1_15' title="bbox 141 1711 1223 1801; baseline 0 -23"><span class='ocrx_word' id='word_1_138' title='bbox 141 1711 280 1800; x_wconf 89' lang='lat' dir='ltr'><strong>inprimis</strong></span> <span class='ocrx_word' id='word_1_139' title='bbox 295 1716 394 1800; x_wconf 90' lang='lat' dir='ltr'><strong>itaque</strong></span> <span class='ocrx_word' id='word_1_140' title='bbox 410 1716 516 1794; x_wconf 86' lang='lat' dir='ltr'><strong>crede,</strong></span> <span class='ocrx_word' id='word_1_141' title='bbox 542 1715 613 1780; x_wconf 90' lang='lat' dir='ltr'><strong>nibil</strong></span> <span class='ocrx_word' id='word_1_142' title='bbox 628 1735 683 1778; x_wconf 90' lang='lat' dir='ltr'><strong>nec</strong></span> <span class='ocrx_word' id='word_1_143' title='bbox 699 1715 728 1777; x_wconf 94' lang='lat' dir='ltr'><strong>in</strong></span> <span class='ocrx_word' id='word_1_144' title='bbox 744 1715 852 1778; x_wconf 91' lang='lat' dir='ltr'><strong>ceteris</strong></span> <span class='ocrx_word' id='word_1_145' title='bbox 870 1715 1034 1801; x_wconf 84' lang='lat' dir='ltr'><strong>scripturae</strong></span> <span class='ocrx_word' id='word_1_146' title='bbox 1052 1715 1140 1794; x_wconf 85' lang='lat' dir='ltr'><strong>lonis,</strong></span> <span class='ocrx_word' id='word_1_147' title='bbox 1168 1735 1223 1778; x_wconf 89' lang='lat' dir='ltr'><strong>nec</strong></span> 
     </span>
     <span class='ocr_line' id='line_1_16' title="bbox 64 1816 1222 1903; baseline 0.002 -25"><span class='ocrx_word' id='word_1_148' title='bbox 64 1816 88 1878; x_wconf 84' lang='lat' dir='ltr'><strong>ia</strong></span> <span class='ocrx_word' id='word_1_149' title='bbox 104 1837 157 1898; x_wconf 89' lang='lat' dir='ltr'><strong>co,</strong></span> <span class='ocrx_word' id='word_1_150' title='bbox 184 1819 221 1882; x_wconf 92' lang='lat' dir='ltr'><strong>de</strong></span> <span class='ocrx_word' id='word_1_151' title='bbox 239 1839 297 1902; x_wconf 95' lang='lat' dir='ltr'><strong>quo</strong></span> <span class='ocrx_word' id='word_1_152' title='bbox 314 1819 402 1882; x_wconf 90' lang='lat' dir='ltr'><strong>modo</strong></span> <span class='ocrx_word' id='word_1_153' title='bbox 419 1817 551 1902; x_wconf 79' lang='lat' dir='ltr'><strong>agimus,</strong></span> <span class='ocrx_word' id='word_1_154' title='bbox 576 1817 634 1882; x_wconf 85' lang='lat' dir='ltr'><strong>ulle</strong></span> <span class='ocrx_word' id='word_1_155' title='bbox 649 1816 704 1882; x_wconf 90' lang='lat' dir='ltr'><strong>sibi</strong></span> <span class='ocrx_word' id='word_1_156' title='bbox 721 1817 848 1881; x_wconf 87' lang='lat' dir='ltr'><strong>invicem</strong></span> <span class='ocrx_word' id='word_1_157' title='bbox 866 1836 933 1881; x_wconf 88' lang='lat' dir='ltr'><strong>esse</strong></span> <span class='ocrx_word' id='word_1_158' title='bbox 952 1819 1115 1903; x_wconf 87' lang='lat' dir='ltr'><strong>scripturae</strong></span> <span class='ocrx_word' id='word_1_159' title='bbox 1131 1818 1222 1880; x_wconf 84' lang='lat' dir='ltr'><strong>verba</strong></span> 
     </span>
     <span class='ocr_line' id='line_1_17' title="bbox 63 1919 1220 2005; baseline 0 -23"><span class='ocrx_word' id='word_1_160' title='bbox 63 1921 226 1999; x_wconf 70' lang='lat' dir='ltr'><strong>contrariaq</strong></span> <span class='ocrx_word' id='word_1_161' title='bbox 251 1920 367 1983; x_wconf 86' lang='lat' dir='ltr'><strong>tametsi</strong></span> <span class='ocrx_word' id='word_1_162' title='bbox 386 1919 422 1983; x_wconf 88' lang='lat' dir='ltr'><strong>iis</strong></span> <span class='ocrx_word' id='word_1_163' title='bbox 440 1920 600 2000; x_wconf 80' lang='lat' dir='ltr'><strong>duntaxat,</strong></span> <span class='ocrx_word' id='word_1_164' title='bbox 625 1919 674 2005; x_wconf 93' lang='lat' dir='ltr'><strong>qui</strong></span> <span class='ocrx_word' id='word_1_165' title='bbox 692 1920 739 1982; x_wconf 88' lang='lat' dir='ltr'><strong>vel</strong></span> <span class='ocrx_word' id='word_1_166' title='bbox 755 1939 827 1983; x_wconf 86' lang='lat' dir='ltr'><strong>sana</strong></span> <span class='ocrx_word' id='word_1_167' title='bbox 846 1920 900 1984; x_wconf 89' lang='lat' dir='ltr'><strong>lide</strong></span> <span class='ocrx_word' id='word_1_168' title='bbox 920 1920 1042 2005; x_wconf 83' lang='lat' dir='ltr'><strong>praediti</strong></span> <span class='ocrx_word' id='word_1_169' title='bbox 1064 1941 1121 1984; x_wconf 91' lang='lat' dir='ltr'><strong>non</strong></span> <span class='ocrx_word' id='word_1_170' title='bbox 1139 1931 1220 2000; x_wconf 89' lang='lat' dir='ltr'><strong>snut,</strong></span> 
     </span>
     <span class='ocr_line' id='line_1_18' title="bbox 64 2021 1221 2108; baseline 0.004 -27"><span class='ocrx_word' id='word_1_171' title='bbox 64 2023 104 2086; x_wconf 81' lang='lat' dir='ltr'><strong>rel</strong></span> <span class='ocrx_word' id='word_1_172' title='bbox 122 2021 324 2086; x_wconf 87' lang='lat' dir='ltr'><strong>imbecillioris</strong></span> <span class='ocrx_word' id='word_1_173' title='bbox 343 2023 453 2106; x_wconf 84' lang='lat' dir='ltr'><strong>ingenii</strong></span> <span class='ocrx_word' id='word_1_174' title='bbox 470 2034 555 2102; x_wconf 88' lang='lat' dir='ltr'><strong>sunt,</strong></span> <span class='ocrx_word' id='word_1_175' title='bbox 581 2043 748 2108; x_wconf 84' lang='lat' dir='ltr'><strong>repugnare</strong></span> <span class='ocrx_word' id='word_1_176' title='bbox 765 2021 931 2086; x_wconf 88' lang='lat' dir='ltr'><strong>videantur.</strong></span> <span class='ocrx_word' id='word_1_177' title='bbox 977 2021 1094 2086; x_wconf 78' lang='lat' dir='ltr'><strong>Deinde</strong></span> <span class='ocrx_word' id='word_1_178' title='bbox 1112 2023 1221 2086; x_wconf 86' lang='lat' dir='ltr'><strong>nullum</strong></span> 
     </span>
     <span class='ocr_line' id='line_1_19' title="bbox 62 2123 1224 2212; baseline 0.002 -26"><span class='ocrx_word' id='word_1_179' title='bbox 62 2123 87 2186; x_wconf 92' lang='lat' dir='ltr'><strong>in</strong></span> <span class='ocrx_word' id='word_1_180' title='bbox 104 2126 213 2189; x_wconf 87' lang='lat' dir='ltr'><strong>mondo</strong></span> <span class='ocrx_word' id='word_1_181' title='bbox 233 2126 399 2210; x_wconf 69' lang='lat' dir='ltr'><strong>exonplum</strong></span> <span class='ocrx_word' id='word_1_182' title='bbox 422 2125 546 2211; x_wconf 86' lang='lat' dir='ltr'><strong>reperiri</strong></span> <span class='ocrx_word' id='word_1_183' title='bbox 566 2147 654 2212; x_wconf 89' lang='lat' dir='ltr'><strong>posse</strong></span> <span class='ocrx_word' id='word_1_184' title='bbox 676 2125 753 2210; x_wconf 93' lang='lat' dir='ltr'><strong>quod</strong></span> <span class='ocrx_word' id='word_1_185' title='bbox 770 2125 806 2188; x_wconf 91' lang='lat' dir='ltr'><strong>ad</strong></span> <span class='ocrx_word' id='word_1_186' title='bbox 825 2125 1104 2210; x_wconf 85' lang='lat' dir='ltr'><strong>repraesentandam</strong></span> <span class='ocrx_word' id='word_1_187' title='bbox 1121 2125 1224 2208; x_wconf 84' lang='lat' dir='ltr'><strong>unige-</strong></span> 
     </span>
     <span class='ocr_line' id='line_1_20' title="bbox 64 2225 1222 2312; baseline 0.003 -26"><span class='ocrx_word' id='word_1_188' title='bbox 64 2225 111 2290; x_wconf 89' lang='lat' dir='ltr'><strong>niti</strong></span> <span class='ocrx_word' id='word_1_189' title='bbox 126 2239 262 2292; x_wconf 79' lang='lat' dir='ltr'><strong>naturam</strong></span> <span class='ocrx_word' id='word_1_190' title='bbox 286 2247 339 2312; x_wconf 88' lang='lat' dir='ltr'><strong>per</strong></span> <span class='ocrx_word' id='word_1_191' title='bbox 356 2247 425 2292; x_wconf 88' lang='lat' dir='ltr'><strong>sese</strong></span> <span class='ocrx_word' id='word_1_192' title='bbox 442 2227 579 2292; x_wconf 84' lang='lat' dir='ltr'><strong>sufficiat.</strong></span> <span class='ocrx_word' id='word_1_193' title='bbox 625 2226 722 2312; x_wconf 78' lang='lat' dir='ltr'><strong>Quam</strong></span> <span class='ocrx_word' id='word_1_194' title='bbox 741 2228 778 2290; x_wconf 92' lang='lat' dir='ltr'><strong>ob</strong></span> <span class='ocrx_word' id='word_1_195' title='bbox 799 2247 931 2290; x_wconf 82' lang='lat' dir='ltr'><strong>caussam</strong></span> <span class='ocrx_word' id='word_1_196' title='bbox 950 2227 1096 2312; x_wconf 89' lang='lat' dir='ltr'><strong>scriptura</strong></span> <span class='ocrx_word' id='word_1_197' title='bbox 1116 2227 1222 2290; x_wconf 85' lang='lat' dir='ltr'><strong>multas</strong></span> 
     </span>
     <span class='ocr_line' id='line_1_21' title="bbox 63 2329 1224 2416; baseline 0.001 -25"><span class='ocrx_word' id='word_1_198' title='bbox 63 2329 94 2391; x_wconf 88' lang='lat' dir='ltr'><strong>ad</strong></span> <span class='ocrx_word' id='word_1_199' title='bbox 111 2329 137 2393; x_wconf 89' lang='lat' dir='ltr'><strong>id</strong></span> <span class='ocrx_word' id='word_1_200' title='bbox 156 2330 343 2414; x_wconf 80' lang='lat' dir='ltr'><strong>excogitatas</strong></span> <span class='ocrx_word' id='word_1_201' title='bbox 365 2330 495 2394; x_wconf 85' lang='lat' dir='ltr'><strong>rationes</strong></span> <span class='ocrx_word' id='word_1_202' title='bbox 511 2340 542 2395; x_wconf 89' lang='lat' dir='ltr'><strong>et</strong></span> <span class='ocrx_word' id='word_1_203' title='bbox 562 2331 773 2416; x_wconf 74' lang='lat' dir='ltr'><strong>appellationes</strong></span> <span class='ocrx_word' id='word_1_204' title='bbox 794 2331 1014 2408; x_wconf 72' lang='lat' dir='ltr'><strong>accommodotp</strong></span> <span class='ocrx_word' id='word_1_205' title='bbox 1048 2329 1072 2392; x_wconf 88' lang='lat' dir='ltr'><strong>si</strong></span> <span class='ocrx_word' id='word_1_206' title='bbox 1088 2349 1146 2414; x_wconf 93' lang='lat' dir='ltr'><strong>qno</strong></span> <span class='ocrx_word' id='word_1_207' title='bbox 1164 2331 1224 2392; x_wconf 91' lang='lat' dir='ltr'><strong>lor·</strong></span> 
     </span>
     <span class='ocr_line' id='line_1_22' title="bbox 62 2431 1223 2518; baseline 0.001 -25"><span class='ocrx_word' id='word_1_208' title='bbox 62 2441 136 2496; x_wconf 85' lang='lat' dir='ltr'><strong>tasse</strong></span> <span class='ocrx_word' id='word_1_209' title='bbox 151 2433 242 2496; x_wconf 86' lang='lat' dir='ltr'><strong>anolo</strong></span> <span class='ocrx_word' id='word_1_210' title='bbox 260 2453 300 2496; x_wconf 84' lang='lat' dir='ltr'><strong>ex</strong></span> <span class='ocrx_word' id='word_1_211' title='bbox 317 2431 380 2511; x_wconf 89' lang='lat' dir='ltr'><strong>bia,</strong></span> <span class='ocrx_word' id='word_1_212' title='bbox 412 2451 486 2518; x_wconf 88' lang='lat' dir='ltr'><strong>quae</strong></span> <span class='ocrx_word' id='word_1_213' title='bbox 505 2433 590 2496; x_wconf 90' lang='lat' dir='ltr'><strong>nobis</strong></span> <span class='ocrx_word' id='word_1_214' title='bbox 610 2433 765 2496; x_wconf 82' lang='lat' dir='ltr'><strong>lumiliaria</strong></span> <span class='ocrx_word' id='word_1_215' title='bbox 786 2443 855 2496; x_wconf 83' lang='lat' dir='ltr'><strong>stant</strong></span> <span class='ocrx_word' id='word_1_216' title='bbox 870 2442 900 2496; x_wconf 92' lang='lat' dir='ltr'><strong>et</strong></span> <span class='ocrx_word' id='word_1_217' title='bbox 917 2432 1052 2517; x_wconf 81' lang='lat' dir='ltr'><strong>cognite,</strong></span> <span class='ocrx_word' id='word_1_218' title='bbox 1083 2451 1157 2515; x_wconf 88' lang='lat' dir='ltr'><strong>qnae</strong></span> <span class='ocrx_word' id='word_1_219' title='bbox 1175 2449 1223 2494; x_wconf 86' lang='lat' dir='ltr'><strong>ca·</strong></span> 
     </span>
     <span class='ocr_line' id='line_1_23' title="bbox 63 2533 1224 2620; baseline 0.003 -24"><span class='ocrx_word' id='word_1_220' title='bbox 63 2545 134 2620; x_wconf 85' lang='lat' dir='ltr'><strong>ptnna</strong></span> <span class='ocrx_word' id='word_1_221' title='bbox 151 2545 286 2600; x_wconf 84' lang='lat' dir='ltr'><strong>nostrum</strong></span> <span class='ocrx_word' id='word_1_222' title='bbox 301 2545 442 2620; x_wconf 85' lang='lat' dir='ltr'><strong>superant</strong></span> <span class='ocrx_word' id='word_1_223' title='bbox 454 2533 703 2620; x_wconf 87' lang='lat' dir='ltr'><strong>comprehendere</strong></span> <span class='ocrx_word' id='word_1_224' title='bbox 719 2534 876 2620; x_wconf 86' lang='lat' dir='ltr'><strong>possimus,</strong></span> <span class='ocrx_word' id='word_1_225' title='bbox 900 2545 932 2598; x_wconf 88' lang='lat' dir='ltr'><strong>et</strong></span> <span class='ocrx_word' id='word_1_226' title='bbox 944 2556 985 2599; x_wconf 81' lang='lat' dir='ltr'><strong>ex</strong></span> <span class='ocrx_word' id='word_1_227' title='bbox 1000 2537 1126 2619; x_wconf 81' lang='lat' dir='ltr'><strong>coguitis</strong></span> <span class='ocrx_word' id='word_1_228' title='bbox 1140 2537 1224 2620; x_wconf 81' lang='lat' dir='ltr'><strong>igno·</strong></span> 
     </span>
     <span class='ocr_line' id='line_1_24' title="bbox 63 2637 1224 2723; baseline 0.002 -25"><span class='ocrx_word' id='word_1_229' title='bbox 63 2647 150 2702; x_wconf 82' lang='lat' dir='ltr'><strong>urnas</strong></span> <span class='ocrx_word' id='word_1_230' title='bbox 167 2657 268 2702; x_wconf 87' lang='lat' dir='ltr'><strong>rerum</strong></span> <span class='ocrx_word' id='word_1_231' title='bbox 285 2637 445 2701; x_wconf 79' lang='lat' dir='ltr'><strong>informare</strong></span> <span class='ocrx_word' id='word_1_232' title='bbox 461 2637 612 2716; x_wconf 80' lang='lat' dir='ltr'><strong>notitiam,</strong></span> <span class='ocrx_word' id='word_1_233' title='bbox 636 2658 652 2700; x_wconf 89' lang='lat' dir='ltr'><strong>a</strong></span> <span class='ocrx_word' id='word_1_234' title='bbox 674 2637 837 2723; x_wconf 84' lang='lat' dir='ltr'><strong>perspicuis</strong></span> <span class='ocrx_word' id='word_1_235' title='bbox 853 2637 911 2700; x_wconf 89' lang='lat' dir='ltr'><strong>illia</strong></span> <span class='ocrx_word' id='word_1_236' title='bbox 926 2637 1104 2721; x_wconf 72' lang='lat' dir='ltr'><strong>pedetentim</strong></span> <span class='ocrx_word' id='word_1_237' title='bbox 1124 2639 1161 2701; x_wconf 90' lang='lat' dir='ltr'><strong>ad</strong></span> <span class='ocrx_word' id='word_1_238' title='bbox 1176 2657 1224 2701; x_wconf 84' lang='lat' dir='ltr'><strong>ar·</strong></span> 
     </span>
     <span class='ocr_line' id='line_1_25' title="bbox 64 2737 1223 2826; baseline -0.001 -23"><span class='ocrx_word' id='word_1_239' title='bbox 64 2759 130 2804; x_wconf 89' lang='lat' dir='ltr'><strong>canu</strong></span> <span class='ocrx_word' id='word_1_240' title='bbox 147 2740 323 2825; x_wconf 87' lang='lat' dir='ltr'><strong>occultaque</strong></span> <span class='ocrx_word' id='word_1_241' title='bbox 341 2739 485 2826; x_wconf 85' lang='lat' dir='ltr'><strong>perducti.</strong></span> <span class='ocrx_word' id='word_1_242' title='bbox 531 2737 619 2823; x_wconf 81' lang='lat' dir='ltr'><strong>Quod</strong></span> <span class='ocrx_word' id='word_1_243' title='bbox 636 2739 726 2826; x_wconf 81' lang='lat' dir='ltr'><strong>igitur</strong></span> <span class='ocrx_word' id='word_1_244' title='bbox 750 2759 803 2804; x_wconf 88' lang='lat' dir='ltr'><strong>eos</strong></span> <span class='ocrx_word' id='word_1_245' title='bbox 824 2740 872 2824; x_wconf 91' lang='lat' dir='ltr'><strong>qui</strong></span> <span class='ocrx_word' id='word_1_246' title='bbox 895 2740 925 2803; x_wconf 92' lang='lat' dir='ltr'><strong>in</strong></span> <span class='ocrx_word' id='word_1_247' title='bbox 946 2737 1097 2804; x_wconf 83' lang='lat' dir='ltr'><strong>Christum</strong></span> <span class='ocrx_word' id='word_1_248' title='bbox 1120 2742 1223 2803; x_wconf 89' lang='lat' dir='ltr'><strong>crede-</strong></span> 
     </span>
     <span class='ocr_line' id='line_1_26' title="bbox 63 2843 1223 2928; baseline 0.003 -24"><span class='ocrx_word' id='word_1_249' title='bbox 63 2853 124 2905; x_wconf 88' lang='lat' dir='ltr'><strong>rent</strong></span> <span class='ocrx_word' id='word_1_250' title='bbox 140 2843 266 2907; x_wconf 84' lang='lat' dir='ltr'><strong>credere</strong></span> <span class='ocrx_word' id='word_1_251' title='bbox 285 2843 441 2927; x_wconf 84' lang='lat' dir='ltr'><strong>oportebat</strong></span> <span class='ocrx_word' id='word_1_252' title='bbox 456 2843 581 2908; x_wconf 82' lang='lat' dir='ltr'><strong>similem</strong></span> <span class='ocrx_word' id='word_1_253' title='bbox 603 2863 672 2906; x_wconf 87' lang='lat' dir='ltr'><strong>esse</strong></span> <span class='ocrx_word' id='word_1_254' title='bbox 690 2843 779 2928; x_wconf 88' lang='lat' dir='ltr'><strong>patris</strong></span> <span class='ocrx_word' id='word_1_255' title='bbox 799 2843 905 2921; x_wconf 88' lang='lat' dir='ltr'><strong>lilium,</strong></span> <span class='ocrx_word' id='word_1_256' title='bbox 934 2853 1036 2928; x_wconf 84' lang='lat' dir='ltr'><strong>utpote</strong></span> <span class='ocrx_word' id='word_1_257' title='bbox 1060 2865 1126 2906; x_wconf 88' lang='lat' dir='ltr'><strong>num</strong></span> <span class='ocrx_word' id='word_1_258' title='bbox 1144 2843 1223 2907; x_wconf 87' lang='lat' dir='ltr'><strong>illius</strong></span> 
     </span>
     <span class='ocr_line' id='line_1_27' title="bbox 62 2944 1226 3032; baseline 0.001 -25"><span class='ocrx_word' id='word_1_259' title='bbox 62 2945 106 3028; x_wconf 88' lang='lat' dir='ltr'><strong>qni</strong></span> <span class='ocrx_word' id='word_1_260' title='bbox 125 2963 218 3032; x_wconf 83' lang='lat' dir='ltr'><strong>snpra</strong></span> <span class='ocrx_word' id='word_1_261' title='bbox 234 2945 332 3008; x_wconf 73' lang='lat' dir='ltr'><strong>onnia</strong></span> <span class='ocrx_word' id='word_1_262' title='bbox 348 2956 395 3008; x_wconf 87' lang='lat' dir='ltr'><strong>est</strong></span> <span class='ocrx_word' id='word_1_263' title='bbox 411 2946 508 3029; x_wconf 77' lang='lat' dir='ltr'><strong>imago</strong></span> <span class='ocrx_word' id='word_1_264' title='bbox 525 2946 564 3009; x_wconf 90' lang='lat' dir='ltr'><strong>sit</strong></span> <span class='ocrx_word' id='word_1_265' title='bbox 580 2945 629 3010; x_wconf 89' lang='lat' dir='ltr'><strong>ille</strong></span> <span class='ocrx_word' id='word_1_266' title='bbox 645 2945 693 3030; x_wconf 90' lang='lat' dir='ltr'><strong>qni</strong></span> <span class='ocrx_word' id='word_1_267' title='bbox 711 2945 846 3030; x_wconf 78' lang='lat' dir='ltr'><strong>pervadit</strong></span> <span class='ocrx_word' id='word_1_268' title='bbox 859 2944 976 3023; x_wconf 86' lang='lat' dir='ltr'><strong>omnia,</strong></span> <span class='ocrx_word' id='word_1_269' title='bbox 1007 2955 1039 3008; x_wconf 87' lang='lat' dir='ltr'><strong>et</strong></span> <span class='ocrx_word' id='word_1_270' title='bbox 1055 2965 1141 3028; x_wconf 81' lang='lat' dir='ltr'><strong>quana</strong></span> <span class='ocrx_word' id='word_1_271' title='bbox 1156 2965 1226 3031; x_wconf 87' lang='lat' dir='ltr'><strong>pro·</strong></span> 
     </span>
     <span class='ocr_line' id='line_1_28' title="bbox 63 3045 1225 3133; baseline 0.002 -24"><span class='ocrx_word' id='word_1_272' title='bbox 63 3047 145 3112; x_wconf 85' lang='lat' dir='ltr'><strong>ducta</strong></span> <span class='ocrx_word' id='word_1_273' title='bbox 162 3058 234 3111; x_wconf 79' lang='lat' dir='ltr'><strong>sant</strong></span> <span class='ocrx_word' id='word_1_274' title='bbox 248 3049 364 3128; x_wconf 84' lang='lat' dir='ltr'><strong>omnia,</strong></span> <span class='ocrx_word' id='word_1_275' title='bbox 396 3058 455 3111; x_wconf 82' lang='lat' dir='ltr'><strong>tana</strong></span> <span class='ocrx_word' id='word_1_276' title='bbox 472 3048 502 3111; x_wconf 90' lang='lat' dir='ltr'><strong>in</strong></span> <span class='ocrx_word' id='word_1_277' title='bbox 522 3048 605 3112; x_wconf 88' lang='lat' dir='ltr'><strong>coelo</strong></span> <span class='ocrx_word' id='word_1_278' title='bbox 628 3069 714 3133; x_wconf 88' lang='lat' dir='ltr'><strong>quam</strong></span> <span class='ocrx_word' id='word_1_279' title='bbox 733 3047 763 3110; x_wconf 93' lang='lat' dir='ltr'><strong>iu</strong></span> <span class='ocrx_word' id='word_1_280' title='bbox 780 3057 877 3126; x_wconf 86' lang='lat' dir='ltr'><strong>terro,</strong></span> <span class='ocrx_word' id='word_1_281' title='bbox 911 3045 1010 3130; x_wconf 79' lang='lat' dir='ltr'><strong>imago</strong></span> <span class='ocrx_word' id='word_1_282' title='bbox 1034 3067 1123 3131; x_wconf 90' lang='lat' dir='ltr'><strong>porro</strong></span> <span class='ocrx_word' id='word_1_283' title='bbox 1146 3048 1225 3111; x_wconf 91' lang='lat' dir='ltr'><strong>cius·</strong></span> 
     </span>
     <span class='ocr_line' id='line_1_29' title="bbox 63 3148 1226 3236; baseline 0.001 -24"><span class='ocrx_word' id='word_1_284' title='bbox 63 3150 137 3214; x_wconf 85' lang='lat' dir='ltr'><strong>nodi</strong></span> <span class='ocrx_word' id='word_1_285' title='bbox 154 3171 218 3213; x_wconf 92' lang='lat' dir='ltr'><strong>non</strong></span> <span class='ocrx_word' id='word_1_286' title='bbox 234 3149 328 3234; x_wconf 82' lang='lat' dir='ltr'><strong>qualis</strong></span> <span class='ocrx_word' id='word_1_287' title='bbox 343 3160 390 3214; x_wconf 91' lang='lat' dir='ltr'><strong>est</strong></span> <span class='ocrx_word' id='word_1_288' title='bbox 403 3149 523 3214; x_wconf 87' lang='lat' dir='ltr'><strong>animati</strong></span> <span class='ocrx_word' id='word_1_289' title='bbox 541 3151 651 3236; x_wconf 73' lang='lat' dir='ltr'><strong>ligura,</strong></span> <span class='ocrx_word' id='word_1_290' title='bbox 675 3151 703 3213; x_wconf 91' lang='lat' dir='ltr'><strong>id</strong></span> <span class='ocrx_word' id='word_1_291' title='bbox 721 3149 798 3235; x_wconf 95' lang='lat' dir='ltr'><strong>quod</strong></span> <span class='ocrx_word' id='word_1_292' title='bbox 817 3148 933 3213; x_wconf 83' lang='lat' dir='ltr'><strong>auinaue</strong></span> <span class='ocrx_word' id='word_1_293' title='bbox 953 3159 1000 3212; x_wconf 91' lang='lat' dir='ltr'><strong>est</strong></span> <span class='ocrx_word' id='word_1_294' title='bbox 1014 3169 1142 3234; x_wconf 80' lang='lat' dir='ltr'><strong>expers,</strong></span> <span class='ocrx_word' id='word_1_295' title='bbox 1173 3169 1226 3213; x_wconf 91' lang='lat' dir='ltr'><strong>ne·</strong></span> 
     </span>
     <span class='ocr_line' id='line_1_30' title="bbox 63 3251 1226 3338; baseline -0.001 -22"><span class='ocrx_word' id='word_1_296' title='bbox 63 3271 114 3336; x_wconf 89' lang='lat' dir='ltr'><strong>que</strong></span> <span class='ocrx_word' id='word_1_297' title='bbox 132 3251 219 3318; x_wconf 77' lang='lat' dir='ltr'><strong>velut</strong></span> <span class='ocrx_word' id='word_1_298' title='bbox 234 3252 307 3317; x_wconf 88' lang='lat' dir='ltr'><strong>artis</strong></span> <span class='ocrx_word' id='word_1_299' title='bbox 322 3252 458 3331; x_wconf 84' lang='lat' dir='ltr'><strong>cilentio,</strong></span> <span class='ocrx_word' id='word_1_300' title='bbox 490 3261 540 3316; x_wconf 83' lang='lat' dir='ltr'><strong>aut</strong></span> <span class='ocrx_word' id='word_1_301' title='bbox 553 3252 718 3316; x_wconf 77' lang='lat' dir='ltr'><strong>effectionis</strong></span> <span class='ocrx_word' id='word_1_302' title='bbox 735 3273 826 3338; x_wconf 91' lang='lat' dir='ltr'><strong>opus,</strong></span> <span class='ocrx_word' id='word_1_303' title='bbox 860 3252 912 3314; x_wconf 91' lang='lat' dir='ltr'><strong>sed</strong></span> <span class='ocrx_word' id='word_1_304' title='bbox 930 3263 1065 3335; x_wconf 86' lang='lat' dir='ltr'><strong>tanquam</strong></span> <span class='ocrx_word' id='word_1_305' title='bbox 1082 3251 1226 3336; x_wconf 82' lang='lat' dir='ltr'><strong>genitoris</strong></span> 
     </span>
     <span class='ocr_line' id='line_1_31' title="bbox 63 3353 1226 3441; baseline 0 -23"><span class='ocrx_word' id='word_1_306' title='bbox 63 3355 87 3418; x_wconf 92' lang='lat' dir='ltr'><strong>id</strong></span> <span class='ocrx_word' id='word_1_307' title='bbox 104 3356 183 3441; x_wconf 91' lang='lat' dir='ltr'><strong>qnod</strong></span> <span class='ocrx_word' id='word_1_308' title='bbox 197 3353 328 3439; x_wconf 80' lang='lat' dir='ltr'><strong>genitum</strong></span> <span class='ocrx_word' id='word_1_309' title='bbox 349 3364 411 3432; x_wconf 90' lang='lat' dir='ltr'><strong>cst,</strong></span> <span class='ocrx_word' id='word_1_310' title='bbox 443 3375 568 3438; x_wconf 90' lang='lat' dir='ltr'><strong>cumque</strong></span> <span class='ocrx_word' id='word_1_311' title='bbox 591 3365 745 3440; x_wconf 87' lang='lat' dir='ltr'><strong>praeterea</strong></span> <span class='ocrx_word' id='word_1_312' title='bbox 762 3355 846 3417; x_wconf 83' lang='lat' dir='ltr'><strong>nelos</strong></span> <span class='ocrx_word' id='word_1_313' title='bbox 864 3354 905 3416; x_wconf 90' lang='lat' dir='ltr'><strong>sit</strong></span> <span class='ocrx_word' id='word_1_314' title='bbox 918 3354 954 3417; x_wconf 91' lang='lat' dir='ltr'><strong>ad</strong></span> <span class='ocrx_word' id='word_1_315' title='bbox 975 3353 1117 3438; x_wconf 86' lang='lat' dir='ltr'><strong>unigeniti</strong></span> <span class='ocrx_word' id='word_1_316' title='bbox 1134 3374 1226 3437; x_wconf 78' lang='lat' dir='ltr'><strong>qene-</strong></span> 
     </span>
     <span class='ocr_line' id='line_1_32' title="bbox 62 3455 1225 3542; baseline -0.003 -21"><span class='ocrx_word' id='word_1_317' title='bbox 62 3459 223 3536; x_wconf 83' lang='lat' dir='ltr'><strong>ratiourem,</strong></span> <span class='ocrx_word' id='word_1_318' title='bbox 254 3477 329 3542; x_wconf 87' lang='lat' dir='ltr'><strong>quoe</strong></span> <span class='ocrx_word' id='word_1_319' title='bbox 348 3456 477 3520; x_wconf 81' lang='lat' dir='ltr'><strong>saeculis</strong></span> <span class='ocrx_word' id='word_1_320' title='bbox 499 3455 635 3520; x_wconf 90' lang='lat' dir='ltr'><strong>omnibus</strong></span> <span class='ocrx_word' id='word_1_321' title='bbox 652 3457 733 3542; x_wconf 87' lang='lat' dir='ltr'><strong>prior</strong></span> <span class='ocrx_word' id='word_1_322' title='bbox 754 3466 818 3534; x_wconf 90' lang='lat' dir='ltr'><strong>est,</strong></span> <span class='ocrx_word' id='word_1_323' title='bbox 853 3475 1015 3541; x_wconf 85' lang='lat' dir='ltr'><strong>corporeae</strong></span> <span class='ocrx_word' id='word_1_324' title='bbox 1033 3466 1062 3519; x_wconf 89' lang='lat' dir='ltr'><strong>et</strong></span> <span class='ocrx_word' id='word_1_325' title='bbox 1081 3455 1225 3520; x_wconf 88' lang='lat' dir='ltr'><strong>bumaunc</strong></span> 
     </span>
     <span class='ocr_line' id='line_1_33' title="bbox 62 3559 1226 3645; baseline -0.003 -20"><span class='ocrx_word' id='word_1_326' title='bbox 62 3561 263 3644; x_wconf 70' lang='lat' dir='ltr'><strong>generationis</strong></span> <span class='ocrx_word' id='word_1_327' title='bbox 291 3559 425 3645; x_wconf 84' lang='lat' dir='ltr'><strong>proprias</strong></span> <span class='ocrx_word' id='word_1_328' title='bbox 449 3569 534 3623; x_wconf 90' lang='lat' dir='ltr'><strong>notas</strong></span> <span class='ocrx_word' id='word_1_329' title='bbox 561 3559 803 3643; x_wconf 88' lang='lat' dir='ltr'><strong>conditionesque</strong></span> <span class='ocrx_word' id='word_1_330' title='bbox 827 3561 1005 3636; x_wconf 86' lang='lat' dir='ltr'><strong>translerre,</strong></span> <span class='ocrx_word' id='word_1_331' title='bbox 1041 3579 1076 3621; x_wconf 88' lang='lat' dir='ltr'><strong>ac</strong></span> <span class='ocrx_word' id='word_1_332' title='bbox 1100 3559 1226 3643; x_wconf 88' lang='lat' dir='ltr'><strong>denique</strong></span> 
     </span>
     <span class='ocr_line' id='line_1_34' title="bbox 63 3661 1226 3748; baseline -0.001 -24"><span class='ocrx_word' id='word_1_333' title='bbox 63 3683 124 3726; x_wconf 81' lang='lat' dir='ltr'><strong>eon</strong></span> <span class='ocrx_word' id='word_1_334' title='bbox 142 3663 180 3726; x_wconf 91' lang='lat' dir='ltr'><strong>ad</strong></span> <span class='ocrx_word' id='word_1_335' title='bbox 198 3661 360 3748; x_wconf 75' lang='lat' dir='ltr'><strong>sapientiae</strong></span> <span class='ocrx_word' id='word_1_336' title='bbox 374 3661 451 3726; x_wconf 87' lang='lat' dir='ltr'><strong>illios</strong></span> <span class='ocrx_word' id='word_1_337' title='bbox 468 3662 653 3748; x_wconf 78' lang='lat' dir='ltr'><strong>exemplant,</strong></span> <span class='ocrx_word' id='word_1_338' title='bbox 687 3683 761 3746; x_wconf 83' lang='lat' dir='ltr'><strong>qnae</strong></span> <span class='ocrx_word' id='word_1_339' title='bbox 778 3661 920 3726; x_wconf 81' lang='lat' dir='ltr'><strong>donnanae</strong></span> <span class='ocrx_word' id='word_1_340' title='bbox 937 3661 1131 3746; x_wconf 84' lang='lat' dir='ltr'><strong>cogitationes</strong></span> <span class='ocrx_word' id='word_1_341' title='bbox 1147 3681 1226 3724; x_wconf 88' lang='lat' dir='ltr'><strong>com-</strong></span> 
     </span>
     <span class='ocr_line' id='line_1_35' title="bbox 63 3762 1227 3849; baseline -0.004 -19"><span class='ocrx_word' id='word_1_342' title='bbox 63 3765 218 3848; x_wconf 82' lang='lat' dir='ltr'><strong>plectitur,</strong></span> <span class='ocrx_word' id='word_1_343' title='bbox 241 3764 281 3827; x_wconf 89' lang='lat' dir='ltr'><strong>ita</strong></span> <span class='ocrx_word' id='word_1_344' title='bbox 300 3763 351 3828; x_wconf 88' lang='lat' dir='ltr'><strong>lilii</strong></span> <span class='ocrx_word' id='word_1_345' title='bbox 367 3765 407 3829; x_wconf 84' lang='lat' dir='ltr'><strong>sit</strong></span> <span class='ocrx_word' id='word_1_346' title='bbox 424 3765 572 3849; x_wconf 75' lang='lat' dir='ltr'><strong>exigenda</strong></span> <span class='ocrx_word' id='word_1_347' title='bbox 587 3763 741 3848; x_wconf 87' lang='lat' dir='ltr'><strong>generatio</strong></span> <span class='ocrx_word' id='word_1_348' title='bbox 764 3775 796 3826; x_wconf 92' lang='lat' dir='ltr'><strong>ut</strong></span> <span class='ocrx_word' id='word_1_349' title='bbox 813 3785 866 3849; x_wconf 88' lang='lat' dir='ltr'><strong>per</strong></span> <span class='ocrx_word' id='word_1_350' title='bbox 877 3785 946 3828; x_wconf 90' lang='lat' dir='ltr'><strong>sese</strong></span> <span class='ocrx_word' id='word_1_351' title='bbox 964 3765 1105 3828; x_wconf 77' lang='lat' dir='ltr'><strong>subsistat</strong></span> <span class='ocrx_word' id='word_1_352' title='bbox 1121 3762 1227 3826; x_wconf 89' lang='lat' dir='ltr'><strong>nibilo-</strong></span> 
     </span>
     <span class='ocr_line' id='line_1_36' title="bbox 63 3864 1299 3948; baseline 0 -20"><span class='ocrx_word' id='word_1_353' title='bbox 63 3865 156 3931; x_wconf 85' lang='lat' dir='ltr'><strong>minus</strong></span> <span class='ocrx_word' id='word_1_354' title='bbox 174 3875 207 3930; x_wconf 86' lang='lat' dir='ltr'><strong>et</strong></span> <span class='ocrx_word' id='word_1_355' title='bbox 224 3865 351 3930; x_wconf 77' lang='lat' dir='ltr'><strong>existat:</strong></span> <span class='ocrx_word' id='word_1_356' title='bbox 375 3867 443 3932; x_wconf 91' lang='lat' dir='ltr'><strong>ideo</strong></span> <span class='ocrx_word' id='word_1_357' title='bbox 459 3867 599 3931; x_wconf 85' lang='lat' dir='ltr'><strong>ambabus</strong></span> <span class='ocrx_word' id='word_1_358' title='bbox 613 3865 670 3929; x_wconf 87' lang='lat' dir='ltr'><strong>illis</strong></span> <span class='ocrx_word' id='word_1_359' title='bbox 687 3864 882 3948; x_wconf 81' lang='lat' dir='ltr'><strong>dictionibus,</strong></span> <span class='ocrx_word' id='word_1_360' title='bbox 906 3866 1067 3930; x_wconf 85' lang='lat' dir='ltr'><strong>creationis</strong></span> <span class='ocrx_word' id='word_1_361' title='bbox 1083 3885 1118 3929; x_wconf 87' lang='lat' dir='ltr'><strong>no</strong></span> <span class='ocrx_word' id='word_1_362' title='bbox 1136 3885 1227 3948; x_wconf 85' lang='lat' dir='ltr'><strong>gene·</strong></span> <span class='ocrx_word' id='word_1_363' title='bbox 1295 3902 1299 3912; x_wconf 80' lang='lat'><em>=</em></span> 
     </span>
     <span class='ocr_line' id='line_1_37' title="bbox 64 3967 1224 4054; baseline 0 -24"><span class='ocrx_word' id='word_1_364' title='bbox 64 3969 205 4047; x_wconf 85' lang='lat' dir='ltr'><strong>rationis,</strong></span> <span class='ocrx_word' id='word_1_365' title='bbox 238 3967 280 4032; x_wconf 89' lang='lat' dir='ltr'><strong>nti</strong></span> <span class='ocrx_word' id='word_1_366' title='bbox 301 3969 446 4054; x_wconf 85' lang='lat' dir='ltr'><strong>scriptura</strong></span> <span class='ocrx_word' id='word_1_367' title='bbox 466 3968 575 4046; x_wconf 84' lang='lat' dir='ltr'><strong>voluit,</strong></span> <span class='ocrx_word' id='word_1_368' title='bbox 609 3989 674 4032; x_wconf 88' lang='lat' dir='ltr'><strong>cnm</strong></span> <span class='ocrx_word' id='word_1_369' title='bbox 693 3973 808 4032; x_wconf 69' lang='lat' dir='ltr'><strong>Caecum</strong></span> <span class='ocrx_word' id='word_1_370' title='bbox 822 3969 943 4054; x_wconf 88' lang='lat' dir='ltr'><strong>perinde</strong></span> <span class='ocrx_word' id='word_1_371' title='bbox 959 3969 1034 4031; x_wconf 83' lang='lat' dir='ltr'><strong>dixit</strong></span> <span class='ocrx_word' id='word_1_372' title='bbox 1051 3989 1087 4031; x_wconf 92' lang='lat' dir='ltr'><strong>ac</strong></span> <span class='ocrx_word' id='word_1_373' title='bbox 1104 3972 1224 4046; x_wconf 69' lang='lat' dir='ltr'><strong>Geom&#39;tp</strong></span> 
     </span>
     <span class='ocr_line' id='line_1_38' title="bbox 63 4069 1231 4159; baseline 0 -27"><span class='ocrx_word' id='word_1_374' title='bbox 63 4091 119 4134; x_wconf 92' lang='lat' dir='ltr'><strong>non</strong></span> <span class='ocrx_word' id='word_1_375' title='bbox 133 4082 168 4135; x_wconf 90' lang='lat' dir='ltr'><strong>ut</strong></span> <span class='ocrx_word' id='word_1_376' title='bbox 182 4071 286 4134; x_wconf 85' lang='lat' dir='ltr'><strong>eadent</strong></span> <span class='ocrx_word' id='word_1_377' title='bbox 301 4071 336 4134; x_wconf 90' lang='lat' dir='ltr'><strong>de</strong></span> <span class='ocrx_word' id='word_1_378' title='bbox 351 4091 384 4135; x_wconf 91' lang='lat' dir='ltr'><strong>re</strong></span> <span class='ocrx_word' id='word_1_379' title='bbox 398 4071 485 4135; x_wconf 88' lang='lat' dir='ltr'><strong>simul</strong></span> <span class='ocrx_word' id='word_1_380' title='bbox 501 4069 649 4159; x_wconf 82' lang='lat' dir='ltr'><strong>ooptrania</strong></span> <span class='ocrx_word' id='word_1_381' title='bbox 665 4070 720 4134; x_wconf 88' lang='lat' dir='ltr'><strong>diei</strong></span> <span class='ocrx_word' id='word_1_382' title='bbox 735 4071 903 4150; x_wconf 87' lang='lat' dir='ltr'><strong>videantur,</strong></span> <span class='ocrx_word' id='word_1_383' title='bbox 928 4071 979 4133; x_wconf 91' lang='lat' dir='ltr'><strong>sed</strong></span> <span class='ocrx_word' id='word_1_384' title='bbox 996 4080 1026 4132; x_wconf 94' lang='lat' dir='ltr'><strong>ut</strong></span> <span class='ocrx_word' id='word_1_385' title='bbox 1039 4091 1092 4155; x_wconf 89' lang='lat' dir='ltr'><strong>per</strong></span> <span class='ocrx_word' id='word_1_386' title='bbox 1104 4074 1231 4134; x_wconf 81' lang='lat' dir='ltr'><strong>Creuadt</strong></span> 
     </span>
     <span class='ocr_line' id='line_1_39' title="bbox 64 4170 1227 4258; baseline 0.003 -26"><span class='ocrx_word' id='word_1_387' title='bbox 64 4171 237 4238; x_wconf 78' lang='lat' dir='ltr'><strong>vocabulum</strong></span> <span class='ocrx_word' id='word_1_388' title='bbox 255 4171 464 4238; x_wconf 83' lang='lat' dir='ltr'><strong>subsistentem</strong></span> <span class='ocrx_word' id='word_1_389' title='bbox 480 4193 515 4238; x_wconf 86' lang='lat' dir='ltr'><strong>ac</strong></span> <span class='ocrx_word' id='word_1_390' title='bbox 531 4170 664 4236; x_wconf 81' lang='lat' dir='ltr'><strong>stabilem</strong></span> <span class='ocrx_word' id='word_1_391' title='bbox 684 4173 800 4236; x_wconf 86' lang='lat' dir='ltr'><strong>unicum</strong></span> <span class='ocrx_word' id='word_1_392' title='bbox 820 4191 888 4235; x_wconf 86' lang='lat' dir='ltr'><strong>csse</strong></span> <span class='ocrx_word' id='word_1_393' title='bbox 910 4171 956 4235; x_wconf 90' lang='lat' dir='ltr'><strong>dei</strong></span> <span class='ocrx_word' id='word_1_394' title='bbox 976 4171 1082 4250; x_wconf 84' lang='lat' dir='ltr'><strong>lilium,</strong></span> <span class='ocrx_word' id='word_1_395' title='bbox 1117 4193 1170 4258; x_wconf 89' lang='lat' dir='ltr'><strong>per</strong></span> <span class='ocrx_word' id='word_1_396' title='bbox 1186 4171 1227 4236; x_wconf 91' lang='lat' dir='ltr'><strong>nl-</strong></span> 
     </span>
     <span class='ocr_line' id='line_1_40' title="bbox 64 4271 1228 4359; baseline 0.004 -25"><span class='ocrx_word' id='word_1_397' title='bbox 64 4283 156 4338; x_wconf 83' lang='lat' dir='ltr'><strong>ternu</strong></span> <span class='ocrx_word' id='word_1_398' title='bbox 179 4290 274 4354; x_wconf 80' lang='lat' dir='ltr'><strong>vero,</strong></span> <span class='ocrx_word' id='word_1_399' title='bbox 308 4277 425 4350; x_wconf 78' lang='lat' dir='ltr'><strong>Geam&#39;t,</strong></span> <span class='ocrx_word' id='word_1_400' title='bbox 457 4274 598 4340; x_wconf 83' lang='lat' dir='ltr'><strong>eximium</strong></span> <span class='ocrx_word' id='word_1_401' title='bbox 621 4294 658 4339; x_wconf 88' lang='lat' dir='ltr'><strong>ac</strong></span> <span class='ocrx_word' id='word_1_402' title='bbox 682 4273 830 4359; x_wconf 84' lang='lat' dir='ltr'><strong>peculiare</strong></span> <span class='ocrx_word' id='word_1_403' title='bbox 855 4271 988 4358; x_wconf 81' lang='lat' dir='ltr'><strong>quiddam</strong></span> <span class='ocrx_word' id='word_1_404' title='bbox 1015 4273 1124 4339; x_wconf 87' lang='lat' dir='ltr'><strong>babere</strong></span> <span class='ocrx_word' id='word_1_405' title='bbox 1146 4295 1228 4339; x_wconf 88' lang='lat' dir='ltr'><strong>mon·</strong></span> 
     </span>
    </p>
   </div>
   <div class='ocr_carea' id='block_1_3' title="bbox 65 4373 1334 4497">
    <p class='ocr_par' dir='ltr' id='par_1_4' title="bbox 65 4373 1334 4497">
     <span class='ocr_line' id='line_1_41' title="bbox 65 4373 1334 4497; baseline 0.001 -57"><span class='ocrx_word' id='word_1_406' title='bbox 65 4387 168 4441; x_wconf 76' lang='lat' dir='ltr'><strong>suaet.</strong></span> <span class='ocrx_word' id='word_1_407' title='bbox 221 4379 303 4460; x_wconf 65' lang='lat' dir='ltr'><strong>Ego,</strong></span> <span class='ocrx_word' id='word_1_408' title='bbox 332 4376 443 4461; x_wconf 91' lang='lat' dir='ltr'><strong>inquit,</strong></span> <span class='ocrx_word' id='word_1_409' title='bbox 472 4381 552 4440; x_wconf 74' lang='lat' dir='ltr'><strong>aeica·</strong></span> <span class='ocrx_word' id='word_1_410' title='bbox 570 4398 589 4439; x_wconf 83' lang='lat' dir='ltr'><strong>n</strong></span> <span class='ocrx_word' id='word_1_411' title='bbox 609 4387 694 4458; x_wconf 81' lang='lat' dir='ltr'><strong>putre</strong></span> <span class='ocrx_word' id='word_1_412' title='bbox 715 4387 745 4438; x_wconf 86' lang='lat' dir='ltr'><strong>et</strong></span> <span class='ocrx_word' id='word_1_413' title='bbox 765 4379 846 4439; x_wconf 84' lang='lat' dir='ltr'><strong>mdo.</strong></span> <span class='ocrx_word' id='word_1_414' title='bbox 902 4373 1085 4461; x_wconf 80' lang='lat' dir='ltr'><strong>Quamquam</strong></span> <span class='ocrx_word' id='word_1_415' title='bbox 1108 4378 1157 4441; x_wconf 81' lang='lat' dir='ltr'><strong>cel</strong></span> <span class='ocrx_word' id='word_1_416' title='bbox 1181 4399 1228 4442; x_wconf 86' lang='lat' dir='ltr'><strong>aa·</strong></span> <span class='ocrx_word' id='word_1_417' title='bbox 1254 4389 1334 4497; x_wconf 62' lang='lat' dir='ltr'><strong>ppppp</strong></span> 
     </span>
    </p>
   </div>
   <div class='ocr_carea' id='block_1_4' title="bbox 63 4509 1212 4664">
    <p class='ocr_par' dir='ltr' id='par_1_5' title="bbox 63 4509 1212 4664">
     <span class='ocr_line' id='line_1_42' title="bbox 63 4509 1212 4581; baseline 0.003 -18"><span class='ocrx_word' id='word_1_418' title='bbox 63 4515 195 4579; x_wconf 70' lang='lat' dir='ltr'><strong>inpetrans</strong></span> <span class='ocrx_word' id='word_1_419' title='bbox 217 4529 271 4564; x_wconf 85' lang='lat' dir='ltr'><strong>eum</strong></span> <span class='ocrx_word' id='word_1_420' title='bbox 291 4515 341 4581; x_wconf 79' lang='grc' dir='ltr'><strong>τῆς</strong></span> <span class='ocrx_word' id='word_1_421' title='bbox 366 4510 471 4580; x_wconf 56' lang='lat' dir='ltr'><strong>capion</strong></span> <span class='ocrx_word' id='word_1_422' title='bbox 499 4515 627 4565; x_wconf 78' lang='lat' dir='ltr'><strong>subiectum</strong></span> <span class='ocrx_word' id='word_1_423' title='bbox 643 4519 676 4564; x_wconf 77' lang='lat' dir='ltr'><strong>est</strong></span> <span class='ocrx_word' id='word_1_424' title='bbox 692 4509 843 4580; x_wconf 73' lang='grc' dir='ltr'><strong>μονογενής,</strong></span> <span class='ocrx_word' id='word_1_425' title='bbox 870 4515 899 4564; x_wconf 85' lang='lat' dir='ltr'><strong>dc</strong></span> <span class='ocrx_word' id='word_1_426' title='bbox 915 4516 1072 4566; x_wconf 77' lang='lat' dir='ltr'><strong>enuntiatione</strong></span> <span class='ocrx_word' id='word_1_427' title='bbox 1093 4520 1212 4580; x_wconf 70' lang='lat' dir='ltr'><strong>mommo.</strong></span> 
     </span>
     <span class='ocr_line' id='line_1_43' title="bbox 960 4600 1010 4664; baseline 0 -26"><span class='ocrx_word' id='word_1_428' title='bbox 960 4600 1010 4664; x_wconf 74' lang='lat' dir='ltr'><strong>qa</strong></span> 
     </span>
    </p>
   </div>
   <div class='ocr_carea' id='block_1_5' title="bbox 0 0 1540 5002">
    <p class='ocr_par' dir='ltr' id='par_1_6' title="bbox 0 0 1540 5002">
     <span class='ocr_line' id='line_1_44' title="bbox 0 0 1540 5002; baseline 0 1"><span class='ocrx_word' id='word_1_429' title='bbox 0 0 1540 5002; x_wconf 95' lang='lat' dir='ltr'><strong> </strong></span> 
     </span>
    </p>
   </div>
  </div>
 </body>
</html>
