3068 5008
224 271 500 326 subsannamur.
526 271 609 326 rou.
622 273 653 324 u.
677 273 1038 328 nxros.s1u.oaruou.
1148 263 1210 328 533

44 402 134 472 rent,
167 411 205 457 ne
224 402 350 456 aetatem
374 393 404 456 in
431 393 491 456 otio
512 393 671 477 degerent,
704 403 755 456 ant
778 392 875 458 oihnm
897 415 963 457 oum
980 395 1150 480 cuiusquam
1167 397 1214 460 in-

45 496 206 560 commodo
231 505 393 560 sumerent.
439 493 550 581 Magus
574 515 648 559 vero
672 515 711 560 en
726 505 820 580 'parte
838 495 869 558 iu
889 496 1079 561 decantandis
1094 498 1213 582 psalmis

43 619 83 661 ac
100 599 249 684 perpetuis
263 597 446 662 orationibus
463 609 493 661 et
510 617 660 662 sacrarum
676 597 841 662 litterarum
857 597 1033 663 lectionibus
1048 600 1213 686 iisdemque

42 699 221 764 memoriter
243 700 467 786 pronuntiandis
490 701 606 786 seipsos
629 710 784 764 exercent.

132 799 194 866 lam
213 823 286 867 voro
304 801 525 890 hospitalitatis,
550 802 751 882 humanitatis,
776 813 807 865 et
824 802 853 866 in
874 823 977 867 omnes
995 823 1139 890 pauperes
1159 805 1210 870 he·
1259 825 1319 898 cap.
1393 877 1399 885 ,

41 905 222 970 nclicentiac
241 908 352 971 tructus
371 906 424 970 toti
444 904 605 969 catholicae
630 915 661 968 et
679 903 858 990 apostolicae
882 905 1027 970 ecclesiae
1048 908 1212 974 communis
1237 895 1337 951 xxm·

42 1009 184 1074 omnibus
209 1019 254 1072 est
278 1009 418 1073 indictus.
470 1006 581 1072 Eadem
604 1027 678 1071 vero
706 1006 833 1070 ecclesia
863 1027 917 1093 pro
947 1007 1080 1073 obsoleta
1108 1010 1159 1073 illa
1181 1009 1212 1074 in

42 1109 171 1176 Christo
197 1111 422 1176 circumcisione
450 1109 624 1196 baptismum
649 1109 778 1195 accepit,
813 1131 849 1174 ac
874 1131 926 1195 pro
952 1110 1062 1195 exiguo
1087 1111 1212 1177 sabbato

43 1213 170 1278 maioris
193 1215 319 1298 quietem
344 1213 481 1277 admittit.
535 1211 583 1277 Ab
603 1213 732 1276 omnium
758 1212 920 1276 haereseon
947 1215 1153 1278 communione
1177 1235 1212 1280 se

43 1327 204 1400 segregat,
230 1315 472 1394 fornicationem,
496 1315 671 1388 adulterium
687 1337 722 1378 ac
741 1315 889 1378 libidinem
907 1315 1066 1400 proscribit
1080 1337 1208 1380 omnem.

44 1416 350 1498 ltemidololatriam,
382 1417 586 1499 homicidium,
619 1417 717 1481 scelus
736 1437 841 1496 omne,
872 1417 1134 1497 maleficasartes,
1160 1441 1211 1484 ve·
1276 1469 1278 1474 .

43 1520 170 1600 neuen,
200 1521 428 1599 astronomiam,
459 1520 603 1605 auguria,
640 1519 830 1596 sortitiones,
863 1517 1097 1601 incantationes,
1129 1542 1211 1586 smu-

41 1624 125 1703 leta,
149 1643 222 1708 qnae
239 1622 419 1708 phylacteria
434 1633 591 1686 vocantur.
637 1622 684 1686 Ad
703 1622 775 1686 haec
792 1621 918 1701 theatra,
942 1632 1095 1706 equestres
1112 1623 1208 1703 ludos,

41 1724 222 1790 venationes
257 1747 292 1791 ac
328 1726 439 1790 musica
473 1725 640 1810 spectacula
677 1725 806 1789 damnat.
861 1722 939 1787 Tum
976 1724 1210 1790 maledicentiam

42 1848 181 1909 omnem,
213 1827 441 1908 detractionem,
473 1848 599 1912 pugnam
620 1826 839 1911 atqnerixam,
873 1826 1099 1912 blasphemiam,
1134 1829 1211 1894 iniu-

41 1932 140 2010 riam,
171 1929 356 2015 cupiditatem
372 1940 403 1993 ct
422 1949 553 1993 usuram.
599 1926 812 2013 Negotiatores
837 1950 895 1992 nou
917 1930 1070 1994 admodum
1092 1932 1208 2016 probat,

41 2035 98 2097 sed
119 2034 149 2096 iu
166 2033 293 2096 omnium
317 2032 417 2096 iulimo
440 2031 506 2095 loco
527 2031 695 2105 constituit,
728 2029 893 2094 oblationes
915 2030 950 2094 ab
971 2031 1016 2095 his
1033 2033 1081 2117 qui
1102 2033 1209 2097 iniuria

41 2135 192 2200 nemiuem
220 2135 391 2214 affecerint,
422 2155 518 2219 neque
540 2133 638 2198 scelus
664 2133 779 2216 aliquod
805 2133 1020 2218 perpetrarint,
1054 2135 1108 2198 scd
1129 2134 1208 2199 iuste

41 2239 137 2302 vitam
154 2236 324 2316 instituant,
356 2237 492 2300 admittit.
538 2233 648 2300 Preces
666 2236 702 2300 ad
724 2236 808 2299 deum
828 2235 947 2301 assidue
967 2236 1109 2317 lundene,
1142 2257 1209 2301 eas-

41 2343 171 2424 demque
188 2337 442 2424 lrequeutissimas
459 2360 493 2402 ac
511 2338 646 2417 sedulas,
669 2336 795 2422 genibus
814 2337 931 2401 iuterim
953 2348 1118 2423 opportuno
1136 2349 1209 2402 teus·

41 2463 119 2530 pore
143 2442 246 2522 hexis,
279 2452 382 2505 noctes
407 2461 442 2504 ac
468 2441 530 2505 dies
558 2439 711 2526 praecipit.
763 2436 859 2503 Porro
884 2439 1057 2524 quibusdam
1081 2441 1111 2503 iu
1134 2441 1208 2506 locis

40 2545 125 2610 sacri
145 2554 309 2608 conventus
330 2555 361 2607 et
383 2564 513 2629 synaxes
539 2544 627 2606 etiam
653 2541 782 2606 sabbatis
806 2542 985 2606 indicuntur.
1040 2540 1114 2606 lllud
1134 2564 1209 2608 vero

41 2668 107 2711 non
125 2647 162 2709 ab
180 2646 334 2724 omnibus,
358 2647 409 2710 sed
430 2667 447 2708 a
465 2643 728 2731 praestantioribus
746 2644 939 2725 observatur,
969 2655 1001 2708 ut
1018 2666 1056 2708 uc
1075 2644 1211 2710 delerent

42 2749 187 2827 omnino,
217 2769 313 2833 neque
339 2748 503 2812 convicium
526 2747 660 2832 cuiquam
687 2747 814 2827 laniaret,
846 2757 898 2810 aut
915 2748 1131 2832 imprecantur,
1156 2769 1209 2830 pro

41 2873 83 2915 eo
102 2873 139 2914 ao
161 2851 293 2914 salvator
312 2850 416 2928 iussit,
448 2850 580 2934 adeoque
605 2850 698 2934 quoad
725 2850 753 2913 in
773 2850 844 2935 ipsis
865 2851 953 2914 situm
972 2862 1036 2929 est,
1060 2872 1208 2936 nunquam

41 2955 168 3020 omniuo
181 2953 372 3017 mentiantur.
417 2949 556 3037 Plerique
573 2972 646 3016 vero
663 2951 739 3016 bona
756 2973 810 3016 sua
827 2953 977 3031 venduut,
1001 2963 1032 3016 et
1049 2954 1080 3016 iu
1099 2975 1209 3040 paupe·

41 3079 97 3122 res
121 3055 310 3120 distribuunt.

133 3155 242 3222 Forma
266 3157 382 3242 quidem
405 3177 441 3220 ac
463 3167 532 3220 uota
550 3157 693 3221 ecclesiae
712 3156 873 3220 catholicae
891 3166 938 3221 cst
955 3155 1117 3238 eiusmodi,
1141 3179 1207 3224 cnm
1259 3191 1320 3260 ow,

41 3285 80 3328 ea
101 3261 167 3325 hdei
194 3261 317 3326 lormula
335 3281 419 3344 quam
442 3279 531 3344 supra
555 3259 771 3344 proposuimus.
817 3257 880 3322 Eae
899 3281 987 3345 porro
1004 3260 1085 3343 leges
1104 3283 1139 3326 sc
1157 3262 1208 3326 de·
1236 3261 1336 3314 ΧΧΝ·

42 3357 183 3430 creta'in
209 3385 244 3428 ea
269 3362 466 3427 celebrantur.
513 3359 596 3426 llaec
622 3371 686 3440 est,
718 3361 854 3444 inquam,
885 3361 1029 3426 ecelesias
1052 3364 1145 3427 lorma
1167 3385 1208 3429 cx

42 3469 131 3551 lege,
163 3465 332 3552 prophetis,
362 3464 505 3549 apostolis
526 3475 557 3528 et
581 3462 772 3548 evangelistis
795 3463 939 3544 oonllata,
972 3487 1046 3550 quae
1067 3466 1208 3552 exquisiti

41 3568 198 3634 cuiusdam
215 3567 336 3632 antidoti
355 3567 525 3647 instarent,
560 3587 601 3631 ex
618 3565 717 3629 multis
735 3565 893 3651 unguentis
909 3566 945 3630 ad
963 3587 1065 3633 eorum
1082 3569 1208 3634 salntem

42 3672 96 3757 qui
114 3669 155 3733 uti
173 3670 319 3736 voluerint
335 3670 476 3746 coniecti,
501 3670 537 3732 de
553 3659 704 3732 voluntate
721 3667 824 3754 putris,
849 3669 898 3732 lilii
913 3691 948 3733 ac
963 3671 1083 3756 spiritus
1098 3671 1205 3736 sancti.

42 3775 132 3839 llaec
157 3784 203 3837 est
224 3773 412 3837 venerandae
432 3769 544 3836 Christi
570 3791 696 3857 sponsae
717 3781 786 3834 stota
805 3771 960 3857 peculiaris
980 3795 1016 3837 ac
1035 3773 1205 3860 descriptio.

42 3877 133 3942 Haec
160 3874 237 3938 illios
261 3875 315 3939 dos
341 3887 371 3938 et
390 3875 560 3939 hereditatis
581 3884 799 3938 testamentum.
845 3872 929 3938 llaec
952 3875 1090 3940 coelestis
1115 3875 1207 3960 ipsius

42 3979 151 4066 sponsi
167 3975 236 4041 lesu
250 3974 363 4042 Christi
379 3978 486 4041 domini
500 3977 647 4042 voluntas.
693 3972 754 4040 Per
766 3997 851 4060 quem
866 3988 896 4039 et
911 3999 1035 4060 quocum
1051 3978 1125 4063 patri
1142 3978 1206 4063 glo·

42 4085 109 4162 ria,
142 4082 284 4145 honoret
302 4080 454 4166 imperium
481 4101 547 4143 cum
569 4089 673 4143 sancto
697 4079 800 4165 spiritu
819 4078 849 4142 in
870 4080 988 4143 saecula
1005 4081 1204 4162 saeculorum,

43 4189 159 4251 Amen.

135 4283 249 4352 Omnes
265 4287 313 4371 qui
328 4286 374 4350 hic
392 4297 460 4349 sunt
476 4287 582 4350 tratres
597 4283 750 4371 plurimum
765 4304 820 4348 vos
834 4283 982 4362 salutant,
1005 4285 1058 4349 sed
1073 4285 1207 4373 inprimis

43 4390 223 4472 Anatolius,
253 4390 302 4475 qni
321 4390 373 4454 has
391 4399 491 4453 contra
512 4389 660 4474 octogiuta
680 4387 818 4452 haereses
835 4386 1049 4474 disputationes
1070 4399 1206 4454 notarum
