3082 5006
125 2727 192 2798 Κεφ.
205 2727 231 2784 τ’.

255 246 295 312 26
679 257 801 312 emen
818 258 991 312 υνινΗιαιε

253 371 440 452 λπισκύπων,
469 381 691 460 καθαιρεθῆναι
713 375 766 456 μλν
783 373 918 459 Ἀρειον,
946 370 980 440 τδ
1004 374 1037 440 δέ
1059 370 1199 455 καθαρόν
1216 379 1270 456 τῆς
1285 377 1419 452 πέστεως
1536 429 1537 464 3

227 516 229 522 ·
255 483 443 560 κηρυχθῆναι
461 483 545 556 πᾶσι,
568 479 620 542 καλ
635 473 668 542 τδ
683 479 750 563 περὶ
768 485 822 542 τοῦ
844 476 950 559 Πάσχα
964 479 1008 552 ,εἰς
1023 477 1129 542 ἕνωσιν
1146 472 1232 557 ήμσῖν
1244 473 1297 540 ύπ’
1314 475 1421 544 αύτιῖν
1536 477 1537 498 ’

254 582 476 663 διορθωδῆναι.
512 576 660 645 Ἕκπαλαι
676 575 732 664 γύρ
749 581 799 644 καλ
816 576 875 646 ύπδ
890 586 950 646 τοῖν
963 576 1070 662 προλην
1087 576 1201 662 χρόνων
1216 579 1316 660 διέστη
1332 580 1365 644 έν
1379 585 1422 668 τῇ

255 680 391 768 έκκλησλμ
405 679 560 766 διαφόρως
576 679 737 765 ἀγόμενον,
766 679 870 764 χλεύην
885 682 1033 763 ἐμποιοῦν
1051 681 1239 749 καδέκαστον
1258 681 1334 758 έτος,
1356 686 1421 746 τῶν

254 781 307 866 μέν
319 778 378 864 πρδ
393 781 562 866 ἑβδομάδος
575 779 743 850 ποιούντων
756 784 809 848 καλ
824 780 1074 862 φιλονεικούντων
1089 779 1167 867 πρδς
1181 779 1334 863 ἀλλήλους,
1357 788 1422 848 τοῖν

255 884 289 949 δέ
304 881 376 965 μετύ
392 883 558 967 έβδομόδα,
580 885 631 950 καλ
650 890 708 950 τοῖν
723 885 776 965 μέν
791 883 1074 969 προλαμβανόντων,
1095 891 1158 950 ταῖν
1169 885 1203 950 δέ
1217 882 1419 964 μεσαζόντων,

255 982 349 1052 ἄλλων
371 986 403 1050 δέ
425 987 578 1068 μετέπειτα
601 984 822 1052 ἐπιτελούντων.
867 987 927 1050 Καὶ
950 977 989 1068 ῆν
1004 981 1107 1062 ύπλοῖς
1127 983 1239 1071 φόροις
1256 983 1349 1068 πολλή
1366 988 1421 1050 καλ

253 1085 401 1168 κύματος,
431 1084 472 1164 τός
489 1094 608 1163 πολλοῖς
622 1084 792 1172 φιλολόγοις
812 1083 868 1154 ούκ
883 1083 1035 1172 ύγνωστον
1052 1089 1084 1152 έν
1102 1087 1210 1162 πόσοις
1225 1095 1345 1170 καιροῖς
1360 1086 1419 1154 θύ-

255 1191 349 1273 ρυβος
373 1191 496 1255 έκενιῖτο
518 1189 550 1254 έν
573 1195 616 1278 τῷ
635 1191 863 1277 έκκλησιαστικῷ
886 1186 1053 1273 κηρύγματι
1078 1191 1145 1275 περὶ
1167 1195 1221 1254 τού
1237 1195 1294 1270 τῆς
1309 1189 1416 1273 ἑορτῆς

255 1289 364 1372 ταύτης
383 1288 563 1372 ζητήματος,
592 1293 624 1355 έν
650 1315 680 1356 τε
702 1289 822 1374 χρόνοις
839 1289 1043 1374 Πολυκόρπου
1060 1291 1111 1356 καλ
1132 1295 1301 1374 Βίκτωρος,
1331 1287 1374 1367 σός
1395 1287 1419 1374 ἦ

255 1389 385 1475 ύνατολή
402 1391 479 1476 πρδς
499 1389 554 1474 τήν
576 1391 661 1457 δύσιν
677 1393 876 1476 διαφερομένη
899 1388 1034 1476 εἰρηνική
1053 1389 1122 1476 παρ’
1137 1392 1267 1474 ύλλήλων
1281 1390 1340 1460 σόει
1355 1395 1419 1458 έδέ-

254 1521 348 1577 χοντο.
391 1490 441 1558 Ἐν
455 1491 553 1570 ἄλλοις
566 1494 598 1559 δὲ
613 1492 695 1570 όσοις
710 1501 843 1578 καιροῖς,
868 1497 900 1560 έν
914 1519 945 1560 τι
960 1494 1077 1578 χρόνοις
1091 1493 1283 1577 Ἀλεξόνδροο
1298 1495 1419 1562 ἐπισκό-

256 1621 317 1662 που
344 1592 582 1680 οἈλεξανδρελας
598 1597 650 1660 καλ
671 1599 881 1678 Κρισκεντῖου,
911 1593 954 1673 οἷς
974 1595 1051 1678 πρδς
1069 1593 1213 1678 α’λλήλους
1231 1594 1420 1679 εύρλσκονται

255 1699 376 1774 ἕκαστος
398 1696 498 1764 αύτοῖν
522 1696 688 1782 γρόφοντες
712 1698 762 1762 καλ
784 1697 1013 1781 διαμαχόμενοι,
1043 1701 1100 1774 έως
1114 1706 1172 1763 τοῖν
1186 1695 1338 1782 ἡμετέρων
1351 1696 1418 1784 χρό-

254 1824 335 1877 νων,
365 1798 468 1876 έξότου
490 1798 639 1884 έταρόχδη
656 1796 728 1881 μετύ
748 1797 800 1864 τόν
816 1798 922 1881 χρόνον
938 1808 999 1866 τοῖν
1015 1798 1218 1928 έμπεριτόμων
1234 1799 1418 1880 ἐπισκόπων,

4 1969 20 1994 ,Ι
135 1936 187 2017 ρις.
199 1924 244 1969 m.
258 1897 353 1976 οὕτως
371 1903 499 1984 ἐφέρετο.
543 1899 601 1966 Δεδ
618 1898 811 1976 συνελθόντες
828 1926 858 1966 οι
850 1901 1060 1986 πανταχόθεν
1077 1901 1142 1968 τότε
1158 1903 1211 1968 καλ
1232 1900 1418 1988 δκριβολσαν-

254 2025 301 2077 τες
316 2000 427 2084 ύύρισαν
442 2000 510 2084 μεθ’
526 2000 667 2086 ὁμονοίας
683 2007 817 2088 γίνεσθαι
834 2000 910 2068 κατύ
925 2031 958 2070 το
951 2003 1140 2090 ι’πρέπον
1104 2029 1157 2087 της
1172 2003 1282 2088 ψήφου
1296 2007 1402 2070 καλ
1364 2029 1418 2088 της

257 2103 452 2182 ἀκολουθίας.

342 2721 400 2794 Εἰς
415 2726 502 2786 τοῦτο
525 2720 558 2786 δλ
580 2722 612 2786 ολ
626 2718 711 2787 αύτολ
730 2717 880 2786 Αύδιανολ
897 2722 1104 2803 παραφέρουσι
1125 2717 1180 2802 τήν
1200 2725 1259 2784 ταῖν
1275 2714 1418 2784 ’Amo'-

254 2819 485 2899 λωνΔιύταξιν,
515 2814 609 2887 οὖσαν
631 2823 684 2904 μέν
705 2832 767 2898 τοῖς
788 2829 907 2897 πολλοῖς
925 2825 957 2888 έν
979 2822 1167 2911 όμφιλέκτφ,
1197 2819 1256 2886 ἄλλ’
1273 2820 1331 2886 σύιι
1347 2817 1420 2886 ύδό-

256 2947 358 3006 τιμον·
380 2931 461 2988 πᾶσα
476 2921 534 3008 γδρ
549 2927 580 2990 έν
598 2922 674 3012 ου’τῆ
694 2922 837 3006 κανονικῆ
851 2923 933 3000 τόξις
951 2926 1123 3009 έμφέρεται,
1144 2925 1196 2988 καλ
1213 2921 1303 2990 οόδέν
1322 2947 1418 3006 παρα-

253 3027 470 3110 κεχαραγμένσν
490 3032 543 3107 τῆς
559 3031 699 3107 πίστεως,
728 3025 820 3090 Ιούδέ
838 3031 890 3107 τῆς
909 3023 1081 3111 ύμολογίας,
1112 3023 1182 3091 ούδέ
1198 3032 1251 3107 τῆς
1266 3027 1420 3104 ἐκκλησια-

254 3133 358 3206 στικῆς
380 3125 555 3210 διοικήσεως
577 3129 629 3192 καλ
648 3127 777 3202 κανόνος
802 3128 854 3192 καὶ
872 3131 1006 3202 πίστεως.
1055 3127 1094 3192 To*
1118 3127 1150 3192 δέ
1169 3125 1274 3208 ῥητόν,
1306 3122 1360 3206 ἅμ’
1380 3115 1421 3190 ού

256 3225 455 3309 λαμβάνοντες
471 3231 538 3310 περὶ
554 3234 609 3296 τοῦ
629 3227 734 3312 Πάσχα
749 3234 849 3303 κακοῖς
865 3227 1137 3312 παρερμηυεύουσιν
1153 3232 1185 3294 ολ
1199 3228 1419 3309 προειρημένοι,

256 3329 306 3392 καὶ
323 3325 498 3412 ύγνσσύνεες
511 3334 616 3417 ἑτέρως
633 3328 910 3414 ύπολαμβόνουστν·
934 3327 1064 3409 δρλζουσι
1081 3329 1136 3416 γύρ
1156 3331 1188 3396 έν
1201 3337 1237 3419 τῆ
1252 3329 1330 3418 αὐτῆ
1347 3337 1421 3394 Δια-

174 3509 176 3516 Ι
256 3429 335 3508 τόξει
356 3434 388 3496 οῖ
416 3431 577 3499 ύπόστολοι
599 3433 660 3512 δτι,
691 3433 788 3514 Ὑμεῖς
810 3429 851 3513 μή
873 3436 1039 3514 ψηφίζητε,
1068 3430 1141 3497 ἆλλύ
1161 3441 1272 3498 ποιεῖτε
1294 3429 1368 3496 ὅταν
1390 3433 1426 3496 οδ

174 3526 177 3534 ’
257 3529 381 3611 ύδελφολ
398 3530 482 3614 ύμοῖν
499 3537 531 3598 οἱ
551 3537 583 3600 έκ
605 3542 781 3619 περιτομῆς,
804 3529 863 3614 μετ’
885 3529 984 3597 αύτοῖν
1005 3530 1067 3614 ἅμα
1091 3539 1232 3599 ’πονεῖτε
1278 3534 1339 3596 Καὶ
1361 3530 1422 3598 ούπ

256 3633 360 3713 ελπαν,
374 3634 470 3700 Ὅταν
492 3639 524 3700 ολ
542 3632 667 3716 α’δελφολ
687 3635 772 3720 ύμοῖν
787 3639 820 3701 ολ
837 3637 870 3701 έν
888 3641 1045 3724 περιτομῇ,
1067 3632 1139 3700 ολλλδ
1154 3639 1186 3700 ολ
1200 3638 1233 3701 έκ
1249 3639 1421 3719 περιτομῆς,

257 3741 307 3805 ἵνα
328 3741 444 3815 δεδξωσι
464 3737 535 3814 τούς
564 3735 650 3805 8ύττό
671 3747 727 3820 τῆς
741 3743 905 3820 περιτομῆς
921 3738 963 3812 εἰς
978 3734 1032 3818 τήν
1046 3739 1202 3818 ἐκκλησίαν
1216 3734 1414 3817 μετελθόντας

257 3839 405 3924 ύρχηγούς
421 3836 495 3906 εἶναι
507 3839 569 3922 μετ’
587 3842 702 3906 ἐκεῖνον
718 3838 771 3904 τδν
786 3837 908 3922 χρόνον,
939 3837 990 3904 καλ
1007 3841 1049 3913 εῖς
1062 3837 1095 3904 τδ
1116 3843 1338 3920 συμπελδεσθαι
1359 3845 1424 3913 τοῖς

257 3938 370 4020 όλλσις,
392 3943 435 4017 ελς
448 3939 481 4007 τό
499 3939 541 4024 μή
561 3940 648 4007 όλλον
663 3949 762 4006 ποιεῖν
785 3937 905 4015 4όὶλλεος
921 3941 973 4004 καλ
992 3935 1080 4006 ύλλον
1096 3937 1204 4006 όλλοτε.
1254 3945 1350 4006 Τοῦτο
1362 3937 1422 4021 γὰρ

258 4040 291 4108 τύ
313 4051 376 4108 πᾶν
396 4043 565 4130 συνήγαγον
592 4041 761 4129 φρόντισμα
782 4041 833 4108 διδ
860 4039 915 4124 τήν
944 4043 1049 4107 ένωσιν
1070 4038 1125 4124 τῆν
1146 4045 1233 4123 μέσον,
1261 4043 1313 4108 ἳνα
1334 4036 1378 4124 μή
1402 4031 1422 4130 ῆ

292 4277 516 4348 λλεξανδρειας
528 4287 651 4335 nonhabet
667 4283 819 4344 σοδλδεδλρ.
889 4279 913 4332 2.
933 4283 968 4342 G.
987 4283 1064 4330 Grabe
1078 4282 1217 4345 Βηλοιλερλ
1234 4295 1290 4343 μσς.
1301 4275 1389 4343 δδιηη

293 4349 447 4398 διε..-Χ
487 4353 507 4401 1.
528 4355 600 4402 Verba
618 4346 677 4404 ουδὲ
694 4351 743 4415 τῆς
760 4345 821 4414 όμσ·
890 4349 913 4401 3.
932 4283 965 4400 δύ
978 4349 1118 4432 περιτομῆς
1134 4353 1185 4400 οοδ.
1206 4350 1302 4410 Βλεδῖρ.

256 4417 342 4481 λογίας
357 4419 493 4470 exciderunt
514 4423 545 4470 σο
565 4422 618 4472 εδει.
639 4421 720 4472 Ρασυ.
740 4419 820 4468 Coton.
889 4409 1013 4474 λ.ἄλλως
1027 4420 1165 4479 scripum
1180 4409 1279 4498 ἄλλους,
1293 4416 1424 4477 quodum·

254 4490 325 4548 ττμτλ
856 4487 946 4538 nauem
981 4486 1092 4536 Ρτλουῖαι
1106 4487 1205 4564 putabat
1222 4452 1320 4536 ἅλλδτα
