3068 5008
295 193 357 256 552
720 201 1034 254 εειιοτιεειεειιαιι

297 316 416 402 7ὓμετόι
437 317 471 385 τό
496 319 742 406 εάαγγελισθῆναι
757 316 887 405 Μαριόμ
910 321 942 384 έν
966 318 1116 403 Ναζαρέτ,
1145 319 1195 382 καλ
1214 325 1465 400 ησυνειλῆφθαι

223 475 225 482 .
295 421 348 489 τόν
364 421 454 509 λόγον
471 420 524 488 τόν
545 421 616 489 ὄντα
633 419 685 488 ἀπ’
704 421 837 507 ούρανοῦ
861 423 894 487 έκ
915 419 1036 487 κόλπων
1058 417 1220 510 πατρῷων,
1252 423 1467 507 γεγενημένα

297 524 431 612 ἀχρόνως
455 527 506 590 καί
525 523 678 610 ἀνόρχως,
710 523 836 590 ἐλθόντα
851 524 882 590 δέ
898 521 943 590 ἐπ’
959 521 1088 608 έσχότων
1111 530 1169 589 τών
1186 520 1311 607 ἡμερῶν
1327 523 1410 588 θεόν
1424 521 1466 586 λα’-

296 655 350 715 γον
366 626 438 694 ὄντα
455 630 488 694 έκ
505 635 583 693 θεοῦ
598 625 710 713 πατρός
726 624 879 708 ἀληθινοῦς
893 627 1120 713 γεγεννημένον,
1151 622 1322 708 δμοούσιον
1341 623 1466 712 ὄντατῷ

296 731 404 817 πατρί,
433 732 484 796 καί
511 729 601 795 οῦδὲν
624 726 707 814 παρά
732 727 785 793 τόν
802 731 916 815 πατέρα
940 726 1200 812 Πἠλλοιωμένον,
1230 724 1295 795 ἀλλ’
1322 725 1466 813 ῦτρεπτιτ

297 831 368 899 όντιι
388 835 438 899 καί
456 830 666 910 ἀναλλοίωτον,
697 829 804 916 ἀπαθῆ
818 855 850 895 τε
867 830 958 912 ὅλως,
988 829 1198 914 συμπόσχοντα
1219 832 1254 896 δὲ
1270 838 1315 920 τῷ
1335 829 1465 916 ἡμετέρᾳ

295 937 387 1022 γένει,
409 935 461 1000 καί
479 932 607 1000 έλθύντα
626 932 677 998 ἀπ’
693 931 841 1018 ούρανοῦ,
873 935 1117 1018 έγκυμονηθέντα
1142 932 1198 1000 οῦκ
1217 931 1280 999 ἀπό
1297 934 1467 1016 σπέρματος

297 1033 426 1123 ἀνδρός,
460 1033 521 1103 ἀλλ’
545 1034 605 1102 ἀπό
632 1033 802 1118 πνεύματος
825 1033 914 1121 ἀγίου
940 1034 1105 1118 ἀληθινοῖς,
1138 1043 1223 1119 σῶμα
1248 1033 1316 1101 ἀπό
1344 1039 1466 1118 Μαρίας

298 1138 457 1224 ἐσχηκότα,
489 1137 699 1205 ἀνακλάσαντα
723 1141 819 1228 έαυτῷ
836 1137 890 1220 τὴν
905 1135 1003 1223 σόριτα
1018 1136 1078 1205 ἀπό
1094 1146 1148 1222 τῆς
1167 1137 1282 1222 μήτρας
1297 1144 1357 1220 τῆς
1375 1134 1466 1223 ἇγίας,

297 1241 401 1326 ψυχὴν
417 1239 471 1325 τήν
487 1240 684 1327 ἀνθρωπίνην
706 1241 865 1324 εἰληφότα,
897 1243 948 1305 καί
964 1249 1053 1322 νοῦν,
1084 1244 1135 1306 καί
1150 1248 1213 1307 πᾶν
1228 1244 1298 1305 είτι
1317 1243 1406 1306 ἔστιν
1421 1236 1465 1304 ‹fe-

298 1355 427 1434 θρωπος
446 1347 489 1421 είς
507 1343 613 1410 ἑαυτόν
628 1352 663 1434 τῇ
688 1346 795 1410 έαυτοῦ
816 1341 938 1426 θεότητι
953 1341 1175 1424 συνενώσαντα,
1205 1346 1428 1428 γεγεννημένον
1442 1367 1465 1406 τε

298 1450 332 1515 έν
346 1449 500 1530 Βηθλεὲμ,
522 1448 758 1532 περιτμηθέντα,
778 1449 1008 1532 προςενεχθίντα
1026 1451 1059 1514 έν
1076 1444 1306 1532 Ἱεροσολύμοις,
1344 1450 1465 1530 &nepe

298 1552 439 1617 λισθέντα
462 1547 522 1615 ῦπό
546 1548 689 1632 Συμεών,
719 1547 1004 1636 όνθομολογηθέντα
1027 1547 1087 1616 ύπό
1105 1547 1219 1632 ’Ἇννης
1238 1556 1294 1630 τῆς
1320 1557 1384 1614 τοῦ
1410 1555 1465 1612 Φι·

299 1651 393 1737 νσυήλ
408 1651 612 1738 προφήτιδας,
643 1653 844 1734 7δληφθέντα
866 1655 908 1728 είς
935 1653 1084 1738 Ναζαρέτ,
1116 1651 1243 1719 ἐλθόντα
1260 1658 1304 1740 τῷ
1324 1654 1402 1735 ἑξῆς
1415 1654 1465 1716 ἔτι

301 1762 381 1844 αυτῷ
396 1753 535 1838 όφθῆναι
550 1753 679 1821 ένώπιον
694 1759 817 1839 κυρίου,
838 1753 996 1841 γενόμενόν
1011 1779 1041 1820 τε
1057 1757 1089 1821 ἒν
1106 1755 1241 1838 Βηθλεὲμ
1256 1753 1308 1819 διό
1324 1752 1388 1837 τὴν
1404 1777 1465 1836 τη·

300 1859 434 1946 γένειαν,
463 1854 524 1923 ύπδ
548 1865 601 1940 τῆς
630 1855 739 1943 μητρός
762 1856 993 1940 βασταζόμενον,
1028 1849 1121 1934 αὖθις
1145 1856 1235 1922 πόλιν
1257 1857 1302 1932 είς
1331 1859 1467 1940 Ναζαρέτ

301 1958 491 2045 ἀπαρθέντα,
521 1961 570 2024 καί
595 1958 670 2024 κατά
686 1961 826 2045 δευτέραν
841 1963 984 2045 περίοδον
1002 1963 1146 2026 ένιαυτών
1162 1963 1204 2036 είς
1221 1956 1257 2022 τό
1273 1956 1466 2044 Ἱεροσόλυμα

300 2061 482 2147 ἐληλυθότα,
505 2061 719 2145 βασταζόμενον
734 2059 795 2128 ύπό
809 2069 864 2146 τῆς
880 2065 958 2139 ίδίας
973 2060 1100 2149 μητρός·
1131 2063 1164 2128 έν
1179 2063 1316 2144 Βηθλεὲμ
1337 2065 1376 2128 ἐν
1391 2066 1465 2148 οίιίμ

300 2165 483 2232 κατελθόντα
499 2161 555 2229 σύν
571 2173 607 2254 τῇ
624 2167 685 2253 ίδίρι
704 2167 793 2250 μητρί
807 2167 859 2230 καί
873 2162 1000 2249 Ἰωσὴφ,
1030 2167 1146 2252 γέροντι
1162 2163 1242 2240 ἀντι,
1263 2163 1321 2229 σῦν
1340 2173 1384 2254 τῇ
1403 2171 1465 2230 Μα-

302 2267 372 2355 ριόμ
389 2268 421 2333 δὲ
436 2265 513 2346 ἀντι,
536 2263 654 2332 κάκεῖσε
668 2274 711 2355 τῷ
728 2269 855 2358 δευτέρῳ
871 2269 928 2334 έτει
943 2275 997 2351 τῆς
1014 2268 1109 2334 αῦτοῦ
1123 2265 1285 2353 γεννήσεως
1301 2293 1462 2332 κατοπτευ-

300 2372 411 2450 θέντα,
441 2373 524 2455 δοῦρα
542 2371 686 2452 λαβόντα,
718 2371 768 2434 καλ
785 2371 816 2434 έν
834 2369 911 2460 αύτῷ
931 2375 1012 2460 Πτῇ
1027 2372 1111 2436 νυκτί
1126 2368 1187 2437 ύπό
1207 2370 1332 2456 ἀγγέλου
1350 2379 1399 2460 τῷ
1412 2369 1462 2434 ’ία-

302 2472 365 2556 σὴφ
381 2476 612 2558 χρηματίσαντος
627 2474 669 2547 είς
682 2475 838 2558 Αἴγυπτον
855 2480 891 2520 ⁸⁰
901 2475 1153 2557 παραληφθέντα,
1175 2475 1224 2538 καλ
1240 2471 1462 2554 κατεληλυθότα

303 2578 420 2641 έκεῑθεν
440 2573 545 2654 πόλιν,
568 2572 618 2639 διά
636 2572 692 2639 δύο
712 2577 786 2640 {rev
812 2572 1032 2658 ἀνεληλυθότα,
1060 2575 1283 2660 τελευτήσαντος
1300 2583 1359 2642 τοῦ
1376 2573 1461 2658 Ἡρύ

302 2682 375 2758 δον,
396 2675 553 2764 Ἀρχελάου
576 2677 609 2741 δέ
630 2678 851 2760 διαδεξαμένου.

392 2785 441 2869 Τῷ
464 2777 521 2866 γάρ
547 2785 709 2867 τριακοστῷ
732 2783 820 2867 τρίτην
843 2775 995 2864 Ἡρώδου,
1026 2787 1249 2869 τεσσαρακοστῷ
1275 2782 1311 2846 δὲ
1336 2782 1461 2866 δευτέρᾳ

302 2879 480 2968 Αῦγούστου
497 2888 551 2947 τοῦ
564 2883 716 2964 βασιλέως,
738 2888 876 2968 γεννᾶται
891 2877 910 2946 δ
925 2880 1022 2969 σωτὴρ
1038 2885 1071 2948 έν
1086 2884 1223 2966 Βηθλεὲμ
1237 2889 1291 2965 τῆς
1304 2882 1460 2957 Ἰουδαίας

181 3032 232 3078 με,
245 3019 292 3067 m
308 2983 430 3050 Κότεισι
449 2984 482 3048 δέ
498 2986 540 3059 είς
561 2987 718 3069 Αἴγυπτον
743 2991 785 3072 τῷ
811 2990 976 3073 τριακοστῷ
1000 2986 1125 3073 πέμπτῳ
1141 2983 1292 3076 Ἡρώδου,
1326 2983 1461 3051 ἀνεισιδδ

303 3085 356 3155 ἀπ’
377 3085 536 3172 Αἰγύπτου
564 3085 636 3169 μετά
662 3084 717 3169 τήν
741 3083 877 3170 Ἡρώδου
903 3085 1045 3170 τελευτήν.
1090 3086 1138 3152 Δι’
1162 3080 1204 3153 οἷν
1230 3089 1280 3152 έπί
1307 3087 1460 3170 vothem

303 3186 376 3255 έπτά
400 3191 474 3255 ἔτεσι
498 3197 551 3272 τῆς
576 3189 670 3272 αὐτῆς
693 3196 746 3254 τοῦ
763 3185 899 3274 Ἡρώδου
920 3188 1014 3274 ἀρχῆς
1029 3183 1067 3274 ἦν
1085 3188 1101 3256 ό
1120 3199 1191 3266 παῖς
1208 3187 1361 3274 τεσσάρων
1386 3195 1460 3265 kair,

302 3291 351 3358 ὅτε
373 3289 508 3377 Ἡρώδης
534 3291 707 3377 τριακοστόν
731 3293 861 3373 έβδομον
882 3291 1041 3376 πληρώσας
1067 3294 1292 3379 81κατέστρεφε
1317 3292 1372 3359 τόν
1395 3299 1460 3376 βίον,

297 3396 457 3479 Ἀρχέλαος
471 3395 503 3458 δέ
520 3396 603 3460 ἐννέα
626 3397 676 3475 έτη
692 3393 855 3476 βασιλεύει,
889 3390 976 3470 Βὀῦς
994 3392 1079 3472 ἐξιών
1099 3392 1209 3478 Ἰωσὴφ
1225 3393 1289 3476 ἅμα
1303 3403 1344 3485 τῇ
1362 3401 1459 3479 Μαρίᾳ

302 3498 354 3563 καὶ
369 3502 412 3585 τῷ
427 3500 553 3585 παιδίῳ,
577 3493 709 3572 ἀκούσας
726 3494 777 3562 τόν
794 3493 948 3582 Ἀρχέλαον
966 3496 1146 3580 βασιλεύειν,
1169 3494 1359 3582 ἀνεχώρησεν
1377 3494 1458 3574 είςτδ

304 3601 379 3686 μέρη
399 3607 434 3647 ⁸³
444 3602 610 3679 Γαλιλαίας,
633 3601 684 3688 καί
699 3599 869 3688 κατῷκησεν
883 3603 926 3676 εἰς
942 3607 978 3646 ⁸⁴
989 3603 1131 3685 Ναζαρέτ.
1157 3599 1317 3684 Ἀρχέλαος
1334 3602 1369 3665 δέ
1382 3603 1458 3686 γεννᾷ

302 3701 355 3767 τόν
369 3698 505 3786 Ἡρώδην
520 3698 572 3766 τόν
586 3701 743 3787 νεώτερον,
772 3705 823 3767 καί
840 3700 982 3785 βασιλεύει
998 3700 1132 3788 Ἡρώδης
1145 3708 1187 3789 τῷ
1208 3700 1324 3791 έννότφ
1342 3705 1399 3768 ἔτει
1415 3709 1459 3782 τῆς

304 3811 357 3870 τοῦ
374 3803 486 3891 πατρός
500 3808 649 3886 βασιλείας
660 3802 820 3888 Ἀρχελάου
834 3802 911 3868 κατά
926 3804 1077 3888 διαδοχήν.
1110 3806 1170 3868 Καί
1185 3805 1288 3890 γέγονε
1298 3807 1459 3892 λογιζόμεκ

304 3911 441 3994 δεκατρία
460 3909 510 3991 έτη
524 3915 561 3998 τῇ
580 3905 712 3997 ένσόρκφ
729 3913 862 3993 Χριστοῦ
879 3913 1036 3996 παρουσία.
1080 3905 1344 3998 Ὀιιτωιιαιδετάτςο
1364 3912 1397 3976 δέ
1411 3911 1459 3974 ἔτει

337 4113 379 4168 75.
407 4117 535 4180 Ρείουίιιι,
571 4132 618 4166 ποτε
646 4119 727 4178 equite
755 4119 868 4166 οτοίίοιιίι
902 4125 985 4166 eutem
1003 4125 1134 4184 postquam
1153 4117 1266 4168 nuntium
1285 4122 1337 4169 ττίί.

303 4185 452 4246 αιιοοολιιιλο,
468 4185 730 4247 ταφμλειιιίιιτιιμιιιαυίλ
744 4185 867 4236 ετΡαιιο-
936 4182 976 4235 76.
1004 4184 1197 4252 συνειληφθίιαι
1220 4187 1270 4237 οοδ,
1289 4189 1339 4237 ίτιι.
1361 4193 1382 4236 τε
1404 4187 1455 4236 effi

302 4254 339 4300 π“ο
355 4250 382 4302 αἱ
396 4250 530 4317 μετέπειτα
552 4252 631 4305 πᾶσαι
647 4249 776 4318 γεγόνασιν
800 4250 867 4316 αἱρί-
902 4251 1112 4320 σνντιληφθοιίναι
1133 4255 1185 4304 τοῦ.
1211 4256 1310 4318 λλεδίρ.
1357 4256 1455 4312 συνειλη-

305 4333 373 4376 σεις,
402 4317 468 4384 λέγω
496 4317 539 4384 δή.
586 4323 615 4369 Et
643 4324 771 4370 εὀτιιατίυτ
798 4323 867 4370 verm
900 4320 974 4384 φέναι
988 4323 1056 4371 hebet
1074 4336 1157 4384 ποτςο
1173 4325 1275 4384 exempli
1290 4326 1392 4382 Sem,
1407 4323 1456 4382 α’ςίσ

304 4384 428 4451 Deinceps
444 4403 503 4435 vero
516 4397 574 4452 poet
584 4387 661 4452 ipsius
672 4387 806 4437 adventum
820 4405 865 4453 po·
901 4391 931 4438 Μ.
967 4391 1093 4452 adscripto.
1135 4390 1305 4457 συνειλῆφθαι
1337 4389 1455 4443 madai

303 4453 421 4504 sterioree
438 4469 523 4504 omnes
539 4455 652 4506 haereses
672 4456 787 4518 fuerunt,
807 4454 864 4506 dico
899 4461 950 4508 ι’στιε
969 4461 1090 4510 Ρελυυίιισ.
