3060 5026
288 379 563 432 nonsummum.
580 379 663 434 nou.
676 379 708 432 ιι.
725 377 824 430 naun.
838 379 969 430 ιιιιιιιι.
1146 363 1208 430 393
1242 381 1246 390 ’

63 499 133 564 οιιιιί
157 499 312 564 immonem
339 499 516 579 hebenmns;
547 499 595 584 qui
620 499 736 584 quidem
760 521 818 563 non
840 498 905 564 sine
924 497 1115 583 perpessione
1132 497 1211 562 saiu-

53 613 113 686 ,tem
137 601 221 666 uobis
247 602 395 680 attulerit,
427 603 478 666 sed
502 602 531 665 id
554 601 705 665 moriendo
729 623 782 688 pro
807 601 911 680 nobis,
944 621 1035 684 seque
1060 601 1115 664 deo
1134 598 1210 686 patri

61 725 109 790 pro
137 703 248 768 nostris
277 704 429 768 animabus
454 703 590 768 sacrificii
616 704 711 768 instar
736 703 886 769 offerendo
916 703 1114 790 praestiterit,
1145 724 1211 768 cum

60 827 110 872 nos
126 805 269 892 sangnine
295 827 350 871 suo
366 807 550 896 repurgauit,
581 829 615 869 ne
636 811 772 888 emptum
796 818 896 869 canuc
918 828 970 869 nos
990 809 1356 888 ctc'rogruptcm·cot.a,te

60 913 215 984 disciderit,
239 921 269 972 et
283 913 444 972 caucisuoe
464 912 541 972 e’stnd
560 909 702 990 efficerit,
728 909 756 974 id
777 909 852 994 quod
876 907 981 993 ubique
1004 907 1150 994 scriptura
1166 919 1210 972 te·

59 1021 159 1076 statur.

137 1111 281 1194 Possem,
315 1113 342 1178 si
371 1135 495 1180 necesse
522 1113 690 1193 videretur,
730 1114 766 1178 ad
795 1114 860 1178 eius
885 1114 1029 1198 dogmatis
1056 1113 1210 1178 veritatem
1264 1114 1323 1184 ⁶⁸9·

60 1217 286 1281 confirmandam
301 1217 359 1282 ntia
377 1218 512 1304 proferre
527 1239 613 1302 quam
629 1215 764 1303 piurima.
809 1214 862 1282 Sic
875 1217 953 1280 euim
969 1217 1027 1282 uhic
1044 1217 1122 1296 loce,
1146 1238 1212 1282 eum
1228 1183 1354 1236 xxm

57 1317 129 1383 idem
147 1330 351 1404 argumentum
370 1331 637 1406 pertrectaremus,
662 1321 698 1383 de
716 1329 796 1384 centa
814 1317 989 1404 minimeque
1005 1319 1091 1383 dubia
1110 1330 1212 1384 nostru

56 1422 147 1486 sainte
168 1421 391 1486 constituimus:
424 1420 675 1506 Quemadmodum
700 1421 852 1506 sanguinis
873 1419 1029 1508 aspergine
1053 1421 1146 1486 uestis
1167 1421 1213 1485 in-

56 1523 169 1604 ficitur,
201 1524 270 1589 licet
292 1526 355 1589 eius
378 1525 426 1610 qui
445 1536 557 1588 vestem
578 1525 657 1610 gerit
677 1546 784 1610 corpus
803 1545 983 1609 nequaquam
1001 1523 1139 1589 iniectum
1160 1526 1211 1605 sit,

56 1625 243 1692 nibilominus
260 1627 307 1692 itta
326 1631 419 1692 vestis
441 1611 563 1713 aspersa
582 1627 695 1692 macula
720 1649 778 1692 non
804 1628 878 1692 vesti
902 1628 954 1691 sed
978 1626 1004 1692 ci
1027 1626 1076 1712 qni
1098 1639 1213 1693 vestem

55 1730 129 1812 gerit
146 1729 303 1810 tribuitur,
334 1732 437 1794 eodem
462 1730 549 1794 modo
572 1730 642 1794 iicet
667 1730 819 1816 perpessio
843 1729 871 1794 in
892 1729 1073 1794 divinitatem
1092 1752 1150 1794 nou
1167 1730 1213 1793 ia·

56 1832 207 1913 cubuerit,
231 1832 283 1896 sed
301 1831 445 1896 humanae
461 1833 604 1896 duntaxat
618 1844 741 1896 naturae
757 1831 933 1916 contigerit,
957 1854 1015 1896 uon
1033 1831 1099 1896 hnic
1114 1842 1212 1897 tamen

54 1934 108 1997 soii
126 1935 324 1999 tribuendam.
370 1933 483 2000 Verum
504 1957 541 1998 ne
559 1934 588 1998 in
604 1936 787 2019 procuranda
810 1957 864 2021 per
879 1936 1110 2000 incarnationem
1131 1933 1214 2000 verbi

55 2037 150 2102 sainte
166 2049 267 2103 nostra
287 2035 411 2102 inillam
431 2037 616 2101 incurramus
633 2037 797 2123 scripturae
818 2039 1012 2116 sententiam,
1043 2040 1215 2100 Maledictus
1227 2051 1291 2100 mo.
1305 2050 1367 2108 nnn

53 2147 143 2204 onma's
160 2147 213 2224 qui
224 2163 300 2222 spent
316 2142 401 2203 dubet
414 2145 444 2202 in
461 2124 590 2216 domnice,
608 2150 763 2225 propterea
779 2139 924 2205 divinitati
940 2141 1027 2204 etiam
1042 2139 1212 2226 imputatur,

54 2263 119 2308 enm
135 2243 209 2308 nihii
228 2243 291 2329 ipsa
310 2264 362 2329 per
376 2263 444 2306 sese
462 2243 603 2328 patiatur,
635 2252 667 2306 ut
685 2241 944 2330 humanigeneris
959 2241 1039 2307 sulus
1056 2263 1107 2328 per
1126 2239 1214 2306 Chri·

52 2347 87 2410 sti
107 2346 278 2432 passionem
301 2343 445 2430 acquisita
466 2355 689 2408 asacrosancta
711 2344 756 2407 dei
776 2345 901 2410 ecclesia
926 2345 1069 2410 divinitati
1094 2365 1209 2430 quoque

51 2448 212 2513 tribuetur.
259 2447 376 2512 Vereor
392 2469 428 2512 ne
447 2445 511 2532 quis
529 2467 569 2510 ex
586 2447 642 2510 iilis
664 2468 768 2511 vocum
788 2447 987 2532 captatoribus
1004 2447 1149 2512 subtiliori
1168 2467 1216 2512 ra·

51 2551 247 2615 tiocinatione
265 2551 454 2636 semetipsum
472 2550 622 2635 implicare
639 2549 738 2628 malit,
763 2571 848 2635 quam
868 2551 984 2614 uitatem
1002 2571 1019 2614 a
1037 2549 1120 2614 nobis
1136 2550 1216 2614 simi·

50 2653 204 2717 titudinem
230 2663 316 2718 ceute
336 2674 370 2716 ac
397 2654 556 2737 prudenter
576 2651 723 2737 accipere.
768 2651 876 2738 Neque
900 2656 977 2718 enim
999 2653 1055 2717 uita
1075 2652 1170 2716 sacris
1184 2653 1215 2716 in

48 2755 146 2820 literis
161 2754 321 2820 similitudo
340 2765 400 2818 tota
416 2777 451 2818 ac
468 2754 585 2841 penitus
605 2765 773 2841 usurpatur.
820 2753 910 2820 Vetat
927 2754 1129 2836 condicitur,
1162 2759 1215 2818 Ca·
1228 2765 1287 2810 uas.
1300 2764 1369 2821 tut

48 2863 128 2920 taines
148 2863 239 2920 leonis
256 2861 337 2920 Iuda.
386 2855 419 2920 in
441 2879 498 2942 quo
524 2857 700 2921 fortitudinis
725 2879 760 2920 ac
777 2857 878 2943 regiae
901 2858 1048 2924 cuiusdam
1066 2856 1217 2924 excelien-

48 2961 126 3040 tiae,
153 2980 231 3044 quac
247 2961 276 3023 iu
295 2959 344 3023 iiia
366 2961 427 3022 iera
444 2960 593 3038 cernitur,
628 2959 726 3024 habite
744 2961 820 3024 ratio
846 2971 909 3040 est,
942 2981 997 3024 nnec
1014 2961 1082 3048 iliud
1101 2971 1216 3046 specta-

47 3073 107 3126 tnrn
126 3073 197 3142 est,
228 3062 303 3148 qnod
325 3061 448 3125 rationis
472 3083 582 3147 expers
605 3061 642 3126 sit
668 3083 702 3126 ac
721 3083 826 3148 rapax.
872 3061 924 3128 Sic
944 3074 973 3126 et
992 3063 1021 3126 in
1041 3075 1124 3128 veste
1145 3063 1217 3127 nihil

44 3166 116 3230 iilud
142 3166 181 3230 ad
206 3165 350 3228 rationem
378 3175 507 3228 nostram
531 3163 675 3250 pertinet,
709 3166 784 3249 quod
803 3164 832 3229 id
851 3166 930 3230 indui
954 3165 1082 3250 eauique
1105 3165 1213 3230 soient.

44 3265 155 3332 Semel
172 3269 270 3346 enirn,
302 3278 334 3330 ut
351 3267 490 3351 scriptum
514 3279 560 3330 est
578 3271 704 3329 decorem
723 3271 833 3343 induit,
866 3268 970 3332 deinde
988 3289 1061 3332 uero
1083 3273 1214 3332 cernerent
1227 3287 1370 3344 rutnans.

45 3376 165 3445 studuit,
198 3392 233 3432 oc
253 3373 417 3451 pruecnhcit
437 3391 477 3432 se.
526 3366 558 3432 Ιιι
582 3391 639 3454 quo
662 3369 786 3454 apostoli
810 3371 858 3434 itta
879 3393 940 3434 vox
960 3371 1114 3456 impietur,
1146 3375 1212 3434 Non
1231 3391 1368 3448 uomet

43 3479 100 3536 ιἀιιι
126 3477 271 3546 mon'tur,
304 3494 380 3534 mors
394 3475 442 3534 illi
456 3474 533 3534 ultra
548 3494 604 3535 aon
622 3474 793 3534 domenatur.
841 3469 926 3556 Quae
944 3495 1009 3538 curn
1026 3474 1065 3537 ita
1082 3495 1150 3538 sese
1167 3474 1218 3538 he-

42 3577 158 3654 beant,
194 3575 249 3639 hoc
276 3576 311 3638 ad
334 3573 379 3638 sui
405 3575 547 3657 dogmatis
576 3575 769 3659 patrocinium
797 3576 904 3639 iratres
930 3577 1023 3640 nostri
1050 3580 1214 3662 proferunt,

41 3685 105 3742 Nos
121 3690 222 3742 autem
240 3689 356 3740 mentem
374 3681 484 3740 Chresti
497 3678 640 3739 bohemus.
673 3674 759 3761 Quae
773 3699 813 3742 ex
828 3677 944 3742 illorum
960 3700 1109 3758 sermone,
1129 3698 1370 3764 percunctante

40 3782 69 3845 in
95 3803 139 3846 eo
166 3790 341 3862 argumento
368 3789 525 3865 usurpant,
561 3779 706 3865 suspicari
735 3781 822 3861 licet,
857 3782 979 3848 aiterum
1008 3783 1074 3847 iilos
1102 3779 1215 3846 Christi

39 3895 180 3950 mentem
206 3903 343 3946 asserere
366 3882 508 3946 voluisse.
555 3878 615 3946 Sed
633 3884 658 3945 si
677 3883 859 3948 divinitatem
884 3885 921 3948 ab
938 3883 1142 3949 incarnatione
1159 3905 1218 3948 nou

40 3996 210 4071 separant,
245 3985 298 4048 sed
317 3983 433 4048 unicum
456 4005 490 4048 ac
509 3983 636 4070 simplex
655 3985 869 4050 incarnationis
890 3987 1039 4072 negotium
1057 3986 1126 4050 ittuu
1151 4007 1218 4050 esse

38 4101 175 4176 putant,
207 4088 273 4172 quid
292 4089 407 4150 tandem
427 4085 566 4150 eximium
585 4087 651 4162 iila,
685 4090 901 4173 quaedicitur,
933 4085 1046 4152 Christi
1066 4108 1149 4152 nuens
1168 4088 1217 4152 ha-

38 4191 152 4256 bebit?
200 4191 248 4253 Aa
268 4211 320 4275 per
336 4209 369 4252 se
385 4188 478 4274 ipsum
494 4190 541 4253 dei
560 4190 682 4254 verbum
699 4191 818 4270 existit,
852 4213 907 4256 nec
926 4191 1050 4255 bumana
1070 4201 1168 4254 mente
1187 4191 1218 4256 in

35 4291 259 4360 incarnatione
276 4291 438 4377 praeditum
457 4293 523 4356 esti
544 4312 619 4376 quae
640 4303 687 4356 est
702 4293 816 4357 iliorum
835 4293 945 4378 opinio.
993 4295 1040 4358 Aac
1059 4292 1114 4356 ulia
1132 4315 1217 4380 prae·

37 4409 85 4462 ter
105 4394 278 4459 divinitatis
295 4394 466 4486 hypostasin
485 4397 514 4458 in
534 4392 655 4462 Christo
673 4416 755 4459 mens
782 4398 912 4459 residet?
955 4397 1004 4461 An
1030 4397 1126 4482 potins
1142 4397 1217 4460 scri-

35 4511 155 4586 pturae
187 4497 234 4560 ilie
259 4519 323 4560 anos
350 4508 414 4576 est,
448 4509 478 4561 nt
502 4500 538 4582 ad
564 4521 600 4562 ea
619 4521 694 4583 quae
722 4499 751 4562 iu
772 4499 858 4563 nubis
883 4509 1028 4582 gerantur
1049 4499 1086 4564 ob
1112 4500 1215 4566 oculo,

31 4601 188 4690 ponenda
208 4599 414 4684 grandioribus
437 4600 536 4666 verbis
560 4603 679 4666 utatur?
706 4633 707 4638 κ
