3068 5008
454 301 779 356 annonrnunseosra.
1136 285 1199 352 58¹!

32 427 109 492 illud
124 427 316 514 praeberetur
328 434 537 509 agnoooereut.
584 421 663 486 Tum
678 421 767 487 etiam
781 421 900 508 spiritus
912 430 1033 486 sanetus
1048 419 1200 484 columbae

34 529 141 616 speeie
159 529 295 614 delapsus
309 539 374 607 est,
407 525 650 611 quemadmodum
667 525 696 588 in
713 524 867 588 multarum
885 523 1047 588 haereseon
1067 523 1200 588 ooniutn-

35 631 121 695 tione
138 630 279 695 diximus.
325 629 371 694 Ao
388 649 425 693 ne
442 627 559 692 trinitas
575 629 637 713 ipsa
654 627 684 690 in
700 647 788 690 unu·
804 621 923 692 redacta
939 626 1120 708 contusaque
1136 645 1201 690 ere-

34 735 179 813 deretur,
212 733 334 818 spiritus
353 730 470 818 propria
489 731 518 794 in
539 750 666 815 persona
683 729 804 813 dgurnru
822 728 901 793 illam
924 727 1035 806 induit,
1066 737 1097 791 et
1112 747 1202 812 super

35 836 121 900 illum
137 837 266 915 resedit,
291 855 382 920 seque
398 835 427 898 in
446 835 540 920 ipsum
557 831 735 912 insinuarit,
761 841 791 894 ut
808 831 833 894 is
848 832 895 894 oui
915 829 1114 896 testimonium
1130 829 1200 894 illud

34 938 258 1022 suffragabatur
280 935 456 1022 oonspiouus
481 947 579 1013 esset,
615 945 707 1018 utque
731 944 950 998 saurosauotam
976 933 1053 996 illam
1081 953 1200 998 oornana

34 1041 163 1104 amtea·
178 1060 246 1104 esse
266 1041 380 1124 deoque
401 1040 518 1124 plaeere
534 1036 627 1122 patris
643 1057 677 1100 ao
696 1036 817 1120 spiritus
840 1037 1200 1112 auotoritateonnstaretq

34 1153 71 1207 ut
89 1153 173 1227 poter
190 1141 371 1228 eompleoeot
389 1141 444 1204 sibi
461 1139 492 1204 in
510 1139 588 1218 litio,
620 1150 649 1204 et
664 1139 877 1203 iucarnationis
896 1139 975 1204 illins
998 1159 1105 1225 praeeo
1133 1159 1201 1203 esse

34 1246 194 1324 rideatur,
228 1266 262 1309 oe
285 1244 410 1329 denique
435 1264 525 1309 rerus
544 1253 578 1308 ot
600 1252 756 1328 appareret
776 1241 869 1320 ilius,
902 1253 932 1306 et
949 1243 1018 1306 illud
1042 1241 1202 1328 prophetae

35 1347 209 1412 verminium
228 1348 382 1434 expleret,
417 1351 458 1410 Et
468 1358 536 1429 post
552 1350 622 1408 duee
640 1349 670 1408 dr
687 1356 766 1408 terro
783 1349 859 1408 ursus
877 1357 935 1420 eet,
966 1357 995 1410 et
1007 1367 1069 1408 euru
1083 1348 1202 1408 dommi·
1228 1349 1328 1447 ”ff'lssl’

37 1453 303 1514 desumerentur.
350 1446 478 1534 Igitura
509 1447 636 1513 iordane
661 1447 814 1531 digressus
841 1457 924 1510 certo
946 1467 1077 1532 uereque
1102 1469 1119 1511 a
1143 1447 1205 1512 dia-
1222 1435 1344 1501 Mitti-t

36 1553 109 1616 bolo
125 1557 154 1616 iu
170 1552 289 1617 deserto
308 1560 437 1618 tentatus
452 1563 515 1630 est,
538 1561 569 1616 et
585 1560 651 1636 post
665 1550 804 1614 ieiunium
823 1548 946 1629 esuriit,
969 1561 1001 1614 ut
1019 1550 1095 1634 quod
1112 1569 1203 1614 rerae
1281 1615 1288 1645 ,

36 1655 125 1720 carrd
140 1666 295 1741 susceptae
311 1665 542 1720 consentaneum
558 1664 605 1718 est
617 1653 810 1739 exprimeret.
844 1648 1013 1718 Secundum
1028 1651 1099 1718 heeo
1115 1651 1203 1718 disei-

36 1757 126 1844 pulos
141 1757 248 1842 elegit,
280 1757 435 1822 raritatem
456 1756 655 1843 praedicarit,
688 1754 888 1839 aegritudines
905 1755 1039 1834 sanarit,
1072 1755 1202 1835 dormiit,

36 1859 163 1939 esuriit,
188 1859 245 1923 iter
262 1861 348 1938 ieoit,
371 1858 504 1945 prodigia
523 1859 668 1944 patravit,
699 1867 832 1922 mortuos
851 1857 1012 1936 excitarit,
1044 1861 1143 1922 eoeeis
1159 1858 1204 1924 vi-

35 1983 106 2028 sum
124 1962 374 2046 repraesenteris,
398 1961 558 2026 olaudiset
578 1959 748 2046 paralyticis
768 1959 849 2024 vires
869 1959 1013 2040 restituite
1046 1961 1094 2045 qui
1113 1983 1205 2027 eran·

34 2064 150 2150 geliunr
176 2063 271 2149 ipsum
296 2064 435 2129 eoelestis
458 2061 543 2148 regni
565 2063 741 2140 veritatem,
775 2082 811 2124 ao
836 2082 903 2126 oum
928 2060 1020 2146 ipsius
1043 2062 1111 2140 otii,
1144 2075 1204 2128 taut

34 2168 133 2254 petris
148 2187 183 2232 ao
197 2166 318 2252 spiritus
331 2166 425 2230 snooti
444 2166 604 2230 bonitatem
616 2164 884 2248 humanitatemque
898 2163 1091 2248 proedioarit.
1123 2163 1203 2230 ldenu

34 2272 92 2336 itte
111 2288 201 2354 porro
224 2289 330 2334 revera
355 2268 504 2334 orueiutus
522 2269 552 2333 in
574 2289 628 2331 suu
646 2287 737 2331 corne
754 2277 782 2331 et
804 2267 935 2352 perleota
955 2266 1082 2332 hominis
1099 2278 1205 2334 natura

34 2372 200 2450 sustinuit,
231 2391 303 2436 rere
325 2371 355 2436 in
372 2391 460 2436 oruoo
485 2392 589 2456 passus
608 2381 671 2448 est,
705 2369 748 2434 ita
768 2369 883 2454 quidem
909 2380 942 2434 ut
963 2370 992 2434 in
1011 2391 1048 2434 eo
1067 2371 1205 2437 divinitas

36 2474 206 2553 existeret,
230 2475 285 2538 sed
301 2473 337 2537 od
358 2473 524 2558 potiendum
541 2472 661 2539 minime
678 2491 747 2537 sese
763 2481 963 2552 eonverteret,
987 2473 1038 2536 sed
1059 2472 1205 2558 passionis

35 2595 154 2661 expers
171 2586 201 2640 et
216 2574 405 2640 immutabilis
420 2587 564 2639 maneret.
611 2572 677 2658 Qua
691 2575 723 2638 in
736 2595 769 2638 re
786 2575 843 2638 duo
857 2574 908 2639 illa
922 2585 1123 2640 consentanea
1140 2598 1205 2640 oer-

34 2677 156 2744 tissime
173 2678 393 2762 intelliguntur,
427 2688 459 2741 ut
477 2688 507 2741 et
522 2673 659 2742 Christus
679 2698 731 2762 pro
749 2677 833 2742 nobis
856 2697 947 2742 oaroe
964 2677 1004 2742 sit
1022 2699 1146 2762 pessus,
1175 2689 1206 2746 et

34 2780 191 2867 passionis
205 2801 316 2866 expers
331 2778 362 2843 in
378 2779 533 2846 divinitate
546 2790 728 2866 permaneat.
773 2778 845 2845 Nor
864 2781 939 2864 quod
955 2780 1082 2848 hominis
1100 2793 1204 2848 nature

33 2907 76 2950 ao
100 2882 240 2948 diuinitas
264 2893 419 2968 separatae
442 2905 459 2947 o
483 2904 517 2947 aa
540 2883 667 2948 inrioem
693 2882 842 2961 existent,
880 2903 983 2946 verum
1007 2883 1124 2948 temetsi
1145 2906 1205 2950 uua

34 2997 126 3054 esset
150 2985 306 3063 divinitas,
341 2985 413 3050 nihil
437 2985 475 3050 ob
497 2986 643 3051 sineeram
667 2996 699 3050 et
719 2984 977 3070 incomparabilem
999 2997 1134 3052 naturam
1158 2999 1205 3053 est

33 3107 197 3177 perpessa.
243 3088 285 3153 At
306 3084 445 3154 Christus
470 3099 500 3152 et
518 3089 548 3152 in
573 3108 663 3152 earne
679 3098 861 3174 possessor,
893 3099 923 3151 et
945 3087 1093 3154 ineadem
1110 3103 1206 3156 morte

32 3204 85 3260 est
104 3191 246 3270 adortus,
277 3211 342 3256 enm
360 3189 477 3255 interim
497 3190 650 3254 divinitate
671 3191 735 3276 ipsu
755 3189 870 3254 viveret
890 3211 925 3254 ae
944 3203 1075 3257 mortuos
1092 3195 1206 3260 exeita·

33 3307 106 3374 ret,
131 3315 238 3379 eorpus
258 3313 331 3358 rero
350 3313 456 3358 revera
472 3293 631 3378 sepultum,
655 3313 690 3356 ao
707 3289 803 3356 triduo
820 3293 920 3358 noima
932 3313 1041 3358 carens
1056 3307 1088 3360 et
1100 3297 1205 3383 spiritu

31 3409 182 3482 motuque
205 3397 335 3476 iooeret,
359 3396 529 3460 obvolutum
554 3395 697 3473 sindone,
730 3393 760 3459 in
786 3407 1004 3461 mouumentum
1026 3399 1203 3484 depositum,

32 3500 194 3568 ooelusum
219 3499 370 3583 lapideae
393 3497 498 3582 sigillis
523 3497 721 3581 obsignatum.
767 3495 875 3583 Neque
897 3520 973 3563 vero
989 3500 1053 3586 ipsa
1070 3512 1117 3566 est
1134 3523 1205 3567 oon·

31 3606 126 3671 eluse
139 3599 297 3677 divinitas,
329 3611 379 3666 aut
397 3598 537 3686 sepulta,
554 3600 606 3664 sed
624 3621 690 3664 onus
709 3599 896 3666 remotissima
912 3601 976 3666 eius
994 3604 1091 3670 anima
1109 3605 1143 3670 ad
1160 3604 1204 3670 in-

31 3709 121 3770 teros
140 3701 311 3780 deseendit,
335 3702 521 3787 indidemque
535 3702 667 3788 eaptivas
687 3702 799 3767 animas
818 3702 944 3788 eripuit,
966 3711 1110 3768 stimulum
1128 3729 1202 3770 mor·
1236 3721 1254 3766 ι.
1266 3721 1319 3768 oar.

31 3817 70 3872 tr'r
91 3809 232 3890 infregit,
264 3809 409 3880 elaustro,
441 3817 470 3867 et
485 3810 666 3868 ndumentriro
682 3809 822 3888 repagulo
834 3812 976 3888 perrupit.
1023 3805 1131 3872 Mortis
1149 3810 1202 3872 do·
1232 3772 1321 3871 lllllr'n

29 3913 120 3975 iores
135 3929 189 3972 suo
202 3919 348 3995 potestate
361 3907 512 3988 dissolrit3
537 3919 597 3972 tum
611 3929 669 3974 una
685 3929 749 3972 oum
766 3909 864 3976 anima
878 3909 1000 3974 emersit
1013 3910 1047 3973 ad
1065 3931 1201 3996 superos.
1240 3877 1286 3934 Μ’
1298 3880 1319 3923 ⁶

30 4013 129 4098 Quae
146 4011 262 4095 quidem
280 4017 374 4074 omma
392 4015 504 4074 mim‘me
519 4016 596 4093 opud
610 4013 717 4093 salmoe
735 4016 838 4074 relr'oto
850 4015 929 4094 fuit,
953 4035 1043 4094 aeque
1057 4035 1126 4075 euru
1140 4035 1204 4077 eor·
1233 4031 1317 4130 {³3¹¹ss

62 4151 113 4204 55.
134 4148 195 4200 deod
220 4152 316 4215 σημεῖα
340 4149 409 4200 codd.
428 4163 483 4199 arsa.
506 4151 527 4198 et
548 4149 604 4198 edit.
670 4146 712 4199 59.
731 4147 872 4216 eppupldoe
893 4152 1008 4213 aertpmm
1024 4156 1057 4201 eat
1077 4154 1203 4216 uosque-eu
1216 4115 1301 4244 ml}
1313 4190 1340 4235 n

26 4225 112 4284 priore.
149 4217 305 4283 διοσημείας
321 4218 375 4267 edit.
395 4217 476 4270 Petne.
635 4217 706 4266 eodd.
723 4229 777 4268 anas
1261 4212 1267 4226 ’
1340 4222 1346 4237 ·

62 4288 113 4340 56.
134 4279 213 4338 nu’rei
230 4287 299 4338 oudd
316 4299 370 4335 mss
388 4290 410 4336 et
425 4287 479 4335 edtt
492 4286 569 4347 pstor.
671 4283 711 4336 60·
726 4277 790 4354 ᾅδου
805 4288 889 4349 trqttur
901 4289 927 4338 in
940 4289 1047 4338 Ponere
1061 4303 1120 4352 pop.
1132 4288 1203 4342 1099.

62 4353 112 4408 57.
143 4351 238 4414 „Adde
262 4351 307 4405 aul
329 4354 379 4421 τῆς
402 4349 524 4420 θεότητος
548 4345 606 4406 κατ’
637 4367 681 4415 pro
699 4350 816 4408 auteres.
1149 4365 1153 4370 '

30 4423 135 4480 telaruf‘
172 4423 291 4474 Petautus.
673 4419 714 4472 61.
732 4419 757 4474 tu
774 4424 843 4474 eodd
859 4437 914 4474 aua.
933 4428 954 4472 et
976 4425 1031 4474 edu.
1046 4425 1124 4487 prtue.
1159 4423 1204 4482 edu

62 4495 110 4546 58.
142 4486 174 4545 dl
194 4486 237 4545 out
254 4492 309 4541 edit.
323 4492 422 4553 Petne„
445 4493 526 4544 inuitis
540 4491 606 4542 eoru
639 4491 694 4542 edit.
713 4492 795 4541 Petou.

28 4569 84 4615 aete
673 4556 715 4611 or.
733 4553 770 4627 μή
859 4557 950 4632 totoue
964 4563 1035 4618 redd»
1051 4575 1107 4619 nse.
1141 4565 1204 4623 ttuur
