3066 5016
271 247 409 302 rautnn
427 247 491 300 nuc.
508 249 551 299 nr.
575 247 657 300 nom.
675 249 706 298 n.
730 247 845 298 nxros.
862 247 926 298 run.
944 245 1086 300 cannot.
1197 231 1254 296 491

97 367 204 453 quibus
229 369 357 454 prulens
379 368 447 432 illud
474 367 596 451 quuisque
624 366 708 430 lacile
734 377 830 451 potest
850 365 1084 430 animaduertere
1108 378 1137 430 et
1160 387 1199 430 ex
1222 386 1262 430 ea

97 469 272 554 quaestione
285 468 428 550 indicare,
452 480 566 554 tempus
582 490 670 533 omne
683 468 713 532 in
728 466 819 533 LXll
835 469 1043 553 generationes
1058 470 1094 532 ad
1108 466 1259 534 Christum

97 593 192 658 usque
208 574 358 636 redactum
380 573 488 652 inisse,
522 585 676 657 propterea
696 573 772 656 quod
790 572 928 656 deinceps
947 581 1010 655 post
1029 566 1196 649 Christum,
1228 581 1262 634 ut

97 695 139 738 ex
157 675 193 738 iis
211 695 287 759 quae
304 676 449 761 disputata
466 686 535 738 sunt
555 685 693 760 apparet,
723 673 821 738 mundi
838 684 970 758 tempora
990 695 1048 738 nan
1066 673 1189 759 amplius
1209 694 1261 757 per

97 778 289 862 genealogias
313 776 426 862 digestu
447 789 526 841 sunt.
573 775 632 861 Qui
651 777 767 862 quidem
784 777 909 840 mundns
927 777 955 838 in
974 797 1032 840 una
1047 777 1097 840 illa
1115 797 1258 840 annornm

97 880 274 944 collectione
294 879 506 965 perfectionem
523 879 645 963 adeptus
661 887 718 959 εει,
743 899 830 963 quem
847 878 1035 944 immutabilis
1050 897 1085 942 ac
1102 878 1195 942 solida
1213 879 1259 942 ulei

97 983 236 1045 uoluntas
250 980 427 1066 obsignavit.
469 979 571 1065 Quare
585 981 622 1044 ab
638 981 691 1044 bac
708 982 808 1045 eadent
825 981 947 1066 abrupta
964 981 1178 1066 terminataque
1194 1000 1261 1045 aaa·

96 1084 156 1148 culi
174 1082 405 1163 consummatio,
431 1093 460 1148 et
477 1085 512 1146 etl
529 1104 635 1147 aevum
655 1083 782 1146 futurum
800 1093 832 1146 ut
849 1082 1006 1168 impleatur
1022 1083 1166 1147 traducta.
1213 1080 1261 1149 Ob

96 1187 126 1250 id
144 1187 266 1265 dicitur,
294 1191 355 1248 Una
372 1199 417 1248 eat
430 1187 559 1248 columba
576 1209 652 1260 mec,
674 1189 804 1267 perfecta
820 1207 897 1262 mec,-
929 1186 1012 1270 quusi
1032 1185 1062 1248 in
1082 1185 1174 1270 ipsam
1195 1185 1261 1249 uni·

95 1310 185 1353 versa
202 1289 353 1367 desinant,
380 1298 511 1373 tempora
528 1288 681 1367 uidelicet,
715 1288 834 1352 anniae
851 1288 1075 1372 generationum
1092 1286 1258 1366 intervalia,

95 1391 163 1456 sive
190 1412 243 1476 per
264 1373 371 1474 reges,
404 1391 467 1456 sive
485 1411 538 1476 per
556 1392 711 1469 consules,
743 1391 808 1455 sive
826 1411 878 1476 per
895 1387 1086 1475 Olympiadas
1103 1399 1153 1454 aut
1170 1390 1261 1474 magi·
1277 1406 1403 1461 eneae

95 1503 209 1558 stratus
224 1505 388 1579 temporum
405 1494 498 1579 spatia
521 1505 724 1559 numerentur.
771 1489 932 1579 Octoginta
949 1513 1037 1578 porro
1054 1491 1175 1577 pellices
1193 1503 1260 1557 sunt

95 1595 177 1661 inter
192 1597 312 1680 reginas
328 1595 518 1674 interiectae,
542 1596 630 1660 etiam
650 1593 781 1674 Christi,
806 1617 861 1681 qna
881 1596 967 1659 bono
984 1605 1046 1671 est,
1070 1615 1163 1680 regno
1183 1595 1261 1678 prio-

94 1719 160 1776 res,
184 1698 240 1762 boc
254 1709 301 1762 εει
312 1698 368 1762 lide
385 1698 505 1783 ipsaque
519 1719 630 1784 spansa
644 1699 755 1783 pariter
767 1719 802 1762 ac
816 1697 929 1784 virgine
941 1709 971 1762 et
985 1697 1097 1762 illibata
1112 1697 1258 1776 columba,

95 1822 173 1888 quae
196 1799 281 1865 unica
304 1801 389 1864 matri
413 1812 461 1866 est
482 1811 570 1884 atque
592 1801 741 1883 genitrici.

183 1900 334 1988 Siquidem
352 1903 478 1967 ecclesia
498 1903 535 1966 ab
553 1923 609 1967 una
627 1903 683 1966 lide
698 1903 815 1988 genita,
845 1925 880 1967 ac
898 1902 1104 1988 perspiritum
1127 1913 1259 1968 sanctum
1279 1909 1339 1978 cap.
1351 1908 1395 1960 vt.

92 2007 127 2071 in
145 2005 239 2069 lucem
264 2005 360 2084 etlita,
393 2005 479 2070 unica
503 2016 551 2068 est
572 2008 622 2069 uni
645 2006 841 2090 genitrieiqne
861 2027 945 2070 suae.
992 2004 1071 2068 Tum
1089 2027 1161 2069 vera
1177 2017 1261 2090 quot·

93 2129 220 2194 cumque
237 2109 409 2194 postillam,
435 2109 482 2172 vel
496 2117 564 2172 autc
582 2109 765 2193 prodierunt,
791 2107 909 2194 pellices
925 2106 1124 2172 nominantur.
1172 2105 1258 2190 Quae

93 2211 196 2276 liocta
215 2221 411 2289 testamento,
441 2222 471 2275 et
497 2211 659 2274 hereditate
688 2233 746 2274 non
764 2231 885 2296 prorsus
905 2209 1020 2273 alienae
1044 2209 1169 2286 luerint,
1195 2209 1258 2274 nul·

94 2314 155 2378 lam
173 2325 269 2378 tamen
286 2335 303 2378 a
321 2313 412 2378 verbo
433 2315 531 2378 clotem
545 2313 753 2392 obtinuerunt,
778 2335 832 2378 nee
854 2313 1053 2377 iuluntlentem
1071 2333 1105 2377 sc
1127 2312 1260 2398 spiritum

93 2425 231 2480 sanctum
250 2417 279 2479 in
303 2417 410 2501 seipsis
430 2427 629 2501 exceperunt,
660 2417 713 2482 setl
730 2417 824 2481 solam
839 2438 905 2480 cum
921 2416 1013 2480 uerbo
1029 2416 1060 2480 in
1078 2414 1260 2480 conscientia

91 2538 152 2581 sna
169 2519 416 2582 necessitudinem
439 2517 615 2584 babuerunt.
661 2517 820 2584 Praeclare
840 2519 917 2584 enirn
934 2518 1009 2604 apud
1031 2517 1185 2583 Hebraeos
1197 2521 1261 2600 pel·

92 2625 162 2684 cea
185 2621 341 2706 appellatio
366 2621 548 2706 concipitur,
581 2643 645 2686 cum
669 2625 884 2702 Pbclegcscstlc
909 2621 1026 2684 dicitur.
1082 2619 1139 2685 Est
1161 2631 1257 2684 autem

90 2725 201 2804 Pbcleg
222 2724 313 2788 latine
333 2728 495 2800 driaeiia'ump
527 2727 606 2787 cctbc
623 2723 775 2788 mullerem
798 2724 961 2808 significat,
995 2735 1027 2787 ut
1049 2724 1126 2788 idem
1143 2723 1182 2786 sit
1199 2723 1261 2808 pel·

91 2826 164 2902 lex,
189 2847 224 2890 ac
240 2825 389 2889 dimidiata
406 2827 522 2891 multer
566 2823 647 2890 Nam
664 2827 740 2910 quod
760 2826 795 2889 ad
812 2827 959 2892 domiuum
978 2837 1110 2912 spectat,
1142 2826 1262 2890 uniuer-

91 2948 149 2992 sos
164 2919 211 2990 ille
226 2927 348 2991 liberam
365 2929 399 2991 od
416 2929 509 2993 lucem
527 2928 663 3007 vocavit,
689 2927 733 2992 bis
749 2923 867 3006 verbis,
897 2934 970 2991 Dum
994 2933 1083 2992 lucem
1101 2932 1246 2992 hebetato
1232 2953 1261 2994 m
1295 2945 1351 2990 tom

92 3031 192 3104 coba,
217 3032 368 3093 ambulate.
417 3027 473 3095 Cui
492 3031 870 3117 adstipuleturapcstolus,
897 3037 968 3108 Vos,
993 3031 1098 3116 inquit,
1121 3036 1181 3094 mec·
1193 3037 1262 3096 estat
1280 2957 1390 3094 ali'llii.

82 3136 170 3214 fiat,
194 3145 223 3194 et
239 3137 311 3196 luces
324 3135 400 3214 stlai'.
447 3130 521 3200 ltem
541 3134 621 3196 aluo
614 3157 642 3196 un
661 3133 824 3217 scripturae
840 3135 923 3212 laco
948 3138 1006 3214 Qua
1016 3137 1089 3196 male
1103 3139 1176 3216 ngat
1201 3099 1416 3206 edicit-iuliae.

91 3241 198 3309 lacem,
221 3257 273 3298 nec
288 3240 400 3298 cecedit
416 3239 456 3297 ud
471 3239 570 3297 lucem
619 3232 692 3298 Sic
684 3235 774 3319 igitur
789 3237 909 3321 pellices
930 3258 988 3300 non
1003 3237 1098 3323 palam
1116 3239 1261 3322 perfecte·-

90 3358 172 3424 que,
198 3359 252 3402 nec
270 3338 388 3402 dotatae
405 3337 583 3402 ducuntura
605 3337 697 3414 viris,
722 3357 755 3400 ac
776 3340 891 3402 tametsi
910 3340 1078 3416 nonnullum
1097 3362 1163 3404 eum
1181 3341 1261 3404 uiro-

89 3463 161 3504 rum
177 3441 348 3526 oorporibus
371 3439 618 3504 necessitudinem
639 3441 834 3516 contrabant,
866 3441 976 3504 liberae
998 3442 1186 3507 nibilominus
1209 3443 1261 3506 luo·

90 3561 170 3608 nore
189 3543 322 3626 coniugis
339 3552 370 3604 ct
385 3541 602 3626 appellatione,
626 3561 661 3604 ac
680 3542 835 3620 firmitate,
860 3542 946 3622 dote,
980 3545 1158 3629 nuptialibus
1175 3545 1260 3608 donis

89 3669 128 3712 ac
144 3644 328 3723 muneribus,
352 3644 483 3734 legitima
497 3643 623 3728 denique
639 3645 847 3709 coniunctione
864 3656 978 3710 carent.
1026 3645 1178 3710 Eiusmodi
1192 3657 1262 3710 sunt

89 3748 244 3832 octaginta
260 3747 326 3810 illae
345 3747 514 3831 singillatim
532 3767 549 3810 a
568 3768 615 3809 uno
633 3747 817 3832 perocrtsitae
833 3748 985 3813 baereses.
1032 3746 1065 3811 ln
1083 3749 1187 3832 quibus
1207 3749 1260 3811 mi-

88 3873 161 3916 rum
178 3850 246 3914 illud
265 3851 357 3915 videri
376 3851 483 3915 nemini
502 3849 601 3926 debet,
625 3849 650 3912 si
668 3851 696 3912 iu
711 3871 885 3936 unaquaque
902 3852 1026 3934 regione
1045 3849 1178 3932 singulae
1194 3851 1259 3914 aliis

89 3953 267 4039 quibusdam
287 3953 453 4018 nominibus
478 3951 551 4016 affici
571 3951 699 4014 soleant.
747 3949 826 4034 Qtuiu
850 3964 880 4017 et
900 3954 967 4016 illud
988 3952 1197 4016 observatione
1216 3954 1259 4017 di·

89 4076 185 4141 gnum
202 4067 265 4133 est,
296 4076 511 4141 saepenumero
529 4054 688 4139 quamlibet
705 4073 758 4136 per
775 4075 842 4118 sese
866 4055 1002 4118 haeresin
1024 4054 1147 4117 scissam
1166 4075 1200 4119 ac
1216 4057 1259 4118 di-

89 4159 190 4223 uisam
208 4157 307 4222 'uurias
324 4159 352 4222 in
368 4168 467 4242 partes
486 4167 516 4220 ει
532 4157 677 4221 uocabula
693 4155 827 4219 distrahi.
873 4153 976 4239 Queri,
1009 4157 1134 4234 uldini,
1167 4158 1258 4221 aduni-

89 4261 155 4325 rari
180 4281 239 4323 non
264 4271 397 4346 oportet,
432 4281 467 4324 ae
490 4261 576 4346 plane
594 4259 635 4324 ita
653 4279 722 4322 aesc
745 4279 793 4321 res
812 4259 909 4322 babet.
955 4257 1097 4324 Ceterum
1115 4256 1257 4325 thtttt

88 4435 157 4492 cuc,
183 4435 210 4480 ut
232 4433 303 4493 colet,
329 4436 480 4493 reponentem
500 4435 524 4480 ι’.
546 4433 580 4481 ct.
598 4433 660 4481 llum
694 4433 787 4493 Bona,
815 4433 856 4482 nbt
872 4433 942 4482 ettnm
960 4433 1022 4484 lunc
1036 4435 1118 4484 citauit
1134 4431 1254 4496 eprptcot

92 4504 118 4550 tn
138 4501 384 4552 armeniacum
408 4514 466 4566 pop.
479 4496 530 4554 430
546 4515 598 4563 aa,
622 4501 659 4554 cu.
695 4501 778 4554 lurum
