3066 5016
321 379 460 433 rauunu
479 377 597 430 muru
615 378 699 429 rou.
712 379 743 430 u.
760 377 860 429 nunu.
872 378 983 428 cxxx.
1167 361 1228 425 475

157 495 218 564 Sed
236 497 368 562 deterius
384 500 518 582 quiddam
539 519 574 562 ao
592 498 771 562 contrarium
789 498 826 562 ab
846 497 902 560 illis
922 497 1052 580 geritur,
1085 494 1229 580 siquidem
1250 499 1311 568 cap.
1328 498 1385 550 Vll·

66 601 121 666 isti
140 600 278 679 barbam,
304 601 359 664 boo
376 612 422 665 εει
438 601 584 686 propriam
602 600 660 664 viri
678 602 818 678 lurmanr,
843 609 998 677 resecant,
1024 598 1145 683 capillos
1158 617 1232 662 vero

66 715 104 768 ut
122 702 276 788 plurimum
292 703 470 787 prolixiores
491 703 611 767 babent.
657 701 747 786 Atqui
764 704 840 787 qnod
859 703 894 765 ad
913 701 1033 765 barbam
1053 700 1177 778 attinet,
1200 697 1230 762 in

66 806 284 891 Apostolorum
310 801 579 870 Constitutionibus
602 805 701 870 divino
724 825 862 869 sermone
882 825 916 868 ac
936 804 1069 888 dogmate
1087 801 1232 888 praescri-
1333 836 1334 845 ι

66 909 168 986 bitur,
199 928 237 972 ne
256 927 291 970 ea
310 918 534 994 corrumpatur,
566 908 621 970 boo
645 919 691 970 εει
710 927 747 970 ne
766 906 855 971 barba
877 919 1018 992 ponatur,
1051 904 1233 970 neuemeri·

67 1011 175 1074 tricius
189 1010 284 1075 cultus
302 1021 332 1074 et
349 1022 472 1074 ornatus
491 1022 667 1095 usurpetur,
692 1031 726 1074 ac
743 1029 781 1073 ue
798 1031 849 1094 per
867 1009 1066 1094 arrogantiam
1084 1017 1113 1070 et
1127 1008 1232 1072 laetum

67 1113 209 1177 affectata
235 1112 379 1196 quaedam
408 1113 538 1178 iustitiae
569 1112 685 1197 species
715 1113 744 1175 iu
770 1133 935 1196 congressu
965 1133 999 1175 ac
1021 1108 1234 1174 consuetudine

68 1216 269 1301 praeferatur.
318 1212 389 1279 illud
413 1215 492 1278 enim
515 1212 686 1278 Nazaraeis
709 1215 854 1278 duntaxat
879 1214 917 1278 ob
942 1215 1062 1298 liguram
1089 1232 1234 1297 congruo·

68 1319 134 1382 bat.
179 1315 295 1404 Quippe
311 1329 431 1382 veteres
447 1337 500 1403 per
518 1319 679 1381 futurarum
694 1337 793 1380 rerum
808 1317 996 1382 adumbratas
1013 1316 1158 1399 imagines
1174 1325 1234 1378 tra-

68 1420 153 1486 ducti
171 1430 258 1500 sunta
282 1420 363 1484 velut
380 1441 445 1486 curn
466 1441 579 1482 comam
596 1439 635 1482 ex
656 1427 725 1483 volo
744 1420 964 1505 promissionem
984 1419 1158 1494 babuerunt,
1183 1417 1235 1480 do·

70 1545 130 1588 nec
148 1522 245 1586 mundi
272 1534 371 1586 votum
397 1522 518 1586 aduenit
535 1532 564 1584 et
580 1521 730 1606 impletum
754 1532 819 1601 εει,
852 1521 908 1585 boc
934 1533 979 1584 est
996 1521 1130 1608 apparuit
1147 1514 1236 1584 Cbri·

71 1637 140 1692 stns
152 1625 287 1690 dominus
304 1624 409 1688 unicus
425 1623 473 1688 dei
496 1623 590 1703 lilius,
615 1636 645 1688 et
660 1624 849 1688 innotescere
873 1624 980 1689 mundo
998 1623 1095 1709 coepit
1107 1622 1155 1694 ille
1170 1621 1235 1707 ipse

71 1727 273 1812 sempiternus
290 1726 424 1811 quidem,
449 1727 500 1790 sed
517 1726 554 1789 ab
569 1725 648 1790 omni
664 1747 774 1810 genere
791 1727 939 1792 bominum
955 1747 1138 1812 nequaquam
1152 1724 1236 1809 agni-

72 1841 141 1908 tus,
174 1849 274 1894 rernm
300 1829 507 1913 aquibnsdam
531 1828 694 1906 duntaxat,
726 1830 774 1914 qni
799 1830 829 1893 in
852 1830 946 1914 ipsum
969 1829 1173 1908 crediderantq
1204 1837 1237 1890 ut

70 1931 194 2016 cognito
218 1930 314 2016 capite
336 1930 444 2035 rpnllam
465 1930 532 1994 buia
551 1931 739 2014 ignominiam
760 1933 955 2016 imponamus.
1001 1928 1079 1996 Nam
1101 1953 1159 1994 non
1177 1941 1235 1994 mm

70 2035 111 2098 de
129 2034 246 2120 proprio
263 2033 406 2117 cuiusque
425 2032 522 2119 capite
544 2033 673 2118 loquitur
690 2033 860 2118 apostolus,
893 2055 978 2118 quam
994 2034 1031 2097 ab
1047 2054 1084 2097 eo
1100 2033 1129 2097 in
1149 2029 1238 2099 Cbri·

70 2147 153 2201 stum
169 2136 263 2221 ipsum
280 2133 435 2200 ludibrium
453 2136 718 2220 contumeliamque
735 2134 862 2199 denunt.
908 2140 1026 2211 Nonne,
1050 2136 1161 2220 iuquit,
1185 2157 1237 2198 na·

71 2251 144 2302 tura
158 2243 219 2319 epau
231 2261 283 2302 nos
296 2243 380 2300 docet
393 2242 463 2320 quid
478 2243 523 2300 εἰν
537 2259 642 2300 manum
657 2243 687 2299 sr'
699 2243 812 2300 teutria!
823 2242 977 2319 r'gnumrba'n
994 2242 1118 2300 catilli?
1148 2235 1236 2320 Quod

71 2339 192 2426 quidem
209 2339 386 2424 ignominiae
400 2360 495 2425 genos
512 2339 655 2403 laudabile
674 2352 811 2419 nonest,
837 2353 868 2404 ut
885 2340 933 2403 illa
949 2361 1024 2424 quae
1039 2340 1125 2420 dicit,
1150 2345 1236 2421 Igno-

68 2447 189 2506 uu'ur'unr
204 2447 405 2524 contemperati.
452 2439 559 2526 Neque
578 2442 655 2506 eninr
682 2443 765 2527 quasi
792 2443 934 2527 quoddam
955 2441 1073 2507 virtutis
1097 2442 1235 2520 officium,

71 2545 123 2610 dei
140 2544 208 2608 illud
224 2565 329 2609 caussa
344 2543 522 2630 suscipitur,
547 2543 663 2608 tametsi
680 2544 715 2607 ad
735 2544 822 2609 deum
839 2546 989 2630 pertinere
1007 2546 1160 2626 videatur,
1184 2546 1237 2608 sed

71 2671 94 2714 a
111 2647 302 2712 contentione
325 2667 360 2710 aa
387 2645 549 2732 pertinacia
574 2647 736 2731 prolectam
762 2658 831 2728 est,
857 2669 923 2712 eum
950 2649 1006 2711 iam
1031 2649 1140 2733 pridem
1163 2647 1238 2731 legis

72 2749 180 2814 umbra
207 2751 358 2835 figuraque
376 2759 598 2834 praetergressa
624 2749 734 2812 veritas
756 2751 820 2834 ipsa
838 2751 1028 2814 successerit.
1075 2748 1176 2833 Quare
1195 2749 1239 2812 sic

71 2852 230 2939 aposlolus
248 2852 399 2916 decernit:
432 2855 546 2933 Siquis
564 2855 676 2912 uideam
690 2857 971 2925 conmutrbsmesso,
1003 2856 1153 2914 anatolem
1169 2873 1237 2914 coa·
1289 2885 1295 2898 ·
1333 2864 1366 2896 ⁰²·

69 2959 251 3019 suetudinem
275 2977 331 3017 nou
349 2955 500 3028 babemus,
532 2975 584 3015 nec
601 2957 737 3016 cochomo
757 2959 812 3016 dci.
860 2951 976 3036 Quibus
1001 2953 1099 3017 verbis
1116 2975 1168 3018 eos
1187 2951 1236 3038 qui
1303 2937 1310 2961 ’
1345 2935 1351 2948 ’

69 3058 136 3124 ιε1ε
151 3057 259 3142 aliquid
277 3056 404 3135 iaciunt,
428 3065 459 3119 et
477 3055 664 3118 contentiose
683 3059 884 3140 refragantur,
916 3056 952 3119 ab
974 3055 1172 3139 apostolorum
1190 3076 1238 3120 re·

70 3161 145 3248 gula
165 3181 200 3223 ac
217 3160 262 3224 dei
287 3156 412 3222 ecclesia
436 3157 666 3220 summovendos
689 3168 781 3242 putat.
827 3157 911 3222 Haec
931 3157 1021 3242 igitur
1037 3159 1133 3223 omnia
1152 3179 1238 3221 acce·

70 3276 125 3352 pta
142 3285 159 3326 a
174 3259 366 3326 Massaliania
388 3259 545 3323 occasione
570 3259 670 3322 dicere
688 3260 887 3322 necessarium
907 3259 1079 3339 habuimus,
1113 3259 1189 3344 quod
1207 3269 1238 3323 ει

71 3366 132 3453 ipsi
156 3364 283 3428 indidem
306 3372 459 3426 contracto
482 3360 630 3445 opinionis
653 3361 730 3424 illius
754 3361 857 3426 morbo
877 3363 1031 3448 animoque
1054 3362 1240 3449 depravatio

71 3467 205 3532 veritate
223 3465 412 3544 decideruntq
438 3464 514 3527 unde
534 3483 611 3528 noua
630 3473 677 3527 est
695 3463 826 3528 haeresis
844 3485 884 3528 ex
903 3465 964 3528 otio
980 3475 1010 3528 ει
1025 3465 1143 3550 ignavia
1161 3475 1239 3530 cete·

70 3573 178 3655 risque
202 3568 333 3654 pestibus
355 3567 494 3631 conllata.

164 3667 246 3734 ilaec
263 3681 333 3734 sunt
350 3671 475 3755 quande
494 3667 658 3732 istiusmodi
674 3667 839 3742 bominibus
859 3670 1039 3756 accepimus,
1064 3670 1112 3755 qui
1128 3669 1236 3733 mundo
1255 3671 1392 3742 Cap-Vll!-

70 3775 112 3840 ad
130 3771 287 3837 ludibrium
307 3770 434 3856 expositi
457 3770 612 3847 uidentur,
646 3771 752 3855 quique
778 3772 890 3854 plebeia
911 3773 1021 3857 ingenii
1043 3773 1088 3837 sui
1104 3793 1192 3836 sensu
1210 3783 1240 3836 et

69 3896 234 3943 sermones
250 3885 408 3952 evomunt,
440 3894 475 3938 ac
493 3893 549 3936 nec
564 3872 621 3936 nlla
643 3872 779 3936 firmitate
796 3874 976 3954 cobserent,
1007 3885 1037 3938 et
1053 3875 1172 3938 omniuo
1189 3874 1240 3939 de·

69 3977 187 4066 sperati
203 3988 272 4042 aunt
288 3989 375 4062 atque
390 3985 477 4040 extra
495 3974 541 4038 dei
559 3973 795 4038 aedificationem
810 3977 974 4042 constituti.
1021 3975 1123 4060 Quare
1139 3977 1239 4062 paucis

69 4083 137 4148 illis
158 4080 302 4144 adversus
333 4099 385 4143 eos
411 4075 563 4162 disputatis
590 4077 626 4140 ad
653 4078 773 4142 cosdem
802 4079 996 4142 conlutundos
1020 4079 1236 4162 aggrediemur.

68 4182 229 4269 Principio
246 4181 383 4246 mulieres
399 4201 464 4244 cum
483 4179 555 4242 viris
572 4179 739 4264 promiscue
756 4181 888 4259 uersari,
922 4180 1000 4245 nulla
1019 4201 1059 4246 ex
1077 4181 1170 4245 veteri
1188 4202 1239 4246 eo·
1331 4248 1335 4256 ,

69 4356 177 4406 Οοπειιι
195 4353 314 4416 Apum-i,
331 4349 356 4403 3.
714 4349 738 4402 t.
767 4343 858 4418 ἤγοντο
880 4354 1000 4414 macripaa't
1017 4355 1145 4416 Petaurus,
1169 4368 1240 4416 proc-

110 4420 137 4474 3.
169 4420 356 4485 κατεκεμῖσῧαι
383 4419 440 4486 (sie)
468 4420 520 4470 eod.
546 4419 645 4481 llbediq.
679 4425 745 4470 eunte
762 4421 892 4482 Comama,
909 4425 951 4484 qul
967 4419 1121 4470 docebantur
1136 4425 1211 4472 uertit.

70 4489 301 4554 κατακοσμεῖσὶιαι
325 4491 421 4539 coniecit
447 4490 527 4538 Polou.
553 4490 645 4537 Corno-
714 4487 910 4537 camvill-
948 4490 968 4540 l.
990 4491 1056 4540 Libri
1069 4493 1140 4554 uulgo
1156 4495 1241 4557 γυναι·

68 4563 129 4614 rtus
148 4555 350 4622 κατακεμεῐεθαε
389 4559 459 4606 Vertit
480 4557 541 4604 cutm
564 4571 644 4621 nequo
679 4571 731 4618 εις.

69 4623 223 4680 meretricio
239 4641 310 4686 mora
327 4624 361 4676 ob
379 4639 475 4674 comam
494 4621 614 4677 suemus.
