3066 5016
219 238 493 292 rennuentem.
519 237 601 292 nou.
615 239 645 289 n.
670 237 787 289 exues.
805 237 868 288 stu.
889 237 1031 290 carnos.
1142 223 1204 289 ast

39 357 149 420 unicae
165 357 289 442 virginis
306 359 384 422 illius
403 381 437 422 ao
452 357 657 422 satietissimae
673 369 702 420 et
720 358 886 422 innocentis
903 356 1055 422 columbae
1072 357 1138 420 lidei
1156 357 1205 422 ttr-

39 471 238 540 mamentump
270 462 307 524 de
329 482 384 546 qua
405 462 540 525 dominus
564 462 658 524 sancti
678 460 798 544 spiritns
820 459 917 523 alllatn
942 481 995 543 per
1014 456 1204 524 Salomonem

39 561 114 624 baec
131 563 160 624 iu
180 559 370 628 Conticorum
400 559 525 626 Cantico
541 563 735 646 significavit:
761 567 920 642 Seeugabto
938 573 1006 624 sunt
1021 568 1153 642 regmae,
1177 575 1207 625 et
1220 576 1346 634 canusa.

37 670 186 744 cotngriete
199 669 333 746 pellat-ea,
365 677 396 726 et
408 669 633 728 adolescentulae
651 659 769 748 quorum
786 668 883 727 nullus
899 676 943 725 est
963 685 1115 725 uumerus.-
1147 686 1205 728 unu

35 780 82 828 est
95 769 225 830 columbe
240 789 317 842 meu,
338 769 467 850 perfectu
483 790 553 830 ιιιεα.
601 765 657 832 Ubi
675 766 719 830 bis
736 765 784 830 ille
802 767 926 850 repetita
943 765 1085 828 vocabula
1101 789 1161 828 mea
1175 777 1205 829 et

37 891 110 930 meu.
161 868 519 947 Huiuseuimeolumba‚
553 870 638 932 buius
657 881 704 932 est
724 869 771 932 illa
788 871 936 954 perlecta,
971 879 1003 932 ut
1018 881 1137 931 ceterae
1154 889 1205 954 ap·

38 972 187 1055 pellentur
200 971 239 1035 ita
258 972 386 1056 quidem,
412 972 530 1036 minime
548 972 732 1048 tamensim,
757 972 819 1056 ipsa
838 993 910 1034 vero
926 993 962 1034 oo
979 971 1097 1034 nomine
1111 971 1204 1056 dupli-

38 1074 114 1136 citer
129 1071 269 1158 insignita
286 1074 335 1136 sit.
383 1072 484 1157 Quare
503 1096 567 1138 cum
584 1074 620 1136 de
636 1074 701 1136 aliis
718 1074 901 1158 loqueretur,
922 1095 979 1137 noa
998 1073 1085 1150 dixit,
1111 1069 1204 1138 Octo·

37 1176 119 1259 gnta
143 1187 213 1240 sunt
236 1175 355 1260 pellices
385 1197 488 1252 meae,
522 1197 624 1240 verum
651 1175 763 1260 reginis
789 1175 898 1238 eximia
928 1176 976 1238 illa
1007 1174 1204 1258 appellatione

38 1279 206 1364 proximum
223 1279 364 1362 quendam
382 1278 522 1340 bononem
543 1278 691 1356 attribuit,
726 1279 845 1362 pellices
864 1299 936 1342 vero
954 1298 1076 1363 prorsus
1091 1276 1204 1340 alienas

38 1402 107 1444 esse
122 1380 294 1444 declaravit.
327 1380 489 1444 Araborum
506 1401 594 1465 porro
608 1401 760 1444 naumurum
776 1403 841 1444 cum
858 1379 1028 1444 uouainatim
1044 1380 1204 1444 babeamus

38 1503 227 1568 expressum,
254 1481 499 1565 contemplatione
517 1492 618 1546 nostra
636 1482 769 1546 altiorem
788 1485 822 1546 ud
842 1503 961 1546 sernum
977 1493 1082 1546 evecta
1099 1483 1203 1546 nonni·

38 1586 77 1648 bil
94 1585 228 1670 expolire
243 1585 320 1656 istud
334 1585 388 1648 boc
402 1585 467 1648 loco
484 1585 628 1669 cogimur,
654 1597 684 1650 ut
699 1606 735 1647 ne
753 1596 889 1670 tanquam
907 1585 1040 1667 lrigitlum
1058 1585 1203 1670 ineptum-

37 1709 95 1773 que
117 1699 353 1772 praetereamus,
388 1688 440 1750 sed
460 1709 535 1772 quae
554 1689 708 1766 dicuntur,
741 1708 780 1750 ex
799 1687 840 1750 rei
860 1687 986 1750 veritate
1008 1707 1043 1750 ac
1066 1708 1203 1752 verarum

37 1791 217 1854 anctoritate
239 1790 447 1874 scripturarum
471 1810 541 1853 vera
574 1790 663 1853 animi
695 1790 941 1875 contemplatione
975 1789 1201 1873 perpendamus.

37 1891 158 1956 Etenim
180 1893 354 1976 ubicumque
372 1912 512 1954 numerus
528 1893 711 1976 uoracipitur‚
744 1893 906 1955 oscitanter
933 1891 1126 1974 praetermitti
1143 1913 1201 1955 non
1233 1949 1234 1952 ,

36 1996 144 2072 debet,
175 2015 269 2079 neque
297 1994 373 2078 quod
403 1995 442 2056 ita
469 1993 742 2079 comprehenditur,
776 2014 882 2057 vonum
908 1994 1042 2076 quiddam
1067 2005 1095 2055 et
1114 1996 1202 2058 inane

35 2097 132 2162 videri
150 2107 200 2160 aut
216 2097 341 2160 otiosum
359 2095 536 2160 existimari.
582 2095 718 2180 Reginae
743 2117 831 2180 porro
854 2105 922 2158 stunt
938 2116 1013 2180 quae
1034 2095 1091 2158 iam
1114 2107 1202 2162 antea

34 2199 139 2284 stirpis
154 2199 183 2262 in
202 2199 280 2262 serie
299 2207 471 2262 numeratae
489 2209 558 2262 snut
579 2201 707 2262 animae.
755 2197 794 2263 Ut
819 2198 895 2262 enim
921 2218 1021 2280 regem
1047 2197 1202 2264 innumera

36 2301 191 2365 multitudo
212 2301 386 2378 comitatur,
417 2321 541 2383 cumque
564 2321 619 2364 rex
643 2301 746 2386 capitis
769 2302 862 2364 instar
881 2300 937 2377 sit,
974 2299 1094 2380 perinde
1113 2309 1201 2384 atque
1238 2285 1250 2312 ⁸

34 2403 63 2466 in
78 2424 224 2488 corpore,
248 2425 313 2466 cum
335 2403 418 2487 plura
435 2403 564 2466 membra
582 2401 658 2479 sint,
693 2402 788 2487 capite
804 2403 867 2486 ipso
885 2402 1001 2465 censeri
1021 2423 1096 2464 uuus
1114 2402 1201 2466 bomo

35 2506 244 2588 numerarique
262 2505 356 2583 solet,
380 2503 424 2567 sie
441 2504 477 2568 ab
493 2525 551 2568 uno
567 2525 639 2588 rege
656 2505 808 2568 mrultltudo
827 2505 921 2568 omnis
937 2504 1067 2568 subiecta
1086 2504 1147 2589 regi
1164 2505 1200 2568 ad

35 2608 162 2670 eundem
187 2608 265 2672 illum
289 2608 447 2670 referetur.

123 2706 322 2792 Quamobrem
344 2710 466 2792 reginae
491 2709 609 2772 numine
634 2710 789 2792 generatio
812 2709 841 2772 in
867 2707 988 2775 Christo
1015 2709 1198 2789 contineturp
1220 2729 1279 2798 cap.
1295 2733 1338 2784 pv,

34 2833 92 2875 uon
110 2813 188 2894 quod
206 2811 301 2876 omnis
318 2812 472 2894 generatio
490 2812 672 2895 regnaverit,
698 2812 749 2875 sed
767 2815 842 2896 quotl
859 2833 914 2876 una
931 2814 1073 2876 duntaxat
1091 2812 1200 2876 domini

34 2913 206 2996 cognitione
228 2913 360 2998 praedita
385 2935 423 2976 ex
443 2915 498 2977 viri
521 2915 607 2976 ouius
628 2914 824 2998 appellatione
843 2914 955 2998 regiam
975 2915 1144 2997 dignitatem
1161 2914 1201 2977 sit

34 3018 228 3099 ordinemque
254 3029 425 3080 consecuta.
472 3013 609 3099 Exempli
634 3016 730 3098 gratia
746 3017 878 3079 Adamas
894 3039 958 3080 cum
979 3026 1039 3078 tota
1059 3014 1200 3100 progenie
1294 3019 1297 3024 “

34 3120 141 3201 regina
158 3138 214 3180 nna
232 3117 411 3196 censebitur,
437 3117 572 3199 illiusque
591 3118 780 3201 principatus,
807 3128 837 3179 et
854 3119 889 3180 ab
907 3139 943 3181 eo
961 3120 1114 3180 deductum
1132 3117 1201 3184 stir-

34 3219 232 3305 pisinitinnt,
263 3242 353 3304 penes
373 3219 547 3302 qnosregia
571 3219 830 3302 dignitasextitit,
864 3241 929 3282 oum
948 3221 984 3284 iis
1002 3220 1131 3304 quicum
1151 3220 1201 3282 illo
1287 3281 1289 3286 ,

34 3323 255 3406 coniunguntur
283 3333 401 3406 propter
426 3322 471 3384 dei
497 3322 713 3404 cognitionem,
747 3323 881 3407 quodque
905 3323 1015 3406 primus
1036 3322 1200 3386 omniuma

34 3429 87 3490 deo
106 3425 178 3508 fingi
194 3425 369 3507 lormarique
389 3423 547 3500 meruerit,
579 3434 638 3486 tum
656 3426 732 3509 quod
751 3425 948 3509 poenitentiae
964 3425 1080 3509 primus
1097 3443 1201 3488 exem·

35 3531 108 3612 plum
136 3525 267 3603 dederit,
300 3538 388 3590 utex
416 3528 480 3589 eius
504 3525 625 3590 bistorla
644 3537 771 3591 constat.
817 3525 891 3590 Post
908 3528 1054 3590 Adatnum
1074 3525 1197 3602 Setltus,

35 3643 62 3694 et
83 3630 219 3695 uniuersi
235 3629 269 3690 ad
288 3649 354 3692 eum
371 3628 508 3712 adscripti
527 3630 679 3692 mortales.
725 3628 800 3692 ltem
811 3628 919 3706 diuos,
944 3627 1078 3707 Gaiana,
1102 3627 1200 3692 Male·
1222 3646 1341 3692 attunt,

35 3733 107 3811 leel,
136 3729 241 3808 laretl,
268 3729 388 3807 Enoelt,
411 3727 600 3810 Mathusalae,
630 3729 781 3809 Lamecb,
804 3731 885 3796 Nole'.
933 3731 1045 3795 llernm
1069 3730 1199 3794 omnium

35 3848 206 3900 sanctorum
231 3833 379 3910 virorum,
410 3833 458 3916 qui
484 3833 653 3916 singillatim
682 3853 734 3918 per
756 3836 965 3916 generationes
991 3845 1197 3911 recensentur,

35 3956 217 4020 quorumque
235 3955 373 3998 ttnmerus
390 3936 464 4018 apud
484 3933 666 3999 Matthaeum
687 3937 777 4000 initus
793 3951 856 4014 est,
888 3959 978 4021 aquo
996 3934 1085 3999 LXll
1109 3956 1199 4020 gene-

36 4041 168 4102 rationes
192 4059 227 4100 ac
246 4049 359 4121 patrum
386 4037 516 4120 origines
543 4039 787 4120 praestantiorum
809 4041 937 4102 virorum
958 4039 1124 4104 numinibus
1145 4059 1199 4104 ex·

36 4161 157 4224 pressae
175 4149 262 4217 aurat,
297 4139 344 4223 qui
366 4139 412 4200 dei
433 4140 564 4204 trotitiam
586 4141 683 4224 adepti
703 4152 788 4218 sunt,
821 4151 871 4202 aut
888 4140 962 4223 quod
979 4141 1008 4203 iu
1029 4141 1125 4225 aliqua
1142 4142 1200 4206 alia

37 4265 66 4306 re
82 4244 243 4325 insiguiter
259 4253 346 4326 atque
367 4241 475 4305 exitnie
498 4263 566 4304 sese
582 4254 755 4326 gesseruut,
790 4242 901 4326 regium
919 4251 949 4304 et
968 4244 1153 4328 splendorem
1169 4255 1200 4309 et

36 4413 195 4534 pepong‘daua
206 4416 289 4464 tutent
300 4415 600 4478 oud.ltltedtq.dt9ucscere
667 4413 692 4466 3.
711 4417 818 4466 Fortasse
836 4404 871 4466 aba
890 4408 903 4468 ὁ
921 4412 1066 4483 κατάλογος.

36 4499 110 4550 aoup
137 4497 170 4533 uu
