3058 5014
311 323 589 386 rumentinam.
607 323 690 388 dou.
702 335 722 385 r.
739 333 840 386 naeu.
851 333 971 388 dxxvi.
1159 317 1219 387 aut

57 452 101 516 ria
125 451 261 536 inprimis
277 451 406 538 optabile
431 463 478 516 est
493 463 526 517 ut
544 452 608 517 eius
625 474 683 538 quo
703 452 814 538 indiget
829 453 942 537 copiam
960 454 996 517 ad
1016 453 1152 519 solutiora
1174 455 1224 520 lra-

58 555 142 633 beat,
173 564 224 618 aot
241 555 267 616 si
284 555 381 620 minus
406 555 525 640 assequi
549 555 659 640 possit,
693 557 797 620 saltem
819 557 925 620 crebro
947 555 978 620 in
997 577 1136 622 sermone
1155 559 1224 624 illud

57 669 191 743 usurpet.
237 653 323 722 Unde
335 668 364 722 et
381 668 424 737 tu,
450 679 515 722 uum
531 659 636 744 impius
653 679 687 721 ao
706 659 753 722 dei
771 658 813 723 sis
829 680 951 745 expers,
975 659 1050 744 quod
1070 681 1157 724 unum
1178 679 1225 724 ro-

57 771 127 840 sut,
151 780 227 824 sore
243 769 329 824 tenus
346 762 523 846 prolerendo
537 759 615 825 illius
632 761 750 826 nomine
764 771 823 824 tute
840 763 987 842 venditas,
1011 761 1146 848 quooiaur
1163 762 1226 848 qui·

58 864 136 940 dem,
161 864 237 946 qood
254 863 289 927 od
306 863 372 928 eius
390 863 542 943 timorem,
568 864 673 941 iidem,
705 884 805 949 spem,
838 875 866 928 et
882 885 954 948 erga
973 863 1052 928 illum
1072 865 1223 929 caritatem

58 965 183 1042 attinet,
207 985 354 1050 nonquam
369 965 450 1029 illum
472 987 543 1031 reru
559 966 589 1030 in
600 967 819 1052 possessiouem
834 964 973 1030 habuisti.
1015 966 1135 1052 attona
1151 967 1224 1031 sutis

57 1087 127 1132 esse
145 1068 285 1131 crederes
302 1069 394 1132 semel
420 1069 497 1133 istud
514 1067 630 1153 eloqui,
664 1089 758 1152 nuquc
784 1068 996 1156 praescripturo
1021 1070 1154 1133 ordinem
1178 1089 1225 1134 sc-

58 1171 193 1255 nemque
219 1171 430 1256 praetergredi.
478 1169 639 1235 Manifesta
666 1171 781 1256 quidem
806 1182 852 1235 est
868 1193 884 1234 a
901 1173 1051 1238 salvaturo
1075 1183 1178 1236 contra
1197 1182 1225 1236 tc

58 1271 248 1360 pronuntiata
263 1273 429 1353 sententia,
460 1279 493 1336 A
504 1274 649 1356 fructibus
666 1295 762 1336 eorum
780 1281 957 1354 cognoreetr's
973 1280 1067 1358 aprum
1092 1295 1129 1339 eo
1147 1275 1381 1360 quodlitttbdtlt·

58 1399 125 1440 cum
144 1375 210 1438 ovis
235 1375 309 1459 pelle
327 1375 369 1439 sis
386 1375 562 1454 obvolutos,
595 1375 674 1440 intus
699 1396 792 1461 rapax
810 1397 861 1456 es,
892 1389 921 1441 et
943 1400 1008 1442 cum
1025 1377 1092 1464 lupo
1110 1399 1227 1462 compo·

57 1491 155 1544 ratus.
204 1475 320 1542 Etenim
345 1478 370 1543 si
397 1478 540 1566 suspiritu
565 1488 669 1542 sancto
696 1478 814 1563 genitus
839 1499 943 1557 esses,
979 1481 1077 1545 lacero
1102 1491 1131 1544 tc
1157 1479 1227 1544 illud

59 1578 236 1668 oportebat,
269 1593 301 1644 ut
331 1580 426 1645 sacris
455 1580 591 1646 omnibus
616 1581 766 1645 codicibus
792 1582 971 1668 persolutis,
1009 1604 1026 1647 a
1049 1581 1162 1648 Genesi
1190 1581 1227 1646 ad

58 1681 201 1748 Estheris
218 1694 363 1769 tempora,
386 1684 434 1768 qui
453 1697 522 1760 suunt
538 1693 651 1770 septem
667 1693 697 1747 et
714 1682 817 1769 viginti
837 1684 902 1749 libri
918 1686 1085 1749 testamenti
1102 1685 1226 1763 veteris,

59 1797 91 1850 et
108 1781 206 1848 ΧΧΙΙ
229 1797 438 1866 numerantur,
471 1796 530 1851 tum
548 1787 746 1851 sacrosanctis
769 1785 810 1850 tv
829 1787 1012 1873 evangeliis,
1044 1799 1074 1852 et
1090 1785 1125 1852 S.
1144 1785 1227 1852 Pauli

59 1883 142 1953 XlV
163 1887 312 1973 epistolis,
347 1889 743 1975 necnunetapostolorum
768 1888 872 1968 Actis,
906 1911 980 1975 quoe
1004 1891 1052 1954 vol
1074 1889 1229 1975 superiora

59 1991 120 2056 illis
140 2001 291 2074 tempora,
315 1992 364 2056 vel
382 1992 548 2078 posteriora
566 1993 736 2072 continent,
769 1993 921 2057 catholicis
944 1993 1012 2056 itum
1030 1991 1162 2080 epistolis
1183 1988 1229 2056 la·

60 2095 147 2174 cubi,
180 2089 283 2173 Petri,
317 2091 456 2175 inarmis,
490 2106 519 2158 et
545 2091 652 2174 ludas,
683 2095 861 2180 Apocalypsi
886 2093 1024 2174 loannis,
1056 2091 1230 2180 Sapientiae

61 2217 183 2282 quoque
208 2195 309 2276 libris,
343 2198 398 2262 boc
419 2209 467 2262 est
489 2195 677 2278 Salomonis,
713 2197 766 2261 lilii
785 2195 911 2276 sirach,
945 2197 1080 2261 omnibus
1103 2197 1230 2281 doctique

59 2300 231 2386 scripturae
254 2299 337 2364 libris
362 2300 528 2386 percursis,
566 2299 750 2384 temetipsum
778 2299 951 2379 damnares,
985 2301 1060 2385 qood
1087 2299 1231 2364 eiusmodi

59 2423 192 2480 nomen,
223 2403 333 2486 dequo
351 2402 428 2466 nulla
445 2402 621 2487 situsquanr
640 2403 766 2482 metullo,
800 2402 885 2466 nubis
902 2401 1010 2466 altene
1037 2424 1096 2467 nou
1117 2401 1230 2465 dubita·

58 2505 158 2570 veris.
205 2501 262 2567 Est
278 2505 355 2568 enim
373 2505 496 2588 ingeniti
514 2525 621 2568 nomen
638 2505 755 2568 minime
772 2504 841 2568 illud
858 2505 973 2590 quidem
990 2504 1142 2590 iudignum
1161 2505 1228 2583 deo,

60 2620 93 2672 ut
111 2608 201 2672 etiam
219 2607 355 2692 pietatem
373 2607 523 2686 redoleat,
547 2627 649 2671 uerum
665 2627 807 2691 nusquam
825 2607 854 2670 iu
872 2607 1024 2694 scripturis
1041 2627 1230 2694 expressum.

59 2707 175 2795 Neque
192 2730 265 2772 vero
282 2709 356 2772 adeo
375 2709 440 2793 quis
462 2730 588 2795 utruquanr
605 2708 729 2772 insanus
746 2709 864 2788 extitit,
898 2710 1029 2794 genitum
1047 2721 1079 2773 ut
1096 2729 1163 2774 esse
1182 2729 1233 2772 co·

60 2813 295 2900 gitaretdeuro,
329 2832 424 2898 neque
448 2813 484 2876 ob
500 2813 630 2898 genitum
658 2812 749 2876 lilium
775 2832 899 2876 trecesse
926 2811 979 2877 luit
998 2814 1092 2878 solunt
1119 2823 1231 2899 patrem

61 2917 230 3000 ingenitum
247 2915 333 2978 deum
351 2914 515 3000 appellare,
550 2935 587 2979 ne
608 2913 674 3000 quis
696 2913 725 2978 in
744 2924 826 3001 patre
850 2915 916 2978 solo
940 2935 1042 2979 verum
1063 2913 1141 2979 istud
1164 2933 1232 2978 esse

61 3018 121 3082 sibi
144 3017 339 3104 persuadeat,
374 3017 427 3080 sed
450 3028 480 3080 et
502 3017 563 3081 lilio
585 3039 620 3081 ac
645 3017 759 3103 spiritui
783 3027 886 3080 saneto
909 3019 1083 3082 ourrreuire.
1137 3015 1232 3081 Recta

63 3121 173 3206 quippe
189 3119 266 3183 ratio
283 3129 312 3182 et
327 3118 447 3205 spiritus
469 3131 590 3184 carnotus
610 3119 743 3185 veritatis
768 3119 845 3183 lilios
864 3121 971 3184 docent
996 3142 1055 3184 non
1080 3130 1233 3206 tantopere

61 3224 136 3286 illud
153 3221 355 3286 admirandum
375 3241 462 3302 esse,
486 3223 538 3288 sed
554 3243 607 3308 pro
623 3243 659 3286 eo
675 3234 762 3307 atquc
778 3243 795 3286 a
812 3223 898 3287 uobis
917 3223 1067 3307 exigitur,
1098 3224 1234 3308 quodque

63 3327 94 3389 io
115 3325 202 3389 nobis
220 3323 284 3410 piae
300 3324 423 3388 rationis
441 3324 537 3405 inest,
562 3325 598 3389 dc
615 3325 712 3389 divina
733 3324 887 3390 maiestate
905 3325 1103 3390 sentiendum.
1151 3323 1235 3409 Quo·
1277 3321 1281 3328 ’

64 3429 147 3493 niam
165 3426 256 3513 igitur
271 3427 421 3512 ingenitos
440 3429 512 3491 deus
534 3437 596 3507 est,
629 3427 713 3512 idque
736 3428 813 3491 ultro
835 3429 1014 3494 eonfitemur
1035 3449 1157 3508 omnes,
1193 3439 1235 3490 ta·

65 3531 156 3596 metsi
174 3529 254 3595 nollo
272 3552 289 3593 e
304 3529 469 3616 scripturae
486 3529 552 3594 loco
571 3529 754 3616 comprobari
779 3529 835 3594 boo
850 3530 1054 3616 appellationis
1070 3552 1165 3615 genus
1184 3551 1236 3616 po·

67 3645 148 3712 test,
184 3631 236 3696 sed
259 3653 276 3694 a
300 3633 385 3698 nobis
413 3633 485 3719 ipsis
508 3643 595 3718 atque
619 3634 727 3720 expia
750 3633 798 3697 illa
821 3632 1048 3698 ratiocinatione
1071 3635 1236 3720 prolectam

67 3746 133 3816 est,
169 3734 205 3800 ad
237 3755 303 3799 eum
333 3735 450 3798 modum
481 3735 560 3800 seire
582 3756 635 3799 nos
659 3747 689 3799 et
711 3736 884 3800 enistimere
914 3748 1146 3801 consectaneum
1175 3745 1233 3798 est.

68 3834 136 3903 Cur
157 3837 236 3903 euim
262 3837 292 3900 iu
315 3857 371 3916 eo,
407 3838 482 3922 quod
505 3838 637 3922 genitum
661 3849 725 3918 est,
760 3836 909 3903 esseutiae
938 3837 1095 3902 divortium
1118 3837 1236 3922 aliquod

68 3941 147 4019 erit,
171 3939 197 4004 si
213 3939 305 4026 geniti
329 3959 437 4004 nomen
459 3939 606 4006 almerita
629 3953 791 4026 congruat,
815 3963 850 4006 ao
870 3941 995 4007 naturali
1018 3940 1159 4025 quadam,
1183 3940 1237 4004 sed

69 4041 273 4129 inexplicabili
291 4064 325 4107 ao
341 4052 400 4106 tam
423 4043 479 4106 deo
502 4044 576 4129 patri
598 4066 684 4129 quam
707 4043 799 4130 siqui
822 4043 924 4108 abillo
948 4043 1021 4107 eitra
1045 4053 1159 4130 tempus
1181 4037 1237 4106 ini·
1329 4103 1333 4110 .

70 4147 203 4232 tiomque
230 4145 348 4230 genitus
372 4157 418 4210 est
441 4145 629 4211 convenienti
657 4146 789 4226 ratione,
825 4157 855 4210 et
878 4145 993 4230 quidem
1016 4165 1090 4209 vere
1112 4166 1147 4209 ac
1170 4165 1238 4230 pro·

70 4249 151 4335 prie,
177 4269 235 4314 ooo
254 4249 316 4314 sola
337 4249 419 4313 vocis
437 4248 580 4314 abusione
603 4248 767 4314 tribuatur?
810 4245 895 4313 Unde
914 4267 969 4314 nos
992 4267 1086 4334 aeque
1109 4257 1237 4312 creatam

69 4471 116 4506 nee
136 4455 204 4507 hoe
221 4453 343 4524 picam
358 4469 449 4516 cosae,
479 4453 548 4524 qood
562 4453 598 4506 sie
612 4471 639 4505 oo
706 4452 730 4506 t.
757 4453 926 4520 γεγεννῆσθαι
951 4455 1019 4506 codd.
1045 4467 1100 4506 mer.
1130 4451 1239 4521 γεγενῆ-

69 4523 162 4592 Ιιιῑκῑ)
187 4530 209 4575 et
225 4525 344 4576 Putamus.
379 4525 445 4574 [ΑΜ
467 4525 552 4576 bouem
568 4521 592 4578 tl
608 4521 638 4578 dl
673 4521 735 4576 obst
750 4523 807 4574 edttt
824 4524 886 4574 nort

107 4591 131 4645 6.
148 4595 258 4644 Fortasse
275 4591 313 4652 ele
329 4587 358 4646 ed
376 4590 503 4659 γεννηθὲν.

125 4673 217 4732 mmo
230 4671 449 4720 sumnus
997 4685 1036 4748 qq
