3072 5002
311 373 450 426 rossan
468 374 588 427 mour.
606 373 689 428 uon.
701 375 721 428 1.
740 371 842 428 utun.
854 375 975 428 nxxtn.
1164 364 1225 429 133

66 493 189 580 pientiae
211 513 318 559 nomeu
337 493 431 582 ipsum
455 494 492 558 ad
514 515 630 560 omnem
653 494 800 580 passionis
821 497 1033 561 excludendam
1057 495 1225 584 opinionem

66 597 174 661 suffieit.

143 698 257 765 Verum
277 721 335 785 qno
352 700 468 764 tandem
490 701 621 786 rapimur
637 699 701 764 eius
720 701 769 786 qui
788 701 828 764 ite
846 698 964 788 scripsit
983 700 1086 781 obliti,
1118 705 1225 765 Ouiti-
1240 773 1263 821 tt
1268 703 1346 823 §2qu

39 811 42 820 ’
64 799 326 878 tudo'dim'tiorum,
358 808 514 886 saptentiae
536 815 567 866 et
580 807 716 866 scientiae
730 807 793 866 dei.-
827 825 909 887 quum
932 807 1378 896 circomprelensidr'lrirmujp

63 918 125 968 suat
145 911 253 969 iudr'ciu
276 911 353 982 etius,
385 918 416 970 et
440 908 650 988 investigabiles
673 910 735 968 uine
759 911 845 969 eius?
887 903 954 971 Nos
973 907 1049 970 eniut
1074 906 1224 971 doctorem

64 1007 198 1072 habemus
231 1009 365 1073 veritatis
396 1009 547 1095 spirituum
587 1029 671 1094 quem
707 1008 791 1072 nobis
824 1018 1014 1095 posteaquam
1047 1009 1077 1072 iu
1108 1011 1222 1073 eoelum

64 1111 190 1175 ascendit
213 1111 338 1194 largitus
365 1123 412 1174 est
434 1111 587 1176 dontinus:
622 1114 658 1174 lit
682 1114 824 1174 mdentnus
840 1133 912 1192 quoe
928 1133 946 1174 o
963 1115 1015 1173 deo
1033 1114 1137 1174 donato
1154 1125 1377 1190 supinumque

63 1215 152 1275 ootr's:
184 1219 215 1276 ia
233 1235 288 1294 quo
305 1227 335 1276 et
349 1217 505 1296 loquentur,
538 1237 594 1277 non
617 1218 645 1276 a'n
669 1217 776 1276 edoctis
793 1217 932 1276 draemenue
946 1219 1101 1296 supt'entme
1117 1217 1221 1292 cerdis,

61 1320 106 1378 sed
117 1337 135 1378 a
151 1319 306 1398 disciplina
331 1321 451 1398 apri-itus
469 1321 609 1400 acceptis,
639 1319 819 1398 spiritulibus
844 1320 989 1398 spiritulia
1013 1330 1221 1398 comparentes,

62 1422 87 1479 ie
109 1440 163 1500 quo
191 1421 312 1481 eodinus
335 1431 365 1482 et
379 1423 548 1496 odoremus3
581 1418 665 1484 cuius
683 1420 777 1502 gratia
799 1419 959 1502 ignominia
979 1420 1136 1498 afficimur,
1172 1440 1224 1503 per

62 1542 138 1604 quem
166 1521 329 1608 prophetae
351 1521 500 1586 vaticinati
524 1532 611 1600 suut,
646 1542 663 1583 n
688 1542 746 1605 quo
767 1519 835 1586 iusti
855 1520 987 1584 hottrines
1006 1541 1058 1607 per
1077 1522 1152 1585 viam
1173 1523 1224 1586 dc·

62 1623 234 1704 ductisunt,
268 1645 320 1710 per
342 1646 427 1710 quem
446 1624 639 1688 conciliamur
656 1623 728 1687 lilio.
776 1621 852 1708 Quid
868 1625 974 1689 attinet
991 1623 1081 1708 igitur
1097 1623 1127 1688 in
1146 1624 1223 1689 illins

62 1737 187 1790 naturam
205 1727 377 1812 inquirere?
421 1725 532 1791 Nonne
549 1728 624 1812 apud
642 1745 697 1789 vos
714 1726 758 1790 sic
786 1736 923 1810 tanquam
935 1727 1090 1812 spiritales
1109 1748 1222 1791 sermo·

61 1849 120 1892 nem
140 1829 344 1892 instituimus?
386 1827 464 1895 Nam
482 1829 517 1894 ad
534 1831 608 1893 alios
624 1829 679 1892 ista
698 1829 864 1914 pertinent:
898 1833 1034 1909 Qteontirtn
1049 1853 1105 1893 non
1118 1853 1220 1912 possu-
1232 1841 1307 1888 uem.
1320 1842 1342 1899 a,
1355 1842 1376 1890 t.

61 1952 114 1992 mus
135 1933 215 1995 nodis
240 1936 321 2014 loqui
337 1945 469 2016 tanquam
491 1934 686 2014 spiritulibus,
721 1936 773 1994 sed
792 1944 925 2014 tunquam
944 1935 1118 1996 carnalibus.
1165 1931 1223 1998 Est

61 2033 120 2098 illud
146 2055 223 2098 vero
248 2037 453 2113 metuendum,
489 2056 525 2098 oe
550 2055 590 2098 ex
609 2055 710 2098 eurum
734 2055 924 2120 rerumquae
942 2034 1150 2120 comprehendi
1170 2057 1222 2099 oe-

60 2147 161 2219 qneuot
177 2135 337 2200 ambitioso
354 2137 471 2216 studio,
504 2149 651 2202 eteorum
671 2157 747 2221 qnae
765 2136 940 2221 investigari
959 2157 1017 2200 non
1033 2148 1158 2224 possunt
1175 2138 1221 2201 iu-

60 2237 212 2321 qnisitione
235 2239 265 2303 in
290 2238 462 2303 altissimam
484 2238 641 2325 impietatis
667 2239 839 2322 voraginem
864 2239 1041 2305 incidamus.
1085 2243 1126 2302 Ee
1142 2245 1215 2316 deiri,
1232 2251 1361 2312 noctque

59 2343 171 2421 Sapiens
185 2363 254 2416 ern,
288 2353 318 2404 et
341 2346 402 2424 ipsc
427 2345 541 2422 longsits
559 2363 577 2404 n
594 2365 637 2404 ore
657 2348 776 2405 recessit
792 2364 875 2424 quum
892 2354 972 2418 erut,·
1006 2355 1037 2405 et
1052 2346 1220 2406 olitisriouot

60 2455 95 2504 est
107 2445 302 2526 profundum.-
325 2449 389 2527 quas
402 2449 525 2508 somnne!
541 2447 623 2508 titud.
670 2443 895 2510 Meminerimus
916 2445 992 2509 enim
1012 2443 1077 2511 eius
1094 2447 1141 2530 qui
1163 2448 1219 2510 ista

61 2545 142 2610 disits
174 2551 227 2610 Ec
239 2559 324 2628 purte
339 2553 548 2630 cognoscimus,
581 2560 611 2609 et
624 2571 662 2610 en
674 2560 760 2630 purte
781 2552 992 2630 prophetamus.
1041 2553 1110 2612 Cum
1126 2561 1373 2663 “mmissss''¹³’{

60 2655 160 2712 mom't
176 2653 258 2733 quod
272 2653 430 2732 perfectum
448 2663 506 2726 est,
531 2652 715 2714 evacuabitur
727 2654 804 2732 quod
819 2675 857 2714 ec
866 2663 953 2733 porte
967 2662 1028 2714 est:
1058 2657 1162 2736 siquis
1176 2646 1246 2715 ιη’-ι’
1289 2617 1339 2673 '⁸⁸'

60 2755 133 2815 denar
145 2758 242 2827 seme,
266 2757 389 2816 nondum
402 2759 481 2816 nouit
494 2758 722 2838 quemadmodum
739 2766 870 2836 oportent
882 2757 968 2817 scire.
1016 2752 1218 2838 Quamobrem

60 2857 215 2920 uerendum
239 2855 324 2920 uobis
350 2866 398 2920 est
423 2877 477 2935 oe,
511 2857 578 2920 dnm
604 2857 641 2921 de
667 2857 713 2920 his
738 2877 814 2942 quoe
829 2859 947 2942 assequi
969 2881 1027 2922 uon
1049 2879 1216 2943 possumus,

61 2979 110 3041 quo
130 2958 198 3022 inre
223 2979 337 3044 quaque
363 2959 470 3024 iniuria
485 2960 635 3046 disputare
652 2961 807 3038 volumus,
839 2979 876 3023 ne
893 2961 929 3024 de
948 2960 992 3024 his
1011 2961 1126 3046 quidem
1143 2981 1218 3044 quae

61 3060 200 3146 attingere
226 3082 382 3146 possumus
414 3062 578 3148 disputandi
604 3062 727 3126 incultas
754 3061 947 3146 relinquatur.
998 3059 1076 3126 Nam
1103 3083 1143 3126 ex
1162 3062 1219 3126 fide

60 3160 149 3248 loqui,
174 3185 235 3228 nou
255 3185 294 3228 es
316 3163 361 3229 luis
380 3185 456 3249 quoe
475 3165 617 3251 quispiam
645 3164 793 3250 loquitur,
827 3163 912 3228 fidem
939 3164 1078 3230 adhibere
1109 3185 1219 3230 eonve-

61 3264 114 3330 uit:
138 3271 259 3330 Credidi
275 3273 366 3342 eurio,
390 3267 502 3352 inquit,
532 3279 651 3350 propter
667 3271 743 3349 quod
758 3280 787 3330 et
804 3271 915 3330 locutus
929 3290 1002 3331 sum.
1050 3265 1152 3351 Qttare
1166 3267 1215 3354 qui
1248 3281 1333 3328 nuto.

61 3367 91 3430 de
104 3369 222 3456 propria
242 3369 435 3453 generatione
455 3367 529 3432 certi
546 3369 616 3434 nihil
632 3369 776 3434 offirmare
794 3389 962 3455 possumus,
976 3391 1041 3434 oum
1060 3369 1107 3433 lei
1126 3391 1216 3454 gene.
1243 3334 1288 3391 ¹¹⁵·
1303 3335 1335 3380 ¹²

59 3471 194 3536 rationem
211 3472 328 3535 curiose
352 3482 588 3556 perscrutamur,
621 3483 652 3536 et
669 3471 825 3536 ambitiose
843 3473 993 3558 explicare
1012 3462 1060 3538 ille
1081 3473 1217 3560 aggredi·
1338 3465 1343 3472 ’

61 3593 128 3654 nur,
151 3593 254 3638 nonne
272 3574 429 3639 timendum
448 3585 546 3639 estne
562 3573 620 3654 his,
644 3574 693 3660 qni
709 3595 767 3639 non
782 3574 953 3661 discipliuae
973 3577 1059 3640 modo
1073 3576 1214 3662 linguam,

61 3676 148 3740 sedet
165 3676 393 3763 opportunitatis
410 3677 445 3741 ad
474 3677 626 3742 dicendum
652 3677 805 3741 scientiam
830 3681 964 3758 confert,
987 3690 1117 3743 nostram
1138 3679 1216 3742 illam

62 3777 267 3844 addicendum
293 3781 480 3867 praecipitem
506 3779 658 3844 andaciam
682 3780 800 3845 silentio
824 3781 962 3846 damnet?
1012 3779 1099 3866 Quod
1125 3780 1212 3844 beatu
1238 3795 1326 3844 uest.

63 3878 96 3942 illi
119 3879 282 3946 Zachariae
307 3883 443 3968 contigit.
488 3882 547 3968 Qui
569 3884 685 3968 quidem
711 3883 762 3947 lilii
786 3884 969 3948 nativitatem
992 3883 1137 3948 ouuttianti
1159 3882 1216 3948 sibi

63 3985 157 4067 angelo
175 3985 296 4050 minime
314 3986 452 4065 credens,
476 4005 510 4050 ao
527 3986 573 4051 dei
591 3986 714 4072 gratiam
732 3996 762 4051 et
775 3988 914 4052 uirtutem
930 3986 1075 4051 humatme
1091 3985 1215 4051 rationis

64 4088 209 4151 momentis
226 4109 262 4152 au
278 4088 457 4174 ponderibus
472 4089 651 4166 aestimans,
676 4109 834 4175 secumque
853 4090 916 4175 ipse
932 4088 1067 4152 dubitans
1077 4083 1091 4170 ,’
1111 4090 1215 4174 ecquid

64 4200 156 4254 natura
173 4201 336 4277 pateretur,
360 4203 392 4258 ut
409 4193 493 4256 senio
513 4193 667 4256 conlectus
684 4213 724 4256 ex
742 4213 801 4256 cnu
819 4191 930 4256 liberos
946 4189 1122 4276 susciperet,
1146 4193 1214 4278 quid

65 4287 168 4354 demum
184 4291 352 4377 eloquitur?
396 4300 549 4376 Quomodo,
574 4294 686 4380 iuquit,
700 4295 773 4379 sore
788 4299 843 4357 uste
860 4301 1051 4376 cognoscem?
1071 4301 1214 4376 egoenim

63 4412 117 4453 eum
130 4417 225 4471 seces,
251 4408 369 4460 elusor
382 4419 443 4460 meo
456 4403 598 4480 processit
612 4402 641 4462 in
658 4400 758 4462 diebus
772 4402 843 4460 suta.
890 4395 975 4463 Untle
991 4399 1089 4461 statim
1109 4399 1213 4479 audiit,

65 4497 130 4558 Ecce
144 4505 200 4561 eris
216 4511 312 4562 tacens
328 4512 357 4562 et
373 4522 428 4564 noo
440 4505 550 4582 poteris
566 4505 653 4585 loqui.
701 4497 742 4564 Et
764 4521 822 4564 uon
846 4510 962 4588 poterat
985 4501 1064 4589 loqui
1084 4523 1150 4568 curn
1166 4522 1213 4570 eu·

66 4607 105 4658 sel
125 4620 273 4683 egressus.
