3044 5018
464 282 788 336 nuuoerunuunosrs.
1145 266 1209 332 589

40 417 202 486 rupncnem
224 407 311 481 uellet,-
343 425 429 488 quem
453 403 610 483 divinitus,
643 423 718 486 quoe
749 423 814 465 cum
837 399 886 465 ille
910 400 1065 464 coniuncte
1090 419 1209 486 semper

42 518 128 585 eret,
153 507 311 586 excitarit,
336 511 395 570 tom
412 527 478 570 euru
495 505 629 570 domiuus
646 506 709 591 ipse
724 505 797 568 deus
812 523 848 568 uc
865 502 986 566 verbum
1010 503 1114 586 deique
1132 503 1207 568 lilius

41 631 111 672 cum
129 607 226 674 enimn
241 619 272 672 et
287 629 412 693 corpore
425 619 545 693 totoque
560 609 636 672 odeo
651 608 847 672 instrumento
864 605 1008 684 surrexit,
1032 607 1108 689 quod
1125 604 1207 670 dein·

39 733 114 798 ceps
131 712 212 775 velut
228 711 258 774 iu
276 711 409 796 spiritum
430 710 603 789 conflatum,
636 731 760 795 corpus,
784 709 922 792 iuquam,
946 705 1077 792 spiritale
1098 708 1205 772 loetum

38 825 110 890 est,
142 815 218 898 quod
242 813 311 877 olim
337 813 516 878 contrectari
539 823 670 899 poteret,
702 822 733 875 et
757 813 834 894 quod
859 808 997 874 diviuitas
1019 810 1082 894 ipso
1101 821 1207 894 sponte

37 915 108 980 fieri
134 916 327 1001 permiserat,
362 917 463 1000 flagris
490 915 657 1002 expositum
684 915 797 994 lueret,
833 925 863 976 et
885 911 1014 978 Setnooe
1037 912 1206 976 tentationi-

36 1017 98 1081 bus
119 1019 297 1104 appetitum,
328 1039 363 1084 ee
391 1018 479 1097 lomi,
510 1039 633 1098 somuo,
658 1016 770 1096 labori,
796 1015 932 1080 tristitiae
950 1037 984 1079 nc
1003 1015 1131 1079 moerori
1154 1015 1205 1079 oh·

39 1119 180 1184 noxium.

129 1221 201 1288 lllod
226 1225 319 1310 ipsum
344 1234 566 1291 sacrosanctum
593 1243 700 1308 corpus
720 1222 859 1308 deinceps
878 1241 943 1288 com
963 1221 1115 1288 diviuitete
1133 1242 1204 1286 cou-

35 1325 172 1391 iuoctum
193 1326 264 1406 luit,
297 1345 373 1410 quae
391 1338 532 1412 perpetuo
555 1325 705 1404 onmillo,
736 1325 803 1388 dnm
828 1329 884 1388 iste
910 1333 1076 1409 poteretur,
1107 1326 1205 1389 lueret

35 1427 210 1494 coniuncte.
257 1425 399 1494 Surrexit
424 1427 520 1507 enim,
550 1427 703 1513 ipsumque
727 1447 834 1512 corpus
849 1427 878 1489 in
896 1448 984 1490 unum
1001 1447 1101 1492 secum
1117 1428 1203 1513 spiri·

35 1544 122 1611 tum,
154 1551 299 1616 unamque
320 1531 555 1616 singularitetem
579 1551 614 1593 oc
638 1529 761 1614 gloriam
781 1528 1023 1613 divinitatemque
1042 1530 1201 1615 copulavit.

34 1631 160 1698 Etenim
177 1655 283 1700 revere
301 1645 367 1720 post
381 1645 505 1698 mortem
523 1633 672 1718 apparuit,
697 1643 727 1695 ot
748 1652 765 1694 u
788 1630 905 1696 Tuoma
924 1642 1124 1696 contrectatus
1143 1645 1202 1711 cst,

34 1747 71 1800 et
87 1758 153 1800 cum
169 1737 311 1822 apostolis
328 1747 465 1802 versutus
483 1747 546 1815 cst,
569 1757 604 1800 uc
623 1734 712 1811 bibit,
737 1755 772 1797 ec
791 1734 916 1820 donique
934 1735 1125 1821 quodraginta
1140 1736 1203 1800 dies

33 1838 220 1924 totidemque
240 1849 343 1904 noctes
365 1859 430 1903 cum
448 1838 506 1902 illis
524 1837 676 1902 habitavit.
723 1838 769 1900 Ad
788 1835 861 1902 haec
880 1837 1007 1901 occlusis
1029 1838 1142 1904 loribus
1158 1837 1203 1900 iu-

33 1961 162 2026 gressus
185 1963 295 2006 neruos
319 1953 349 2005 et
372 1962 441 2006 osso
458 1940 667 2024 clavorumque
686 1961 720 2002 ec
735 1938 857 2002 louceee
873 1939 999 2024 vestigio
1016 1941 1201 2019 monstravit,

33 2055 70 2108 et
93 2065 196 2108 verum
224 2065 292 2108 esse
317 2063 424 2128 corpus
451 2042 579 2106 edocuit.
626 2038 713 2124 Quod
738 2051 835 2105 nutem
856 2041 888 2105 iu
910 2063 995 2106 uuum
1019 2043 1201 2110 divinitatem

33 2147 227 2210 coniunctum
253 2145 362 2210 nullum
388 2144 513 2230 emplius
536 2144 716 2224 cruciatum,
747 2143 796 2208 vel
812 2155 936 2208 mortem
959 2155 1131 2231 exspectet,
1157 2145 1201 2212 his

32 2249 140 2312 verbis
153 2250 284 2314 deolemt
297 2247 465 2333 apostolus:
490 2250 629 2310 Surreet't
645 2250 797 2321 cerretum
819 2268 876 2309 non
892 2251 948 2308 tum
962 2252 1101 2323 moritur,
1126 2269 1202 2312 nors
1216 2255 1342 2316 nemen.

30 2355 85 2414 itti
104 2355 182 2416 ultro
202 2374 259 2414 non
281 2351 482 2412 domtnndttur.
528 2347 609 2412 ldem
631 2368 703 2432 ergo
725 2349 800 2432 quod
830 2349 887 2435 peti
913 2360 1029 2435 poteret
1053 2352 1200 2436 passionis

33 2473 150 2538 expers
166 2452 285 2532 mansit,
310 2452 447 2516 divinitus
463 2451 575 2516 scilicet
595 2471 659 2514 cum
674 2471 800 2535 corpore
818 2462 848 2516 et
864 2451 960 2516 enimn
975 2473 1010 2517 oc
1027 2463 1087 2518 toto
1102 2454 1201 2520 hume-

33 2556 132 2620 nitete
154 2557 329 2636 coniuncto,
361 2556 434 2618 deus
450 2554 513 2640 ipse
540 2573 592 2639 per
614 2573 694 2617 sese.
741 2551 799 2636 Qui
823 2559 976 2618 mcendeus
994 2561 1024 2618 e'n
1042 2562 1340 2628 metuendumne

31 2663 184 2722 dexterum
198 2663 294 2740 petru
310 2662 436 2720 consedit
450 2660 607 2738 engloriuj
641 2677 699 2720 uou
716 2666 748 2720 ut
763 2677 870 2741 corpus
887 2659 1065 2742 deponeret,
1098 2661 1151 2726 sed
1169 2673 1201 2726 ut

31 2763 65 2824 in
86 2761 175 2824 unius
198 2761 381 2845 perfectione
406 2757 567 2826 divinitatis
590 2758 620 2822 iu
643 2758 775 2843 spiritale
800 2760 954 2824 conderet.
1001 2759 1199 2844 Quemadmo-

32 2865 105 2930 dum
123 2863 196 2926 haec
210 2863 274 2948 ipso
293 2883 417 2948 corpore
435 2873 547 2940 nostro,
571 2885 644 2943 pune
660 2883 736 2924 nuuc
753 2866 888 2926 nmlnolt'o
904 2869 1090 2940 sentirentur,
1114 2871 1200 2948 eperi-
1229 2877 1321 2974 tfficopp

32 2969 93 3028 told
112 2971 232 3047 quodum
256 2969 417 3028 conditione
439 2976 615 3045 resurguut3
647 2985 735 3046 prece,
769 2965 903 3050 iuquam,
934 2988 996 3028 curn
1019 2974 1199 3050 corruptione
1269 2962 1277 2986 '

31 3079 192 3143 seruntur,
216 3091 278 3130 cunt
295 3071 508 3148 incorruptione
525 3079 668 3148 surguut3
692 3090 763 3150 quae
779 3073 809 3130 dn
825 3080 916 3130 morte
926 3074 1111 3146 seminantur,
1136 3095 1199 3139 eum

30 3173 250 3234 etumortcdt'tote
273 3181 441 3252 resmgunt.
488 3166 575 3251 Quod
602 3169 627 3232 si
654 3168 797 3234 eiusmodi
823 3192 948 3257 corpore
974 3182 1077 3238 nostre
1103 3175 1200 3243 lolure

29 3283 126 3351 sunt,
160 3285 268 3356 quanto
293 3273 386 3356 magis
410 3270 626 3336 sanctissimum
644 3273 713 3338 illud
731 3269 844 3338 Christi
862 3295 987 3359 corpus,
1012 3276 1090 3360 quod
1112 3279 1199 3342 nullis

31 3373 139 3442 verbis
155 3375 310 3460 explicari,
334 3395 429 3459 neque
446 3395 510 3438 cum
527 3374 583 3438 ulle
601 3395 633 3438 re
651 3375 813 3460 comparari
828 3386 936 3460 potest,
960 3378 1043 3457 illud,
1066 3378 1197 3464 iuquem,

30 3476 270 3542 sincerissimum
296 3499 331 3541 eo
349 3499 414 3563 cum
439 3477 495 3540 deo
519 3476 727 3556 coniunctum,
759 3478 908 3561 singulare
927 3479 1065 3567 deinceps
1083 3492 1114 3546 et
1133 3483 1198 3548 oni-

31 3581 151 3644 lormel
194 3576 280 3662 Quod
305 3579 420 3664 quidem
443 3579 594 3665 apostolus
612 3578 666 3642 hac
680 3579 826 3644 sententie
845 3589 987 3647 testetur:
1020 3588 1060 3646 Et
1074 3590 1104 3648 er·
1116 3591 1195 3648 noui·
1208 3597 1276 3650 uon.
1289 3602 1339 3658 ut

31 3705 116 3758 mets,
140 3683 250 3767 inquit,
274 3687 426 3746 secuudum
443 3703 555 3744 earnem
571 3685 729 3758 Christum,
754 3705 810 3745 non
828 3689 884 3745 rom
901 3691 1113 3766 cognoscuntur,-
1139 3709 1197 3754 uon

32 3785 114 3871 quod
131 3805 250 3848 curnem
267 3807 284 3849 o
299 3785 452 3849 divinitate
468 3784 647 3863 seiunxerit,
669 3785 722 3848 sed
742 3787 818 3871 quod
836 3786 946 3851 existet
968 3778 1016 3852 illo
1031 3789 1147 3873 quidem
1163 3813 1198 3856 oc
1245 3835 1249 3845 ·

68 3921 111 3976 71.
132 3924 206 3972 Verte
226 3917 400 3988 ἀποθνήσκει,
426 3919 533 3983 θάνατος
550 3916 599 3976 ud-
667 3921 709 3976 75.
727 3919 757 3978 dl
772 3922 808 3984 cle
825 3927 879 3978 edit
896 3927 996 3990 Petau,
1019 3931 1113 3990 praeter
1127 3931 1195 3988 codd.

30 3990 78 4044 τοῦ
92 3984 196 4050 οὐκέτι,
213 4005 273 4054 quoe
290 3993 374 4042 obsunt
390 4005 405 4040 o
422 3993 490 4042 codd
505 4005 561 4042 ntes.
579 3997 601 4041 et
633 3996 802 4043 auctoritatem.

31 4061 89 4109 edtt.
108 4061 200 4122 prtum,
222 4063 327 4122 prtrrmm
351 4061 464 4112 Petuntur
484 4063 600 4124 suppleuit
668 4059 709 4112 76.
724 4056 753 4113 cd
772 4063 849 4112 omiss.
866 4064 891 4111 tn
908 4065 963 4112 edtt.
980 4063 1063 4114 Petoc.

32 4141 63 4179 ee
80 4129 190 4179 Ponorio
205 4142 262 4191 pop.
281 4127 351 4178 1100.
667 4126 708 4179 77.
727 4127 812 4193 μέλλει
825 4132 915 4180 restitut
929 4145 959 4180 ee
976 4131 1080 4184 Ponant
1094 4135 1143 4185 loeo
1157 4149 1196 4198 pe-

68 4194 111 4249 72.
126 4197 201 4245 Verbo
214 4195 258 4247 τοῦ
272 4189 453 4258 demeterent
466 4193 495 4249 τὸ
511 4199 599 4247 omtscc
632 4197 701 4248 mette
723 4212 782 4260 pop.
799 4197 869 4249 1100.
896 4199 963 4248 Ltbrt
988 4202 1097 4252 mendose
1126 4205 1197 4266 culpe

31 4269 90 4315 sunt
107 4265 131 4312 tu
148 4265 202 4313 edtt.
221 4265 304 4316 Petou.
634 4265 708 4332 μέλη.

67 4329 111 4384 73.
129 4330 241 4450 dpppdpet
254 4332 322 4382 codd
339 4345 395 4382 mse.
416 4337 437 4382 et
453 4333 507 4384 edtt.
521 4336 598 4395 princ.
667 4334 707 4386 tn.
719 4349 750 4400 γε
763 4332 856 4400 μᾶλλον
870 4336 924 4386 edtt
933 4338 1025 4402 Peleu,
1040 4339 1121 4389 tuuttte
1132 4339 1197 4390 rum

70 4412 140 4452 sose
161 4401 182 4448 '.
221 4405 280 4450 etou.
632 4406 686 4454 cett.

34 4399 111 4520 Mil.
127 4463 318 4535 duuutpunn'oct
333 4471 388 4521 edtt.
404 4469 504 4533 Puteo..
521 4473 600 4522 invide
666 4468 708 4524 79.
727 4468 772 4536 piu
790 4459 866 4526 οὖσαι
885 4475 970 4538 lenitur
992 4477 1017 4529 ιἰι
1035 4479 1125 4540 spem
1141 4477 1194 4528 stc.

32 4539 100 4588 tort·
117 4541 172 4587 vett.
630 4555 689 4605 pop·
708 4540 779 4593 1100.
