3082 5006
328 315 370 380 36
748 327 870 405 οικοτι
888 327 1057 380 τοιουτου

411 439 538 528 ’Τπίστη
562 445 595 511 δέ
615 445 664 510 καλ
692 446 806 530 έξορίαν
824 443 916 522 αῦεῦς
938 441 956 513 ό
978 445 1071 533 γέρων
1085 443 1201 522 Αῦδιος
1227 447 1269 521 είς
1290 445 1326 512 τῦ
1340 447 1417 531 μέρη
1434 452 1479 529 τῆς

329 551 479 628 Σκυθίας,
502 545 563 613 ῦπδ
577 553 631 614 τοῦ
648 550 790 631 βασιλέως
807 551 985 635 ίξορισθελς,
1008 545 1059 614 διαί
1073 546 1107 614 τό
1126 545 1299 631 όφηυιόζειν
1311 547 1414 626 λαοῦς·
1435 549 1478 614 καί
1532 541 1533 574 ¹

326 646 388 716 ῦπδ
414 658 473 716 τῶν
496 649 669 717 έπισκόποον
691 657 733 740 τῶ
755 656 871 734 βασιλεῖ
888 649 1047 735 διηνέχθη.
1089 648 1171 717 Ἐκεῖ
1188 651 1220 717 δὲ
1236 651 1360 734 μάλιστα
1376 655 1479 736 διαερί-
1532 675 1533 730 j

299 791 304 800 ‹
327 756 391 836 βοον
404 753 549 838 (Τχρόνον
564 756 639 820 ἐτῶν
652 750 710 819 οῦκ
725 755 780 837 ίχα
800 756 904 842 λέγειν)
921 757 972 821 καλ
986 756 1028 832 είς
1043 753 1080 820 τοί
1099 753 1202 840 πρόσω
1221 758 1349 836 βαίνων,
1379 757 1429 821 καί
1445 757 1481 830 είς

326 854 363 922 τό
379 856 511 923 έσοίεατα
528 864 582 941 τῆς
597 863 741 934 Γοεθίας,
763 856 890 935 πολλοῦς
903 864 963 924 τῶν
980 856 1107 924 Γόεθαν
1122 855 1299 940 κακηχησεν,
1320 854 1376 939 λίφ’
1394 849 1479 942 οῦπερ

324 962 376 1026 κοιλ
398 959 582 1044 μονασεήρια
604 962 636 1026 έν
651 966 688 1051 τῇ
712 959 790 1050 αὐτῇ
809 965 924 1050 Γοτθίρι
943 961 1072 1045 ἐγένετο,
1101 962 1152 1027 καί
1167 965 1313 1040 πολιτεία,
1341 961 1395 1026 καλ
1413 987 1480 1046 παρ

323 1068 412 1129 θενία
427 1088 459 1130 τε
474 1066 526 1132 καλ
542 1062 666 1146 ῦσκησις
681 1060 734 1146 οόχ
750 1060 772 1147 ἦ
784 1070 921 1146 τυχοῦσα.
936 1061 1021 1128 ’Ἐστι
1034 1060 1090 1150 γῦρ
1106 1068 1146 1153 τῷ
1162 1061 1228 1129 ῦντι
1241 1070 1329 1129 τοῦτο
1344 1062 1379 1130 τό
1392 1063 1482 1152 κόμμα

324 1165 404 1232 πῦνυ
429 1168 461 1232 ίν
485 1166 660 1256 ἀναστροφῇ
682 1173 859 1256 θαυμαστῇ,
888 1167 940 1232 καί
960 1164 997 1230 τοί
1019 1167 1118 1236 πάντα
1136 1163 1235 1232 αῦτῶν
1259 1169 1291 1232 έν
1308 1175 1371 1244 τοῖς
1388 1165 1482 1232 αῦτῶι

324 1273 536 1354 μοναστηρίοις
550 1276 648 1345 καλῶς
666 1270 828 1350 ’φέρεταῃ
849 1267 927 1351 πλὴν
945 1275 1005 1336 τῶν
1023 1275 1212 1348 φιλονεικιῶν
1226 1267 1357 1348 τοῦτον,
1388 1277 1443 1353 τῆς
1456 1292 1481 1332 τε

323 1378 512 1456 παραλλαγῆς
528 1377 582 1437 τοῦ
605 1368 710 1455 Πόσχα
726 1377 780 1456 εἷρς
801 1395 832 1438 τε
846 1370 922 1439 κατῦ
938 1369 972 1438 τό
994 1369 1144 1440 ἰδιωτικόν
1165 1374 1334 1459 ἐγκειμένης
1352 1379 1409 1438 τοῦ
1424 1367 1481 1438 κατ’

323 1475 425 1542 είκόνα
447 1471 614 1562 ὁμολογίας.

412 1781 453 1851 Τό
478 1785 511 1851 δί
533 1784 700 1868 δεινότερον
726 1781 847 1849 πόντων
871 1785 921 1850 καλ
946 1781 1167 1870 φοβεροίτερον,
1198 1782 1245 1851 δἐι
1271 1781 1327 1850 οῦκ
1350 1781 1480 1868 εῦχονται

322 1885 396 1972 μετοί
413 1912 511 1966 τινος,
534 1885 591 1953 κῦν
603 1912 634 1952 τε
652 1893 712 1952 τῶν
729 1889 861 1969 δοκίμων
882 1890 1028 1969 ιφανείη,
1050 1888 1099 1952 καί
1116 1886 1209 1970 μηδέν
1225 1889 1268 1964 είς
1283 1891 1481 1972 κατηγόρησα

321 1989 448 2076 ίχόνεων
472 1991 547 2074 μηδὲ
569 1992 685 2074 μέμψιν
707 1993 848 2069 πορνείας
873 1987 895 2074 ἢ
919 1993 1050 2074 μοιχείας
1069 1988 1090 2072 ἢ
1107 1993 1290 2069 πλεονεξίας,
1321 1988 1382 2056 ἀλλ’
1400 1987 1480 2058 ὅτιό

319 2100 454 2172 τοιοῦτος
476 2096 508 2160 έν
528 2101 565 2185 τῇ
585 2097 723 2182 ἐκκλησία
737 2093 901 2179 συνάγεται
946 2095 1008 2157 Καί
1029 2090 1118 2159 τοῦτό
1136 2094 1197 2158 ἐστι
1214 2089 1248 2158 τό
1268 2092 1419 2178 φοβερόν,
1446 2090 1478 2158 τό

320 2196 499 2285 παραλλάξαι
523 2195 620 2282 ὄνομα
637 2203 824 2279 Χριστιανῶν
846 2203 899 2280 τῆς
919 2191 1007 2282 ῦχίας
1029 2197 1199 2279 έκιιλησίας,
1229 2202 1282 2279 τῆς
1298 2193 1341 2279 μή
1356 2193 1480 2279 έχοῦσης

321 2304 461 2370 ίπίθετον
484 2299 595 2384 ὄνομα,
633 2297 703 2365 όλλιί
725 2297 819 2383 μόνον
848 2297 945 2382 ὄνομα
970 2303 1102 2384 Χριστοῦ
1124 2300 1176 2364 καί
1206 2304 1412 2382 Χριστιανῶν,
1441 2301 1480 2375 είς

320 2403 416 2488 ὄνομα
442 2401 560 2469 Αῦδίου
583 2409 755 2482 καλεῖσθαι,
788 2404 958 2468 συνθέσθαι
989 2425 1020 2468 το
1045 2403 1097 2466 καλ
1120 2399 1314 2467 ἀπαιτεῖσθαι
1338 2399 1480 2484 σύνθημα

319 2504 516 2590 οίνθρωπίνης
536 2502 671 2586 φύσεος,
695 2505 722 2570 εί
738 2506 789 2570 καλ
808 2506 858 2570 έπλ
880 2504 914 2571 τό
932 2501 1096 2585 οίκραιφνές
1111 2506 1157 2587 είη
1171 2509 1213 2594 τῷ
1229 2507 1302 2592 βίιμ,
1329 2505 1382 2570 καλ
1400 2503 1480 2594 πόση

319 2605 495 2698 δικαιοσύνῃ
509 2605 542 2674 τό
560 2607 656 2694 τάγμα
671 2605 899 2691 σεμνυνόμενον.
945 2608 1058 2672 Πολλοί
1083 2606 1117 2672 δέ
1137 2609 1188 2672 καλ
1203 2605 1276 2689 μετοί
1294 2603 1348 2690 την
1363 2608 1479 2674 ἐκείνου

316 2709 453 2794 τελευτὴν
477 2709 614 2798 γεγόνασι
632 2709 689 2776 σῦν
711 2710 816 2786 αὐτοῖς
831 2733 862 2776 τε
887 2711 938 2775 καλ
962 2699 1136 2794 μετ”αῦτδν
1152 2716 1207 2775 τοῦ
1223 2707 1369 2795 κόμματος
1386 2708 1480 2775 αῦκοῦ

318 2815 495 2894 έπίσκοποι,
531 2811 683 2899 Οῦρόνιός
709 2839 755 2890 τις
778 2819 832 2896 τῆς
855 2814 963 2896 Μέσης
990 2819 1050 2878 τῶν
1077 2818 1232 2896 ποταμῶν·
1260 2813 1313 2877 καί
1335 2807 1400 2879 α’πό
1429 2819 1481 2895 τῆς

318 2921 450 2995 Γοεθίας
468 2918 500 2982 δέ
521 2919 584 3001 ἔσχε
598 2915 696 2996 τινας,
718 2917 768 2982 καλ
787 2916 961 2999 κατέστησεν
976 2912 1087 2992 αυέοῦς
1103 2913 1297 2994 ἐπισκόπους,
1314 2911 1386 2980 ιλλλοί
1404 2915 1478 2982 ’καί

317 3017 487 3097 Σιλουανός
508 3045 568 3098 τις,
597 3021 649 3086 καλ
673 3017 755 3085 ῦλλοι
778 3019 868 3097 τινές,
892 3009 935 3083 ιῦν
949 3019 1117 3102 συμβέβηκέ
1140 3041 1224 3094 τινας
1244 3024 1298 3083 τοῦ
1316 3021 1387 3101 βίον
1405 3013 1478 3083 παό·

316 3132 448 3204 σασθαι,
478 3120 605 3207 μα’λιστα
635 3119 793 3208 Οῦρόνιον.
849 3119 940 3205 Ηῦχει
966 3120 1022 3208 γδρ
1050 3112 1138 3196 οὗτος
1161 3118 1310 3202 όναμίσον
1337 3118 1479 3186 τοιοῦτον

193 3239 303 3297 Μιΰῠ.
316 3222 472 3311 τάγματος.
516 3222 606 3290 Μεεοί
627 3225 660 3290 δέ
684 3223 739 3308 τὴν
761 3229 821 3290 τῶν
843 3222 1017 3291 ἐπισκόπων
1039 3223 1139 3288 αὐτῶν
1157 3221 1288 3302 τοῦτον,
1323 3218 1478 3309 Οόρανίου

316 3329 367 3394 καί
383 3334 567 3407 Σιλουανοῦ,
588 3334 643 3393 τοῦ
667 3328 701 3394 ἐκ
731 3331 903 3406 8Γουθίας,
925 3324 1060 3410 τελευτήν
1081 3328 1184 3392 πολλοί
1203 3325 1401 3409 διελύθησαν,
1430 3325 1479 3392 καί

316 3433 359 3507 είς
383 3427 481 3516 ὀλίγον
503 3423 578 3514 ἦλθε
600 3427 634 3497 τῦ
649 3427 762 3496 τοῦτοεν
782 3429 933 3514 σόστημα,
963 3431 996 3495 έν
1012 3455 1042 3494 τε
1060 3437 1123 3506 τοῖς
1140 3430 1239 3514 μέρεσι
1260 3431 1414 3504 Χαλκίδος
1429 3435 1479 3510 τῆς

315 3529 391 3616 πρδς
407 3530 596 3616 Ἀντιοχείας,
626 3533 677 3598 καί
703 3535 735 3599 έν
755 3542 819 3610 τοῖς
841 3533 940 3617 μέρεσι
962 3539 1016 3598 τοῦ
1040 3529 1215 3616 Εῦφρῦτου.
1261 3531 1322 3595 Καί
1336 3527 1394 3616 γῦρ
1416 3527 1478 3597 αἰπό

316 3642 369 3719 τῆς
383 3639 514 3712 Γοεθίας
529 3633 716 3719 ἐδιώχθησαν
733 3639 765 3702 οί
782 3640 901 3710 πλείους
907 3684 916 3714 ,
944 3631 981 3700 οῦ
996 3633 1107 3717 μόνον,
1137 3631 1207 3700 όλλιί
1229 3635 1280 3699 καλ
1294 3635 1328 3698 οί
1339 3629 1479 3718 ἡμέτεροι

314 3739 378 3805 έκεί
391 3739 580 3824 Χριστιανοί,
608 3740 743 3825 διωγμοῦ
764 3737 890 3824 μεγόλου
913 3735 1068 3814 ένστοίνκος
1086 3734 1148 3803 ῦπδ
1171 3734 1479 3820 βασιλέοςἜλληνος,

313 3845 416 3909 δεινοῦ
430 3866 461 3906 τι
477 3841 653 3928 γενομένου,
682 3843 734 3906 καλ
748 3839 825 3926 πρός
841 3847 928 3923 ζῆλον
948 3846 1008 3904 τῶν
1021 3837 1191 3923 Ῥωμαίων,
1221 3836 1272 3904 διαί
1287 3837 1321 3904 τό
1338 3838 1411 3916 τοῦς
1426 3845 1480 3924 βα-

313 3953 403 4021 σιλεῖς
413 3951 474 4010 τῶν
486 3939 638 4026 Ῥωμαίων
650 3940 726 4009 εἶναι
739 3933 944 4029 Χριστιανοῦς,
963 3941 1023 4009 *τό
1040 3950 1101 4008 πᾶν
1111 3943 1199 4029 γένος
1210 3948 1271 4007 τῶν
1288 3947 1480 4021 Χριστιανῶν

287 4125 288 4128 ¹
314 4043 366 4113 ἄπ’
386 4049 505 4115 ἐκείνων
522 4041 737 4130 α’πελασθῆναι.
784 4043 831 4112 Οί
848 4050 940 4112 λείπει
964 4045 996 4112 δλ
1019 4048 1083 4131 ῥίζα
1101 4049 1227 4128 σοφίας,
1250 4040 1321 4111 οῦδὲ
1337 4045 1479 4130 φόνευμα

290 4248 293 4254 ’
347 4254 371 4308 7.
388 4254 486 4324 χρόνον
502 4257 570 4308 σασα
585 4269 641 4306 κιαι.
659 4262 681 4306 ιι
695 4257 751 4308 edit.
764 4257 841 4319 χιιίκι.
943 4257 968 4308 2.
986 4253 1031 4308 καὶ
1046 4269 1092 4306 σπι.
1109 4257 1162 4306 οοσ.
1179 4255 1277 4319 Rhodia.

346 4323 371 4374 [λ
388 4323 506 4390 φέρονται
521 4327 573 4376 cod.
592 4325 689 4385 λλιιλίρ.
943 4322 968 4376 3.
987 4321 1076 4388 γοθίας
1092 4325 1143 4374 uod„
1161 4325 1259 4386 λλισλρ.

349 4389 408 4440 (λιι.
425 4391 481 4442 XV.
499 4419 532 4431 -
565 4395 584 4443 Ι.
602 4391 693 4458 φανείη
708 4393 876 4442 remittendum
943 4387 967 4442 4.
985 4393 1138 4442 scribendum
1152 4397 1209 4454 μαλσ
1222 4395 1265 4441 ουλ
1278 4387 1322 4444 καλ
1335 4385 1401 4456 πρός
1417 4395 1439 4455 ζ.
1453 4405 1477 4447 τ.

312 4463 363 4510 παλ
376 4473 407 4509 ex
423 4457 518 4526 φαιίη,
538 4461 602 4523 quoa
616 4463 642 4510 ικ
658 4459 727 4510 wad.
742 4473 799 4510 πει.
814 4465 835 4510 τι
850 4463 875 4511 λιι
908 4453 999 4525 Ῥωμ..
1016 4462 1040 4513 δ.
1056 4475 1078 4510 τ.
1093 4476 1116 4512 τ.
1132 4461 1156 4528 μ
1171 4475 1193 4511 τ.
1215 4455 1294 4526 Ῥαμ.
1323 4453 1388 4513 εἶναι
1412 4459 1476 4524 Χρι-

311 4527 437 4648 actam.
453 4527 640 4590 deprehenditur.
664 4521 733 4596 φάνη
750 4533 784 4582 ιιλ
798 4530 823 4581 λιι
837 4529 874 4580 ιδ
909 4525 1039 4596 οτιαιοῦς,
1056 4523 1086 4582 τί
1101 4525 1150 4582 πᾶν
1163 4525 1235 4594 γένος
1249 4543 1271 4580 τ.
1287 4521 1396 4596 Χρ.α’π’
1410 4526 1477 4582 έκιλ·

373 4610 413 4646 οιι
