3058 5014
297 291 955 346 renutunrn.1n.ronr.1.nann.1.xxur.
1140 279 1202 344 etr

55 413 183 478 indoctus
205 422 329 478 aeterno
355 415 411 478 deo
429 413 550 498 eiusque
574 411 677 497 spiritu
696 422 799 476 sancto
816 411 952 496 neglecto
968 411 1003 476 arl
1022 423 1086 478 tuas
1102 423 1202 497 partes

56 516 174 580 transire
188 514 286 594 malit,
309 535 345 578 ao
363 516 399 579 de
416 516 516 600 genito
534 516 589 579 deo
605 515 799 601 disputantem
818 514 928 592 audiat,
953 524 985 578 nt
1002 523 1031 578 et
1047 515 1111 600 ipse
1126 514 1204 578 inter

55 620 154 683 stultos
168 627 356 696 numeretur,
379 630 409 680 et
424 631 584 680 meatorum
602 621 664 680 loeo
680 622 818 680 creatores
832 621 955 679 odorare
969 619 1127 691 condecent,
1152 621 1205 698 pei
1214 637 1280 686 nen.
1296 637 1355 694 trs.

54 724 266 784 estbenedictus
279 725 308 782 e'n
327 723 460 795 smum,
489 725 605 783 Arnen?
646 717 713 784 Nos
734 720 811 782 enim
830 729 961 784 creatum
985 741 1043 783 oon
1064 718 1204 783 habemns

54 825 202 888 deomant
220 825 345 901 lactum,
367 823 419 886 scd
436 823 609 900 increatum,
634 831 696 885 eta
713 821 793 885 nullo
810 821 976 901 conditum,
1000 831 1116 906 apatre
1133 843 1205 886 vero

53 925 113 990 sine
135 925 219 990 initio
243 925 303 988 ullo
327 944 362 988 ac
387 935 519 1010 tempore
539 925 680 1008 genitum.
727 921 873 1008 Quicquid
897 924 925 988 in
949 924 1003 989 hac
1022 923 1114 1008 geniti
1134 945 1207 988 voce

54 1028 214 1094 calumniae
230 1027 379 1092 struxeris
392 1037 423 1090 et
440 1026 576 1110 ambigue
590 1024 753 1112 usurparis,
777 1047 841 1090 eam
858 1026 911 1091 abs
928 1037 956 1090 te
972 1027 1128 1090 dictionem
1148 1045 1206 1089 non

52 1131 220 1209 admittam,
251 1129 367 1193 tametsi
393 1149 430 1192 ne
455 1129 497 1192 ita
520 1129 634 1213 quidem
659 1128 787 1214 accipias
811 1139 843 1194 ut
865 1141 947 1214 patre
969 1128 1091 1192 interior
1113 1129 1208 1193 iactus

53 1253 118 1297 esse
133 1232 265 1296 dieature
295 1233 394 1312 Neque
410 1235 483 1294 enain
503 1254 519 1293 e
537 1236 627 1312 epein's
642 1234 783 1311 colligunt
803 1253 889 1305 nvos,
921 1253 1010 1313 neque
1032 1255 1070 1293 ec
1094 1233 1208 1294 trituret
1242 1238 1329 1336 qttltqh·

44 1337 139 1414 ficus,
174 1353 270 1418 neque
295 1332 332 1398 ab
357 1353 394 1396 eo
418 1332 468 1416 qui
492 1353 624 1398 errorem
648 1343 768 1398 secutus
794 1345 840 1398 est
863 1355 966 1399 sanum
996 1355 1031 1398 ac
1059 1333 1207 1398 sincerum
1260 1323 1268 1347 ’
1307 1327 1313 1340 '

52 1437 157 1519 dogma
173 1434 319 1521 proficisci
336 1444 445 1520 potest.
491 1431 593 1519 Quare
616 1435 750 1500 dominns
772 1436 835 1522 ipse
852 1436 1001 1500 silentium
1018 1436 1209 1500 doemonibus

51 1538 176 1616 indixit,
209 1527 267 1616 Qui
280 1559 311 1598 ee
328 1539 471 1598 Clinicum
488 1559 549 1600 ecee
562 1539 737 1620 fatebuntur.
784 1535 871 1621 Quod
888 1549 985 1603 autern
1003 1538 1039 1602 nd
1056 1559 1207 1602 sacrarum
1219 1555 1304 1614 noer,
1316 1556 1348 1600 rr.

52 1638 203 1703 literarum
216 1639 392 1704 sententiam
409 1651 545 1704 exactum
561 1660 629 1704 esse
645 1639 773 1704 libellum
787 1639 867 1704 illum
879 1639 1003 1722 asseris,
1027 1640 1085 1720 dic,
1106 1639 1211 1704 amabo

48 1751 97 1818 te,
129 1761 274 1825 quaenam
295 1740 412 1808 divinae
433 1741 597 1827 scripturae
619 1763 687 1827 pars
705 1743 812 1806 lactum
830 1744 915 1808 deum
940 1743 1119 1808 adorandum
1145 1762 1211 1807 esse

50 1842 200 1906 docuerit.
246 1839 333 1925 Quod
349 1842 428 1908 enim
441 1843 589 1929 ingenitus
601 1845 640 1908 sit
656 1845 740 1922 deos,
764 1845 876 1910 dubitat
890 1866 987 1910 neruo.
1033 1844 1081 1908 Ac
1096 1843 1211 1910 umetsi

50 1944 225 2008 nominatim
248 1944 318 2010 illud
339 1947 370 2010 in
390 1945 544 2031 scripturis
564 1967 740 2032 expressum
758 1968 817 2010 nou
838 1948 942 2026 luerit,
974 1945 1161 2032 nihilominus
1180 1957 1213 2011 ut

51 2047 87 2110 de
103 2049 164 2112 deo
182 2057 354 2112 constanter
375 2048 415 2112 itu
439 2049 601 2132 cogitemus
625 2069 660 2114 ac
678 2049 883 2134 profiteamur,
915 2071 980 2114 cum
1002 2058 1085 2113 recta
1109 2049 1213 2134 piaque

49 2149 147 2229 ratio,
173 2158 233 2212 tum
250 2150 404 2234 prudentia
418 2149 481 2235 ipsa
496 2151 665 2236 persuadet.
709 2152 804 2216 Addis
822 2173 912 2232 vero,
945 2173 1003 2237 qno
1021 2151 1149 2216 athletae
1172 2150 1212 2214 illi

50 2253 112 2332 tui,
145 2251 195 2316 vel
220 2251 332 2316 erroris
358 2253 455 2337 potins
478 2253 570 2332 socii,
611 2252 726 2318 lucilius
751 2253 932 2339 intelligant,
972 2253 1214 2338 quemadmodum

48 2355 138 2420 brevi
155 2365 245 2438 atque
260 2354 398 2439 expedita
416 2355 550 2420 oratione
565 2356 721 2441 unicnique
736 2355 894 2421 obiectioni
912 2355 1122 2442 respondeant,
1146 2375 1215 2420 ver·

49 2477 141 2524 suum
163 2475 246 2520 more
262 2466 291 2520 te
306 2455 420 2540 singula
437 2458 533 2544 capita
549 2457 719 2542 digessisse.
766 2456 964 2542 Quamobrem
981 2458 1054 2522 laec
1068 2457 1133 2543 ipsa
1153 2468 1214 2536 tua,

48 2558 221 2644 etquidem
240 2557 413 2638 existimas,
444 2559 628 2638 firmissima,
659 2562 711 2625 sed
736 2561 894 2646 sophistica
919 2570 1109 2646 argumenta,
1140 2579 1217 2644 quae

46 2663 87 2726 ad
113 2661 312 2726 confutandos
337 2663 568 2746 preestantiores
590 2684 721 2748 quosque
745 2663 920 2743 elaborasti,
952 2673 984 2728 ut
1006 2683 1041 2726 os
1062 2673 1144 2726 tuum
1166 2683 1217 2726 su·

47 2765 149 2849 per-lte
167 2772 272 2828 contra
288 2763 444 2828 veritatem
460 2765 639 2845 extolleres,
664 2764 824 2844 hacanos,
848 2766 979 2851 inquam,
1003 2764 1077 2830 viles
1093 2775 1124 2828 et
1142 2763 1217 2828 idio·

47 2878 118 2947 tae,
156 2885 254 2949 neque
279 2885 320 2930 ex
344 2865 548 2952 primariorum
573 2867 689 2933 illorum
708 2889 847 2947 numero,
877 2869 929 2932 sed
954 2867 1101 2954 plerisque
1118 2867 1167 2951 qui
1186 2867 1218 2930 in

45 2979 162 3034 saneta
177 2967 224 3030 dei
242 2967 369 3032 ecclesia
385 2979 545 3033 censentur
558 2969 733 3049 interiores,
756 2972 903 3048 reioure,
934 2970 976 3033 uti
994 2970 1141 3047 diximus,
1166 2989 1218 3053 ag·

42 3071 228 3156 gredimnr,
259 3091 294 3134 ao
310 3079 388 3135 tuam
411 3070 489 3136 illam
507 3071 683 3137 inconditam
708 3071 993 3158 abiectissimamque
1010 3071 1218 3158 loquacitatem

44 3175 211 3240 refellere.

142 3271 205 3340 lll.
222 3271 283 3340 Sed
294 3276 438 3342 adversae
454 3285 533 3340 tnunn
545 3276 615 3341 illud
627 3276 806 3362 prooemium
820 3276 961 3342 hactenus
974 3276 1150 3362 disputatum
1160 3285 1217 3340 ost.
1322 3285 1323 3290 ’

44 3377 160 3444 Venio
184 3399 263 3442 nnnc
287 3378 325 3442 ad
346 3377 416 3444 illud
439 3389 555 3442 tuorum
580 3378 705 3465 capitum
728 3378 920 3464 principium,
952 3380 1029 3464 quod
1048 3377 1096 3442 uti
1116 3399 1221 3465 propo-

42 3504 171 3562 suero,
202 3482 347 3547 ndrersus
363 3501 596 3568 unamquamque
613 3501 714 3546 vocem
732 3492 763 3545 et
778 3491 864 3566 caput
880 3501 963 3546 suam
981 3479 1187 3546 refutationem
1204 3499 1221 3542 o

43 3585 157 3652 saeris
171 3582 267 3648 literis
280 3603 315 3648 ac
330 3594 412 3648 recta
427 3583 542 3648 ratione
558 3584 768 3670 depromptam,
788 3583 843 3646 hoo
859 3593 905 3648 est
918 3583 1079 3670 logicorum
1092 3583 1220 3648 omnium

41 3702 180 3756 marum
203 3685 407 3772 quaestionum
431 3685 651 3752 dissolutionem
675 3707 834 3772 opponam:
867 3697 898 3750 ut
916 3709 981 3752 cnm
1002 3687 1049 3751 dei
1066 3685 1164 3765 servi,
1187 3683 1222 3746 ii·

43 3794 188 3876 demque
203 3788 338 3856 veriores
364 3788 507 3868 athletae,
538 3809 579 3854 err
602 3790 639 3856 iio
655 3791 766 3856 ononis
783 3808 868 3874 quam
885 3788 1012 3855 absurda
1029 3789 1070 3854 sit
1090 3785 1223 3851 doctrina

41 3909 101 3960 ton
121 3891 304 3970 didicerint,
325 3890 483 3971 irrideant,
507 3903 537 3956 et
553 3892 624 3956 illud
640 3903 798 3979 usurpent:
823 3895 963 3976 Supeeddr
979 3895 1074 3956 cordis
1094 3893 1140 3952 tui
1153 3891 1223 3950 doec
1235 3901 1376 3959 nat.1t‚1r

44 4001 108 4061 ete·
120 3999 219 4080 serit.-
251 4006 282 4056 tu
303 3997 375 4056 enim
389 3997 492 4056 nenti
506 3997 574 4056 ltnec
588 3999 618 4058 ἐκ
641 4001 813 4077 cogitatione
829 4007 893 4070 tun,
924 3997 1085 4057 Accendant
1108 3997 1138 4054 e'n
1163 4013 1225 4054 coe-
1275 3965 1325 4010 Μ’

43 4107 134 4176 ιω,
176 4109 205 4159 et
227 4117 316 4178 rupo
332 4099 431 4159 stellas
448 4099 524 4158 coeli
538 4119 642 4180 ponam
663 4101 793 4161 tironum
816 4117 925 4158 meum:
958 4095 1058 4158 sedete
1085 4099 1114 4156 r'n
1134 4107 1226 4158 monte

85 4269 135 4326 ¹4.
159 4268 212 4332 σῆς
227 4267 263 4318 ert
278 4269 360 4320 Petoo.
370 4269 450 4318 cotes
459 4273 532 4331 repet.
544 4273 633 4323 mttere.
701 4266 739 4321 16.
756 4266 801 4320 τοῦ
816 4267 900 4316 attium
921 4269 955 4316 est
969 4265 1025 4316 edd.
1048 4266 1130 4318 ceno.
1148 4267 1226 4317 cotun.

84 4342 133 4392 15.
160 4331 284 4404 εὐσεβῶς,
301 4337 364 4398 duod
376 4337 447 4398 outgo
461 4339 525 4388 oded
538 4340 568 4388 nt
582 4339 632 4388 edi·
665 4342 736 4398 repet

42 4419 88 4478 m,
108 4405 218 4469 reponet
229 4417 260 4454 ec
272 4405 522 4466 conquerentes.
555 4411 632 4471 Agno-
702 4402 741 4456 t'l.
759 4403 916 4471 βραχυτῆτος
939 4403 1006 4452 codd.
1022 4415 1076 4454 mer.
1098 4408 1192 4465 uterque
1207 4405 1229 4452 et

38 4488 91 4538 „a
113 4473 238 4528 murti
257 4473 334 4522 nereio
350 4469 383 4520 do
398 4469 448 4522 deo
464 4471 505 4539 pie
521 4472 571 4531 hoe
587 4491 633 4525 co-
666 4474 721 4526 edit.
736 4475 811 4536 prtne.
848 4467 1005 4540 βραχύτητος
1019 4471 1056 4522 ed.
1070 4471 1151 4524 Peleu.

42 4552 153 4618 girata

958 4628 995 4691 te
1010 4620 1025 4654 *
