3066 5016
329 245 390 310 448
758 257 881 312 οιυετι
899 257 1070 312 εειειιιιειι

327 373 364 439 τῦ
379 377 447 461 περὶ
465 374 558 456 αὐτῆς
573 375 708 456 λέξομεν,
739 378 792 440 καί
809 373 862 452 τάς
878 372 941 441 κατ’
955 375 1047 459 αύτῇς
1062 374 1246 461 άνατροποίς,
1279 376 1354 444 θεόν
1372 377 1485 461 αἰτησά-

328 502 425 559 μενοι,
454 475 530 542 κατά
552 473 585 542 τό
605 475 733 543 δυνατόν
751 479 1009 561 παραθησόμεθα,
1041 477 1125 555 ὅπως
1144 486 1197 563 τῆς
1214 481 1410 547 είδιιιλοποιοῦ
1426 481 1484 546 τιό

327 606 380 663 της
394 580 533 664 αἱρέσεως
545 578 599 656 τάς
613 583 694 664 βίζας
718 580 886 663 ἐκτεμόντες
902 578 963 646 άπό
979 607 1066 646 τινων
1080 580 1134 667 τήν
1155 581 1296 666 τοιαύτην
1315 581 1429 650 λύσσαν
1442 611 1482 649 κτ-

327 689 448 748 ταλῦσαι
469 684 502 748 ἐν
522 689 586 770 θεῷ
607 684 795 764 δυνηθῶμεν.

190 795 257 863 Κεφ.
271 791 302 865 β’.
402 781 474 870 Ἀγε
491 789 603 861 τοίνυν,
632 792 710 850 θεοῦ
727 787 846 863 δοῦλοι,
879 781 1021 868 άνδρικδν
1042 785 1184 871 φρόνημα
1202 785 1422 870 ἐνδυσιύμεθα,
1443 817 1484 872 γυ

327 893 438 952 ναικῦν
462 885 494 952 δέ
510 885 624 954 τούτων
638 885 692 970 τήν
715 891 823 970 μανίαν
839 885 1083 970 διασκεδάσωμεν,
1133 887 1173 955 Τό
1191 896 1252 953 πᾶν
1268 887 1325 974 γάρ
1349 889 1484 972 ῑθύλευς
1521 922 1522 988 χ

324 986 499 1073 ἦύπόνοια,
521 990 572 1055 καὶ
591 987 677 1066 Εῦας
691 989 778 1073 πάλιν
795 997 846 1073 τῆς
859 987 1054 1072 άπατωμένης
1069 989 1101 1056 τό
1113 989 1241 1074 νόσημα
1259 999 1372 1074 μᾶλλον
1389 990 1417 1058 δ
1431 991 1484 1058 ’ότι
1521 1007 1522 1018 ’

326 1098 380 1157 τοῦ
405 1091 518 1174 όφεως,
548 1097 602 1156 τοῦ
626 1093 813 1176 ἐρεθιστικοῦ
830 1090 944 1176 θηρός,
976 1094 1025 1157 καί
1049 1099 1103 1158 τοῦ
1128 1093 1308 1175 λαλήσαντος
1330 1097 1363 1160 ἐν
1380 1091 1484 1184 αῦτῇιξ

324 1200 379 1278 τῆς
395 1193 508 1277 πλάνης
527 1189 700 1276 ὑπόσχεσις,
729 1195 821 1276 μηδέυ
837 1197 880 1270 είς
900 1196 991 1276 μέσον
1013 1196 1161 1280 φέρουσα,
1190 1196 1264 1262 οῦδέ
1278 1195 1315 1262 τά
1330 1192 1484 1282 ύπισχνού-

326 1322 399 1379 μενα
415 1303 578 1376 τελειοῦσα,
601 1293 695 1380 ῦλλ’ἢ
714 1295 807 1379 μόνον
825 1295 961 1362 θάνατον
980 1297 1216 1384 ἀπεργαζομένη,
1247 1297 1285 1363 τό
1299 1297 1340 1382 μῦ
1356 1297 1435 1366 ὄντα
1452 1297 1484 1374 ός

326 1397 397 1466 ὅντα
411 1407 559 1478 καλοῦσα,
589 1401 639 1464 καί
655 1395 705 1465 διά
721 1405 775 1480 τῆς
792 1395 924 1484 ὁράσεως
942 1407 997 1464 τοῦ
1014 1400 1102 1478 ξύλου
1124 1398 1280 1483 παρακοήν
1298 1404 1482 1488 ἐργαζομένη,
1522 1451 1523 1480 ,

324 1503 376 1568 καλ
402 1499 597 1585 ἀποστροφὴν
619 1497 670 1566 ἄπ’
692 1496 784 1584 αῦτῆς
810 1508 863 1584 τῆς
889 1499 1047 1583 άληθείας,
1076 1504 1203 1568 καὶτοῦ
1227 1505 1277 1568 ἐπί
1302 1501 1401 1569 πολλά
1429 1507 1482 1590 τρί-
1522 1503 1523 1550 ί

325 1613 445 1670 πεσθαι.
491 1609 630 1686 Νομίζειν
644 1603 675 1669 δέ
691 1605 769 1668 ἔσται
785 1599 877 1670 όποῖο
891 1599 910 1670 ό
925 1601 1063 1670 άπατειδν
1081 1605 1211 1690 ἔσπειρε,
1232 1607 1340 1690 λόγων,
1354 1603 1484 1671 Ἕσεσθι

328 1705 369 1784 οῦς
385 1711 460 1773 θεοί.
502 1705 589 1772 Οῦτω
616 1707 669 1771 καί
690 1704 804 1772 τούτων
824 1704 856 1773 τό
872 1705 1013 1793 φρόνημα
1034 1705 1245 1790 κεπφούμενον
1262 1714 1300 1796 τῇ
1315 1714 1370 1772 τοῦ
1391 1733 1484 1794 προει-

327 1812 457 1897 ρημένου
480 1806 579 1894 θηρός
601 1805 737 1891 ἐπάρσει,
768 1806 816 1890 ἐφ’
837 1801 858 1898 ᾗ
881 1809 969 1890 φύσει
987 1809 1077 1875 πάλιν
1100 1807 1151 1876 τόν
1172 1808 1305 1875 θάνατον
1325 1810 1483 1894 ἐργάζεται,

328 1911 369 1990 οῦς
384 1915 436 1978 καὶ
453 1909 592 1988 πολλάκις
614 1907 707 1976 εἶπον.
756 1917 884 1996 Προῖτον
902 1913 955 1994 μίν
970 1909 1027 1998 γάρ
1046 1909 1141 1988 εῦθύς
1157 1915 1330 1977 διασκοπεῖν
1346 1909 1404 1977 εἶπ’
1422 1917 1485 1978 αλδ·

188 2039 240 2087 με·
254 2027 312 2074 m.
325 2007 379 2092 νος
392 2017 444 2080 καὶ
458 2017 562 2099 δεῦρο,
594 2017 651 2079 τίνι
667 2012 704 2078 οῦ
721 2015 816 2094 σαφές
832 2016 909 2080 ἐστιν
931 2009 977 2080 ότι
993 2015 1144 2098 δαιμόνων
1165 2015 1225 2080 ἐστί
1240 2011 1274 2079 τό
1291 2016 1427 2100 δίδαγμα
1441 2019 1483 2080 καί

326 2127 437 2202 σχῆμα,
469 2118 519 2182 καί
536 2115 735 2199 ἠλλοιωμένον
755 2114 789 2182 τό
808 2119 995 2202 ἐπιχείρημας
1042 2121 1108 2205 Θεῷ
1130 2116 1184 2200 μίν
1200 2113 1251 2180 ἄπ’
1268 2118 1383 2194 αέοἷνος
1399 2116 1482 2184 οῦδα

327 2228 391 2306 μῦς
408 2217 482 2307 γυνῦ
498 2216 678 2303 ἱεράτευσεν,
708 2214 763 2284 οῦκ
779 2217 856 2302 αῦτῆ
873 2217 956 2296 Εῦα,
987 2223 1038 2284 καί
1053 2223 1100 2286 τοί
1115 2244 1147 2304 γε
1162 2222 1194 2284 ἐν
1209 2217 1392 2304 παραβάσει
1409 2247 1483 2307 γενο-

326 2325 409 2408 μένη.
448 2319 522 2386 Ἀλλ’
540 2320 598 2386 οῦκ
616 2319 771 2403 ἐτόλμησεν
787 2323 829 2386 ἔτι
844 2321 946 2405 άσεβές
961 2328 1095 2388 τοιοῦτον
1110 2318 1280 2387 άποτελέσαι
1296 2323 1482 2408 ἐπιχείρημα·

327 2423 365 2492 οῦ
391 2429 444 2507 μία
463 2429 524 2488 τῶν
543 2421 651 2505 ταύτης
675 2425 865 2510 θυγατέρων,
893 2427 944 2490 καί
959 2429 1004 2490 τοί
1023 2447 1055 2509 γε
1070 2429 1126 2490 τοῦ
1146 2421 1236 2507 ’Λβελ
1254 2421 1347 2502 εῦθῦς
1366 2428 1481 2512 ἱερουρ
1524 2493 1525 2530 η

324 2527 470 2614 γήσαντος
485 2532 564 2614 θεῷ,
593 2527 645 2591 καλ
661 2533 714 2592 τοῦ
731 2525 812 2594 Κάΐν
826 2524 976 2603 θύσαντος
992 2525 1123 2592 ἐνύπιον
1145 2531 1251 2612 κυρίου
1265 2532 1396 2608 θυσίας,
1431 2523 1482 2594 ιἰλλ’
1524 2563 1525 2582 ι

326 2629 364 2697 οῦ
379 2629 645 2715 προςδεδεγμένας,
670 2626 765 2711 Ἐνόχ
780 2653 810 2694 τε
825 2627 1074 2712 εῦαρεστήσαντος
1090 2631 1141 2694 καί
1159 2631 1386 2711 μετατεθέντος,
1420 2635 1483 2695 Nus
1524 2649 1525 2716 J

326 2733 358 2797 δέ
373 2732 622 2816 προςενέγκαντος
644 2732 752 2798 ἐκτῶν
773 2738 825 2813 τῆς
843 2735 973 2814 κιβωτοῦ
988 2727 1228 2816 περισσευμάτων
1244 2728 1482 2818 εῦχαριστηρίοος

326 2831 501 2920 προςφορῦς
516 2837 626 2921 κυρίῳ,
657 2832 845 2919 εύγνιόμονος
865 2837 1029 2910 διαθέσεως
1050 2831 1299 2910 ύποδεικνύοντος
1312 2833 1481 2918 τεκμήριον,

326 2933 541 3023 ὁμολογοῦντος
556 2934 610 3018 τὴν
623 2932 709 3020 χάριν
724 2942 765 3024 τῷ
782 2935 930 3002 σεσωκότι.
972 2933 1105 3022 Ἀβραάμ
1123 2937 1155 3001 δέ
1169 2932 1187 3002 ό
1204 2939 1321 3010 δίκαιος
1338 2939 1483 3022 ἐερουργτῑ

325 3046 389 3127 θεῷ
398 3090 406 3118 ,
428 3039 480 3104 καὶ
497 3038 677 3120 Μελχισεδὲκ
694 3035 712 3103 ό
726 3035 821 3124 ἱερεύς
835 3045 890 3104 τοῦ
904 3046 980 3104 θεοῦ
995 3045 1050 3104 τοῦ
1070 3036 1213 3120 ύψίστου,
1235 3039 1287 3102 καί
1301 3036 1411 3104 Ἰσαάκ
1425 3043 1481 3124 θεᾷ

329 3140 509 3226 ἐὐάρεστος
526 3136 704 3225 εύρίσκεται,
726 3142 777 3205 καὶ
795 3138 900 3224 Ἰαιιιδβ
917 3139 992 3206 κατά
1010 3140 1138 3225 δύναμιν
1152 3137 1348 3226 προςήνεγιιεν
1365 3143 1417 3206 ἐπί
1435 3146 1481 3206 τοῦ

325 3247 415 3309 λίθου
433 3240 492 3309 άπῦ
507 3250 562 3310 τοῦ
578 3249 680 3324 φακοῦ
695 3244 810 3325 ἐπιχέας
825 3245 930 3310 ἔλαιον.
978 3247 1019 3309 Οί
1032 3242 1140 3310 τούτου
1157 3243 1189 3310 δέ
1205 3245 1297 3322 υἱεῖς,
1319 3245 1421 3320 Λευίς
1435 3243 1481 3325 μέτ

327 3343 490 3430 εῦρίσκεται
503 3349 633 3428 καθεξῆς
647 3344 812 3429 ἱερωσύνην
825 3344 1067 3432 άναδεδεγμένος·
1099 3349 1129 3425 ἐξ
1146 3345 1239 3411 αὐτοῦ
1252 3346 1284 3410 δὲ
1306 3353 1362 3410 τοῦ
1379 3347 1481 3432 γένους

326 3450 359 3513 οέ
370 3446 403 3512 τό
422 3446 569 3531 ίερατικόν
590 3446 686 3534 τάγμα
705 3445 944 3534 ῦναδεδεγμένοι,
975 3449 1054 3532 φημί
1077 3449 1109 3514 δὲ
1125 3454 1262 3530 Μωῦσῆς
1286 3441 1305 3512 ό
1327 3447 1481 3534 προφήτης

324 3551 376 3614 καί
397 3548 598 3634 ιἐροφάντωρ,
625 3549 745 3636 ’Λαρόν
773 3575 803 3615 τε
825 3552 878 3617 καί
899 3553 931 3616 οί
951 3550 1060 3617 τούτου
1075 3554 1193 3630 παῖδες,
1221 3545 1358 3635 Ἐλεάζαρ
1381 3577 1413 3617 τε
1435 3551 1481 3615 ταλ

327 3652 447 3732 Φινεὲς,
475 3654 528 3717 καί
548 3648 673 3738 Ἰθάμαρ
696 3648 714 3717 ό
731 3652 839 3718 τοῦτον
855 3656 982 3741 ἔγγονος.
1028 3655 1089 3719 Καί
1107 3657 1135 3718 τί
1150 3677 1199 3736 μοι
1217 3649 1254 3716 τά
1275 3651 1380 3736 πλήθη
1395 3655 1481 3739 λίγιιι

324 3761 384 3821 τιῦν
400 3751 655 3840 ίερουργησάντων
670 3761 733 3843 θεῷ
750 3757 782 3822 ἐν
798 3762 907 3843 παλαιᾷ
922 3755 1072 3846 διαθήκης
1115 3752 1305 3839 ὨςἈχιτοδβ
1322 3753 1480 3840 εύρίσιιεεια

325 3859 505 3943 ίερουργιῦν,
534 3859 567 3922 οἵ
585 3882 616 3922 τι
640 3863 782 3942 Κορῖται,
812 3860 862 3924 καί
885 3861 917 3924 οί
940 3865 1132 3944 Γερσωνῖται,
1161 3859 1212 3923 καί
1234 3864 1406 3944 Μεραρῖται
1433 3857 1482 3938 τὴ

325 3958 488 4042 Λευιτικήν
502 3962 726 4044 πεπιστευμένοι
740 3958 838 4042 τάξιν,
860 3959 878 4027 δ
892 3985 923 4026 τε
936 3958 1020 4037 οἶκος
1033 3958 1126 4040 Ἠλεί,
1155 3961 1205 4026 καί
1225 3963 1256 4026 οἶ
1271 3957 1334 4043 μετ’
1349 3959 1484 4026 αῦιάνοί

326 4059 386 4128 άπό
410 4069 464 4145 τῆς
490 4067 657 4148 συγγενείας
684 4061 777 4130 αῦτοῦ
804 4065 837 4129 ἐν
862 4071 903 4153 τῷ
932 4067 1006 4153 ολιιρτ
1039 4063 1206 4148 Ἀβιμίλεχ,
1243 4063 1294 4128 καί
1321 4062 1482 4146 Ἀβιάθαρ,

360 4269 507 4320 cast-
536 4273 557 4320 1.
576 4266 745 4336 mmmd-
762 4275 808 4322 ιειι.
827 4273 891 4338 (τινα
957 4271 982 4322 2
999 4265 1444 4335 θπιτιαέτιτιμουικδιημτιδτι.

325 4339 425 4468 χχχιιι)
442 4343 463 4390 τί
478 4339 534 4390 editi
551 4341 613 4389 ίίοτλ
648 4335 741 4404 θήλεος
757 4342 808 4391 ωδ.
827 4342 887 4392 Βλε-
920 4333 1137 4470 σοιδηεχίχὶχροτας
1159 4343 1270 4390 mium
1295 4342 1323 4390 ιιι
1343 4341 1381 4392 ελ
1401 4340 1481 4392 Pu
