3082 5006
300 304 342 369 ⁷0
728 311 1039 366 ειιιοτιεειεεικαιι

300 423 387 500 αὐτοι
400 433 433 498 οί
444 426 506 500 άπδ
518 437 571 514 τῆς
585 427 716 498 συνόδου
735 431 933 515 διαιρεθέντες
948 427 1042 512 αὐτῆς
1056 436 1109 513 τῆς
1123 425 1371 514 Ἀρειομανίτιδος
1385 428 1473 513 αίρέ·

300 556 390 613 σεως,
420 529 546 610 όαύτός
564 538 715 610 Βαοίλειος
729 532 906 618 Ἀγκυρῑνος
922 531 1036 600 τούιων
1053 529 1196 618 ὐργηγός,
1225 532 1276 598 καλ
1296 530 1473 616 Γεοίργινος
1523 545 1524 578 ³

303 634 516 713 όΛαοδικείας
538 641 616 718 7τῆς
639 633 715 720 πρός
729 633 907 720 Ἀντιόχειαν
922 633 1067 717 Δάφνης,
1097 634 1192 721 ἤγουν
1211 639 1321 717 Κοίλης
1340 638 1473 718 Συρίας.

305 743 348 806 οί
369 739 401 804 δὲ
418 735 504 804 αὐτοί
519 739 570 804 καλ
587 740 654 822 περί
671 745 725 804 τοῦ
741 735 828 825 άγίου
845 736 1015 821 πνεύμιιτος
1028 741 1102 815 ίσως
1115 745 1179 813 τοῖς
1197 735 1475 820 Πνενματομόχοις

303 843 377 907 ιίσλν
389 843 511 924 ἔχοντες.
543 837 651 906 Οὐκέτι
666 837 722 926 γάρ
737 837 778 918 τός
791 838 864 923 μετά
877 838 1087 922 δυςωπήσεας,
1103 837 1124 922 ἢ
1136 837 1209 922 μετά
1225 865 1304 916 τινος
1318 842 1475 906 διστακτι·

302 950 359 1010 κού
371 942 473 1030 λόγου,
497 939 538 1018 οἷς
551 944 619 1027 περλ
633 947 686 1008 τοῦ
700 940 990 1032 υίούγαλσχυνόμενοι
1007 945 1116 1008 τέλειον
1129 947 1237 1022 κτίσμα
1252 939 1345 1007 αὐτόν
1362 943 1473 1018 εἰπεῖν,

302 1045 376 1130 ὅπερ
392 1048 443 1114 καλ
461 1044 557 1122 οὕτως
572 1047 682 1127 έχουσι,
703 1043 755 1110 διά
772 1045 805 1112 δδ
819 1042 871 1110 τόν
886 1043 963 1127 πρός
979 1042 1160 1134 ἀνθρώπους
1176 1044 1274 1128 φόβον
1288 1044 1475 1128 ἐπιφέρουσι

301 1147 335 1216 τό
353 1143 543 1232 όμοιούσιον,
565 1148 616 1212 καί
632 1146 665 1213 τό
682 1151 787 1230 κτίσμα
806 1146 886 1230 ὀὐχ
903 1144 944 1224 οἷς
955 1151 991 1213 λν
1006 1155 1067 1212 τῶν
1083 1143 1266 1229 κτισμάτων,
1284 1183 1327 1196 --
1350 1147 1422 1228 περὶ
1441 1145 1474 1208 δέ

182 1259 358 1335 mmo&
373 1245 462 1336 άγίου
478 1249 661 1331 τινεύματος,
684 1247 726 1326 οἷς
743 1252 835 1333 έφην,
857 1247 895 1315 οὐ
916 1253 1110 1326 διστακιικῶς
1134 1246 1300 1334 όρμοῗινται,
1329 1244 1410 1327 άλλ’,
1433 1243 1476 1322 τίς

302 1359 482 1436 λνσσητῆρες
498 1348 603 1430 κόνις,
633 1350 767 1433 ὐφειδοῖς
783 1355 889 1434 κτίσμα
908 1350 1005 1419 θαύτό
1024 1350 1211 1418 παντάπασιν
1229 1347 1395 1434 όρίζοντοει,
1420 1351 1476 1414 καὶ

303 1455 400 1532 οὐτως
420 1457 662 1537 διαβεβαιοῦνται
686 1456 737 1519 καλ
760 1452 912 1539 άλλότρων
928 1452 1041 1540 πατρός
1058 1457 1110 1520 καὶ
1132 1457 1201 1520 υἱοῦ
1217 1450 1361 1537 ὐπάρχον.
1409 1453 1475 1518 Καὶ

303 1561 354 1626 ’ίνα
369 1554 411 1640 μή
429 1581 474 1632 τις
488 1559 568 1621 εἴποι
583 1551 659 1622 κατά
676 1554 898 1639 συκοφάντησιν
910 1556 985 1624 κατά
1000 1583 1089 1624 τινων
1109 1554 1189 1640 ἡμᾶς
1203 1557 1311 1642 λέγειν,
1333 1557 1476 1620 ἐνταῦθα

304 1657 539 1744 παραθήσομαι,
559 1654 601 1735 οἷς
619 1659 751 1743 ἔγραψεν
766 1661 888 1738 ἕκαστος
902 1659 1020 1738 αὐτῶν,
1043 1657 1216 1742 ἐπιστολὴν,
1246 1661 1403 1734 Βασίλειος
1418 1657 1474 1738 μὲν

305 1766 392 1846 μίαν,
423 1767 453 1824 Γ
450 1758 591 1846 εοόργινος
614 1761 645 1826 δέ
667 1758 685 1827 ό
709 1765 893 1840 Λαοδικείας
917 1761 979 1844 ἅμα
1003 1763 1146 1850 Βασιλείῳ
1169 1762 1220 1827 καλ
1238 1769 1300 1837 τοῖς
1314 1759 1372 1826 σύν
1390 1757 1475 1848 αὐτῷ

304 1861 402 1946 άλλην.
448 1866 510 1928 Καί
530 1864 603 1928 είσιν
625 1866 698 1930 αἵδε.

176 1997 245 2068 Κῳ,
256 1996 288 2070 ff·
389 1962 428 2030 ‘H
441 1961 511 2051 άγία
527 1962 655 2042 σύνοδος
669 1963 691 2049 ἡ
707 1968 738 2032 έν
750 1965 884 2054 Ἀγκύρῳ
901 1969 1140 2054 προςεγγίζοντος
1157 1972 1212 2032 τοῦ
1230 1963 1336 2048 Πάσχα
1353 1967 1390 2030 έιι
1407 1969 1472 2030 δια-

305 2067 410 2153 φόρων
431 2069 579 2152 ίπαρχιιδν
604 2077 859 2155 συγκροτηθεῑσα,
889 2075 1006 2155 κυρίοις
1022 2067 1208 2152 τιμιωτάτοις
1230 2069 1279 2134 καί
1301 2065 1473 2151 όμοψύγοις

304 2179 537 2255 συλλειτονργοῖς
556 2179 620 2248 τοῖς
645 2172 677 2236 έν
695 2176 839 2262 Φοινίκη,
866 2173 918 2237 καί
935 2179 998 2248 τοῖς
1018 2179 1150 2252 λοιποῖς,
1173 2179 1236 2248 τοῖς
1248 2167 1285 2236 τά
1302 2167 1381 2236 αὐτά
1401 2168 1474 2254 ἡμῖν

305 2281 488 2362 φρονοῦσιν,
510 2274 543 2338 έν
565 2277 660 2362 κυρίῳ
681 2277 800 2358 χαίρειν.

391 2373 558 2459 Εὐχόμεθα
581 2375 634 2457 μὲν
652 2374 725 2458 μετά
747 2373 801 2459 τήν
819 2372 861 2454 τός
880 2378 913 2443 έν
936 2378 1010 2460 πυρί
1032 2384 1096 2452 τοῖς
1118 2377 1149 2442 έν
1169 2377 1249 2465 μέσῳ
1264 2376 1473 2461 μεμνημένοις

304 2475 381 2562 ὐπλρ
406 2485 459 2560 τῆς
484 2482 609 2554 πίστιος
633 2487 808 2563 πειρασμοῖς
835 2476 970 2562 βάσανον
991 2485 1044 2562 τῆς
1072 2481 1311 2561 ἐκκλησιαστικαῖς
1333 2484 1472 2556 πίστεως,

305 2585 359 2647 καί
376 2578 412 2645 τά
428 2580 478 2646 έπλ
496 2585 551 2664 τῆς
568 2585 796 2646 Κωνσταντίνου
811 2581 925 2658 πόλεως
938 2578 989 2647 διά
1009 2580 1186 2666 Μάρκελλον
1199 2581 1398 2666 γεγενημένα,
1421 2581 1473 2646 καλ

305 2679 377 2768 μετά
401 2679 455 2764 τύν
476 2683 596 2748 έκθεσιν
617 2690 671 2766 τῆς
690 2687 816 2760 πίστεως
834 2685 867 2750 έν
881 2691 918 2773 τῇ
934 2683 1051 2772 συνόδῳ
1067 2687 1320 2769 συγκρστηθείσης
1335 2683 1387 2748 inl
1411 2691 1474 2758 τοῖς

304 2788 464 2870 έγιιαινίοις
487 2790 541 2866 τῆς
562 2787 593 2850 έν
607 2781 767 2874 Ἀντιοχείᾳ
785 2788 956 2869 ἐκκλησίας,
985 2788 1036 2851 καὶ
1058 2782 1130 2868 μετά
1154 2792 1246 2850 ταῦτα
1267 2781 1344 2850 κατά
1361 2789 1472 2870 Σαρδι·

304 2885 377 2971 κήν,
400 2889 452 2953 καί
465 2886 519 2969 τὴν
535 2888 597 2953 έκιῖ
608 2879 700 2964 αὐθις
716 2883 894 2970 άνθήσασαν
909 2893 1015 2967 πίστιν,
1037 2890 1145 2954 καλέει
1162 2883 1234 2970 μετά
1250 2885 1286 2951 τά
1305 2889 1335 2952 έν
1354 2893 1473 2975 Σιρμίῳ

306 2991 356 3057 έπλ
375 2994 516 3078 Φωτεινῷ
532 2992 727 3076 γεγενημένα,
758 2992 807 3055 ιεί
821 2991 875 3071 μέν
890 2992 940 3057 καί
954 2999 1115 3078 λογισμοῖς,
1137 2988 1192 3065 οὐς
1209 2986 1256 3070 ἐφ’
1272 2987 1386 3077 έκοίστῳ
1404 2991 1473 3074 περί

306 3099 360 3173 τῆς
384 3096 509 3169 πίστεως
525 3096 676 3181 κεφαλαίῳ
693 3094 931 3176 έπερωτηθέντες
954 3095 1022 3179 περί
1038 3100 1099 3159 τοῖν
1120 3095 1152 3158 έν
1170 3095 1308 3180 Σαρδικῇ
1324 3089 1404 3172 πρός
1420 3089 1474 3174 τύν

305 3190 454 3274 άνατολύν
473 3192 637 3260 διεστώτων
656 3197 839 3277 έξεθέμεθα,
868 3193 1016 3280 ἠρεμῆσαι
1031 3193 1152 3272 λοιπόν,
1183 3196 1234 3260 καλ
1257 3195 1425 3274 ἕνωθείσης
1443 3197 1474 3260 έν

305 3303 343 3386 τῇ
368 3293 484 3380 εὐσεβεῖ
496 3300 629 3387 βασιλείῳ
651 3305 705 3363 τοῦ
727 3295 873 3365 δεσπότου
893 3296 979 3381 ἡμῶν
996 3300 1232 3364 θΚωνσταντίου
1250 3303 1303 3378 τῆς
1320 3295 1382 3362 ὐπό
1399 3297 1473 3362 σἰνιι-

304 3405 392 3481 τολῆς
408 3400 464 3474 ἴως
477 3402 600 3483 δυσμῶν
615 3401 779 3484 ἐκκλησίας,
797 3402 1020 3484 έκβεβλημένων
1034 3407 1093 3466 τῶν
1107 3398 1288 3478 σκανδάλων,
1311 3399 1474 3484 είρηνεύειν

304 3527 335 3568 τε
355 3501 487 3575 καλιαῖς
510 3505 655 3584 λατρείαις
680 3510 734 3568 τού
752 3510 830 3570 θεοῦ
844 3505 1041 3586 προςανέχειν.
1084 3499 1211 3585 Ἐπειδὴ
1229 3502 1276 3580 δέ,
1307 3497 1348 3576 οἷς
1362 3503 1473 3582 ἔοικεν,

306 3600 351 3672 οὐ
359 3599 484 3669 παύεται
507 3598 524 3668 ό
542 3601 682 3686 διάβολος
699 3602 750 3670 διά
769 3611 830 3672 τοῖν
845 3608 965 3672 οίκείων
984 3612 1100 3672 σκευῶν
1118 3603 1295 3682 σπουδάζων
1311 3601 1384 3669 καθ’
1405 3605 1474 3670 ἔαυ-

304 3705 375 3786 τόν,
403 3707 454 3771 ἵνα
471 3701 511 3786 δὴ
525 3703 643 3782 πάντως
657 3705 738 3774 τότε
757 3710 850 3793 8περλ
866 3716 920 3774 τοῦ
934 3713 1042 3796 κυρίου
1059 3708 1269 3792 προρρηθέντα
1284 3707 1334 3771 καί
1349 3705 1402 3773 διά
1419 3714 1474 3774 τοῦ

306 3805 394 3894 όγίου
409 3805 577 3874 ἀποστόλου
592 3807 758 3892 σύμφωνα,
782 3806 823 3886 οἷς
841 3811 891 3878 ίπλ
908 3818 1088 3899 προφυλακῇ
1109 3817 1194 3876 *τόν
1216 3815 1348 3887 πιστῶν,
1381 3837 1474 3892 κηρυ-

306 3913 415 3996 χθέντα
430 3913 472 3988 είς
488 3907 671 3976 άποστασίαν
687 3909 853 3994 ἐργάσηται,
876 3914 1005 3978 έπινοῶν
1022 3910 1197 3995 καινισμούς
1212 3909 1286 3977 κατά
1300 3918 1354 3994 τῆς
1370 3914 1475 3995 έκκλη-

308 4020 459 4097 σιαοτικῆς
474 4018 609 4092 πίστεως,
633 4014 683 4078 καί
700 4019 755 4078 νῦν
769 4015 801 4078 ἐν
815 4013 970 4097 μορφιόσει
983 4013 1064 4092 τινάς
1079 4013 1228 4099 εὐσεβείας
1244 4013 1473 4094 οἰκειώσασθαι,

307 4117 359 4182 καλ
384 4116 530 4200 βεβήλους
551 4119 755 4198 καινοφωνίας
775 4113 815 4181 δι’
840 4113 938 4184 αὐτῶν
965 4120 1120 4202 ἐπινοῆσαι
1144 4116 1219 4184 κατά
1246 4123 1299 4199 τῆς
1327 4112 1472 4198 εὐσεβοῦς

307 4217 499 4304 γνησιόεητος
520 4225 574 4286 τοῦ
595 4225 776 4316 μονογενοῦς
793 4222 864 4286 υἱοῦ
880 4226 935 4286 τοῦ
951 4229 1053 4316 θεοῦ,
1074 4219 1220 4304 πρότερον
1234 4219 1288 4302 μέν
1306 4216 1471 4295 ὐκούοντες

341 4355 365 4407 7.
385 4357 505 4416 ,,1)ο1ιοο
519 4357 576 4410 λοεο
598 4357 700 4412 οοειιυίο
715 4367 808 4411 ποῖον’
823 4362 868 4413 Ρι·
903 4375 976 4410 unam
999 4377 1029 4410 ex
1055 4358 1186 4428 ετοιιιιιύι)
1212 4365 1234 4412 τί
1260 4360 1359 4410 Ριίασίλ
1398 4361 1472 4424 λἰιίςο

306 4427 385 4478 ίσνίαε
902 4431 965 4480 σοιτί
983 4446 998 4479 α
1015 4433 1081 4482 libris

341 4499 365 4542 ε.
383 4487 429 4562 οὐχ
444 4498 538 4555 repom
553 4510 583 4544 εκ
599 4497 759 4546 mundatione
777 4497 866 4548 coma-
934 4497 957 4546 9.
976 4491 1046 4551 αὐτῶ
1064 4499 1116 4549 cod.
1136 4497 1232 4558 λλιιλίφ.

306 4564 338 4613 νίί
353 4563 433 4631 (verm
448 4565 510 4614 ιιιίοι
535 4565 599 4614 λιει
614 4573 752 4614 creaturum
770 4579 821 4616 nou
838 4573 866 4614 ut
935 4563 1089 4614 en.11.-
1126 4567 1147 4618 ί.
1166 4562 1204 4620 δτι
1226 4561 1279 4632 μήν
1302 4565 1470 4632 οοττίςτπδυκι
