3042 5016
296 249 433 301 rausum
451 249 516 304 mo.
528 251 573 302 ιιι.
591 249 674 303 rou.
687 250 706 300 ι.
724 249 825 302 urna.
836 249 956 303 nxxvr.
1143 235 1207 302 ³0⁷

47 388 102 451 que
117 365 278 434 usuvenire
296 369 446 435 cernimus
461 369 509 454 qni
529 367 688 455 sophistica
713 369 836 454 quadam
855 369 970 436 ratione
989 368 1118 434 iuuentis
1135 391 1153 434 u
1173 391 1207 434 se

45 471 225 556 syllogismis
250 474 433 540 diversarum
459 493 557 538 rerum
584 491 703 536 caussas
727 471 877 556 inquirere
897 470 1126 556 etinvestigare
1145 483 1208 536 stu·

45 573 127 636 lent.
174 572 275 640 Veluti
295 578 361 642 mali
386 575 462 660 quod
481 573 652 660 principium
673 574 780 653 luerit3
811 574 1042 653 aliiuudeuam,
1075 574 1207 640 etunius

45 675 90 740 rei
106 677 203 761 gratia
217 679 351 744 diabolus
366 677 519 756 extiterit,
553 676 668 761 qnidam
687 677 724 740 de
739 675 857 740 homine
875 686 1032 761 peccaturo
1049 689 1206 761 quaerunt,

45 799 99 842 eur
117 779 194 844 bunc
210 781 283 846 leus
301 802 337 846 ea
355 779 524 846 conditione
540 778 760 864 procreaverit,
794 789 846 843 aut
861 779 908 863 qui
925 779 1012 844 talem
1037 779 1207 860 fabricarat,

45 902 99 946 our
115 881 258 948 incusarit
274 893 389 969 postea.
436 880 475 948 Ut
491 903 557 946 cum
572 880 672 946 varias
689 882 719 946 in
738 893 837 968 parles
856 882 970 946 animos
985 901 1057 946 suns
1076 902 1111 946 ac
1127 881 1210 965 cogi·
1339 959 1345 968 ,

44 984 174 1048 tationes
192 986 390 1064 intenderint,
414 1006 449 1050 ac
466 983 648 1070 corruptioni
667 1005 700 1048 se
719 985 866 1049 obnoxios
882 983 1103 1064 intellexerint,
1134 985 1209 1070 patri

44 1109 80 1151 ae
98 1087 159 1151 lilio
176 1098 207 1151 et
222 1088 337 1174 spiritui
358 1099 479 1167 saneto,
504 1088 559 1150 boc
574 1099 621 1152 est
638 1087 687 1151 uni
705 1108 740 1152 ao
756 1087 897 1172 singulari
916 1086 1058 1166 trinitati,
1082 1107 1210 1151 renora-

45 1188 157 1254 tinnem
179 1210 213 1254 ac
229 1189 383 1256 seientiam
399 1191 552 1270 deterant,
585 1190 732 1274 abeoquo
749 1210 839 1254 verae
858 1189 922 1252 blei
942 1189 1139 1273 coguitionem
1157 1209 1210 1275 po-

43 1292 177 1372 stulent,
200 1303 287 1377 atque
304 1294 478 1378 irnpetrent3
510 1303 543 1358 ut
561 1313 598 1357 ne
616 1313 784 1358 meruuram
803 1292 949 1378 propriam
967 1292 1132 1372 merdant,
1157 1292 1210 1356 sed

45 1395 81 1458 ab
104 1405 283 1460 occaecatas
307 1396 414 1460 mentia
438 1395 548 1480 impetu
571 1396 800 1480 conquiescant3
833 1414 910 1458 nere
930 1415 1057 1460 accensa
1073 1394 1210 1460 incitata·

43 1517 101 1582 que
123 1497 223 1582 lingua
240 1508 270 1562 et
287 1497 521 1583 imprudentibus
544 1497 772 1581 cogitationibus
791 1497 921 1580 argutari
939 1497 1042 1562 malint
1057 1517 1142 1583 quam
1162 1517 1211 1562 sa·

44 1597 230 1682 pientissima
247 1599 298 1664 illa
312 1600 476 1686 scripturae
493 1599 642 1666 sententia
660 1599 819 1684 castigari,
851 1603 917 1664 Nou
932 1621 1033 1682 supere
1042 1604 1112 1682 plus
1126 1623 1210 1683 quarn
1223 1623 1289 1670 naa.
1299 1625 1331 1680 rr,
1342 1625 1362 1669 a.

44 1713 161 1784 oportet
180 1707 298 1783 supere,
323 1707 374 1766 aed
393 1725 494 1785 repere
514 1707 554 1766 ud
574 1704 764 1766 sobrietatem.

131 1804 215 1868 Aetli
235 1801 333 1890 Caput
349 1802 492 1870 xxxlt.
538 1802 573 1870 Si
595 1807 625 1868 in
644 1805 776 1890 ingenite
801 1815 907 1873 natura
931 1816 1106 1891 perseverat
1123 1807 1209 1888 leus,

45 1907 260 1972 detrahendum
278 1907 334 1970 boo
348 1907 376 1970 ei
392 1917 459 1986 est,
489 1917 521 1971 ut
537 1907 676 1992 generari
690 1929 723 1972 so
737 1919 824 1993 atque
838 1907 1001 1992 ingenitum
1017 1929 1085 1972 esse
1099 1931 1212 1994 cogno-

44 2019 121 2074 seat.
170 2006 257 2092 Quod
277 2008 303 2074 si
319 2010 347 2072 il
368 2010 409 2074 illi
430 2010 533 2090 term,
566 2020 597 2074 ut
621 2029 673 2095 per
691 2009 784 2095 geniti
807 2009 988 2095 ingenitique
1012 2010 1210 2076 conditionem

44 2112 125 2176 illius
149 2122 254 2176 natura
277 2113 465 2192 traducatur,
500 2111 694 2176 substantiam
717 2112 782 2198 ipae
804 2133 887 2176 suam
912 2113 1048 2196 ignoret,
1082 2133 1148 2176 cum
1173 2113 1211 2178 ab

45 2227 193 2300 utraque,
224 2214 317 2298 geniti
343 2215 459 2280 scilieet
484 2225 573 2300 atque
597 2215 738 2300 ingeniti,
774 2214 913 2298 qualitate
937 2214 1128 2278 distrahatur.
1175 2211 1212 2279 Si

45 2339 119 2382 vero
136 2315 269 2400 genitum
292 2317 470 2382 conditionis
495 2317 618 2402 ingeniti
642 2318 790 2403 particeps
816 2327 880 2396 eat,
914 2327 943 2380 et
967 2316 1089 2401 ingeniti
1106 2327 1212 2382 nature

45 2429 192 2506 perpetuo
211 2430 328 2498 manet,
352 2439 478 2486 necesse
496 2431 542 2484 est
558 2433 590 2484 ut
608 2441 642 2484 se
659 2421 832 2505 imperfecta
848 2419 878 2482 in
898 2429 1002 2484 natura
1020 2418 1211 2484 consulatum

45 2516 210 2607 agboseal,
244 2533 276 2586 et
299 2521 378 2586 illam
405 2521 530 2607 ingeniti
553 2522 788 2588 communionem
814 2522 944 2606 ignoret.
996 2519 1104 2606 Neque
1132 2523 1211 2586 enirn

45 2625 123 2688 ilem
153 2623 189 2686 de
211 2622 328 2708 seipso
352 2634 383 2686 et
398 2625 546 2708 ingenitae
569 2624 752 2690 substantiae
778 2635 809 2690 et
825 2624 943 2707 genitae
963 2623 1095 2688 notitiam
1118 2624 1213 2688 iniur-

44 2747 127 2792 mare
143 2735 253 2812 potest.
301 2724 360 2790 lam
381 2746 455 2790 vero
471 2726 496 2790 si
512 2727 634 2812 ingeniti
654 2728 817 2814 proprietas
834 2727 909 2792 leuis
926 2737 974 2790 cst
989 2747 1024 2792 ae
1041 2726 1152 2792 minimi
1169 2729 1212 2792 la-

44 2830 172 2909 eienrla,
205 2829 280 2914 quorl
304 2828 335 2892 in
358 2829 549 2894 mutationem
575 2831 714 2916 proclivis
739 2830 796 2909 sit,
833 2828 1021 2894 immutabilia
1045 2829 1211 2894 substantia

44 2943 174 2996 naturae
193 2934 334 3015 quaedam
353 2930 481 3015 dignitas
496 2943 558 3012 est,
583 2955 648 2998 oum
665 2933 796 3018 ingenita
812 2931 977 2998 substantia
992 2931 1122 2996 omnium
1139 2953 1211 2996 eon·

44 3035 178 3100 iussione
201 3034 316 3098 caussis
339 3034 475 3100 omnibus
497 3035 665 3100 aoteeellat.

133 3133 258 3202 Conlot.
276 3137 400 3202 xxxtl.
447 3138 472 3199 l.
495 3134 616 3202 Nemini
632 3137 750 3204 dubium
765 3147 812 3202 est
826 3136 897 3222 quin
910 3136 1042 3222 ingenita
1056 3135 1086 3199 in
1104 3145 1211 3200 natura

43 3240 117 3305 lens
142 3249 335 3326 perseveret,
370 3249 472 3326 pater,
505 3240 553 3322 qui
573 3240 608 3304 tle
627 3239 718 3304 nihilo
742 3239 855 3304 creavit
871 3261 906 3304 ao
922 3239 1076 3304 lubricavit
1098 3239 1209 3319 omnia,

43 3344 135 3408 filium
162 3361 234 3406 vero
255 3340 535 3406 consubstantialem
555 3341 705 3426 eseipso,
740 3353 828 3426 atque
853 3341 1021 3408 aeternitati
1043 3361 1117 3408 suae
1139 3362 1211 3406 oon·

43 3455 206 3529 grneutem
231 3444 350 3528 genesim
379 3463 435 3508 neo
458 3463 518 3506 non
537 3454 567 3508 et
583 3444 717 3529 spiritum
740 3455 872 3508 sanctum
893 3443 1025 3530 eseipso
1048 3445 1211 3530 proceden-

45 3559 125 3624 tem,
167 3557 198 3610 et
219 3546 350 3611 eiusdem
376 3545 561 3612 substantiae
585 3546 783 3611 communioni
810 3566 958 3632 peraeque
983 3546 1210 3612 convenientem

44 3647 203 3736 produxit.
248 3645 336 3731 Quod
353 3658 453 3712 aulem
477 3649 581 3713 eadem
597 3649 645 3712 illa
663 3647 779 3712 trinitas
795 3669 987 3734 quaecuuque
1003 3661 1073 3714 snut
1087 3669 1105 3716 e
1120 3649 1211 3713 nihilo

45 3749 241 3836 procreavit,
276 3759 335 3812 tam
352 3750 540 3835 aspectabilia
560 3773 645 3835 quam
663 3771 738 3836 quae
754 3761 904 3834 aspectum
925 3751 1056 3835 lugiunt,
1089 3773 1148 3816 non
1167 3750 1211 3813 id-

44 3854 127 3918 eirco
152 3851 185 3914 id
201 3850 296 3936 ipsum
319 3851 395 3936 quod
421 3852 539 3916 divinae
561 3853 706 3918 maiestati
732 3863 964 3918 consentaneum
989 3863 1052 3934 ert,
1087 3853 1143 3918 hoo
1167 3863 1213 3916 est

44 3953 210 4021 existentis
227 3953 407 4033 aeternitas,
440 3955 555 4020 recenti
572 3956 622 4021 illu
637 3965 801 4022 creatarum
817 3977 916 4024 rernm
935 3954 1121 4042 appellationi
1142 3954 1212 4019 sub-

46 4059 190 4124 trabitur.
231 4053 311 4120 Nam
327 4055 363 4120 ab
378 4056 502 4122 istarum
519 4058 687 4124 conditione
703 4079 815 4124 summa
832 4060 880 4124 ille
894 4057 1057 4122 substantia
1074 4077 1110 4122 nu
1126 4077 1212 4142 prae·

45 4161 164 4226 culleus
192 4158 352 4238 eximitur,
381 4159 554 4244 quibuscum
570 4160 689 4226 minime
708 4158 966 4224 consubstantialia
986 4169 1051 4238 est,
1084 4161 1136 4226 aet
1160 4179 1211 4224 ena

46 4261 178 4329 enibilo
200 4261 309 4347 uliquitl
333 4272 366 4326 ut
385 4273 487 4327 essent
510 4262 665 4328 excitavit.
712 4260 814 4346 Quare
838 4263 913 4326 lilius
938 4271 1057 4348 epatre
1080 4262 1211 4348 genitus,

77 4434 103 4488 6.
124 4435 211 4497 Supra
229 4427 435 4500 ripcloqqpe'uqe.
682 4431 707 4484 7.
726 4425 803 4485 uinci
819 4434 870 4484 eod.
889 4433 1002 4499 Rbedip„
1027 4439 1049 4486 et
1064 4437 1117 4486 eod.
1133 4438 1214 4488 leno

649 4516 682 4552 nr.
698 4516 735 4565 pr.

933 4591 973 4654 20
991 4588 1008 4627 '¹
