<?xml version="1.0" encoding="UTF-8"?>
<!DOCTYPE html PUBLIC "-//W3C//DTD XHTML 1.0 Transitional//EN"
    "http://www.w3.org/TR/xhtml1/DTD/xhtml1-transitional.dtd">
<html xmlns="http://www.w3.org/1999/xhtml" xml:lang="en" lang="en">
 <head>
  <title>
</title>
<meta http-equiv="Content-Type" content="text/html;charset=utf-8" />
  <meta name='ocr-system' content='tesseract 3.04.00' />
  <meta name='ocr-capabilities' content='ocr_page ocr_carea ocr_par ocr_line ocrx_word'/>
</head>
<body>
  <div class='ocr_page' id='page_1' title='image "./corporishaerese00oehlgoog/corporishaerese00oehlgoog_0518.png"; bbox 0 0 3066 5016; ppageno 0'>
   <div class='ocr_carea' id='block_1_1' title="bbox 199 319 1180 410">
    <p class='ocr_par' dir='ltr' id='par_1_1' title="bbox 199 319 1180 410">
     <span class='ocr_line' id='line_1_1' title="bbox 199 319 1180 410; baseline -0.002 -26"><span class='ocrx_word' id='word_1_1' title='bbox 199 329 337 386; x_wconf 82' lang='lat' dir='ltr'><strong>runsnu</strong></span> <span class='ocrx_word' id='word_1_2' title='bbox 354 332 417 384; x_wconf 83' lang='lat' dir='ltr'><strong>urs.</strong></span> <span class='ocrx_word' id='word_1_3' title='bbox 431 332 474 384; x_wconf 84' lang='lat' dir='ltr'><strong>ru.</strong></span> <span class='ocrx_word' id='word_1_4' title='bbox 493 331 575 384; x_wconf 85' lang='lat' dir='ltr'><strong>rou.</strong></span> <span class='ocrx_word' id='word_1_5' title='bbox 587 331 619 383; x_wconf 91' lang='lat' dir='ltr'><strong>u.</strong></span> <span class='ocrx_word' id='word_1_6' title='bbox 636 331 753 384; x_wconf 84' lang='lat' dir='ltr'><strong>nxros.</strong></span> <span class='ocrx_word' id='word_1_7' title='bbox 775 331 839 384; x_wconf 80' lang='lat' dir='ltr'><strong>run.</strong></span> <span class='ocrx_word' id='word_1_8' title='bbox 858 331 1000 385; x_wconf 77' lang='lat' dir='ltr'><strong>carnot.</strong></span> <span class='ocrx_word' id='word_1_9' title='bbox 1021 399 1029 410; x_wconf 29' lang='grc' dir='ltr'>Ι</span> <span class='ocrx_word' id='word_1_10' title='bbox 1117 319 1180 384; x_wconf 77' lang='lat' dir='ltr'><strong>tot</strong></span> 
     </span>
    </p>
   </div>
   <div class='ocr_carea' id='block_1_2' title="bbox 19 448 1333 3920">
    <p class='ocr_par' dir='ltr' id='par_1_2' title="bbox 19 448 1333 3818">
     <span class='ocr_line' id='line_1_2' title="bbox 24 448 1182 538; baseline 0.003 -26"><span class='ocrx_word' id='word_1_11' title='bbox 24 459 157 534; x_wconf 78' lang='lat' dir='ltr'><strong>patrant,</strong></span> <span class='ocrx_word' id='word_1_12' title='bbox 189 453 284 534; x_wconf 92' lang='lat' dir='ltr'><strong>etqui</strong></span> <span class='ocrx_word' id='word_1_13' title='bbox 302 451 408 538; x_wconf 90' lang='lat' dir='ltr'><strong>stnpidi</strong></span> <span class='ocrx_word' id='word_1_14' title='bbox 427 451 633 537; x_wconf 77' lang='lat' dir='ltr'><strong>desperatique</strong></span> <span class='ocrx_word' id='word_1_15' title='bbox 655 461 735 516; x_wconf 91' lang='lat' dir='ltr'><strong>sunt.</strong></span> <span class='ocrx_word' id='word_1_16' title='bbox 781 448 913 534; x_wconf 82' lang='lat' dir='ltr'><strong>Quorum</strong></span> <span class='ocrx_word' id='word_1_17' title='bbox 940 451 1056 538; x_wconf 76' lang='lat' dir='ltr'><strong>singula</strong></span> <span class='ocrx_word' id='word_1_18' title='bbox 1081 471 1182 538; x_wconf 86' lang='lat' dir='ltr'><strong>perse·</strong></span> 
     </span>
     <span class='ocr_line' id='line_1_3' title="bbox 24 552 1181 640; baseline 0.004 -27"><span class='ocrx_word' id='word_1_19' title='bbox 24 552 70 636; x_wconf 91' lang='lat' dir='ltr'><strong>qui</strong></span> <span class='ocrx_word' id='word_1_20' title='bbox 90 563 120 614; x_wconf 89' lang='lat' dir='ltr'><strong>et</strong></span> <span class='ocrx_word' id='word_1_21' title='bbox 138 552 285 618; x_wconf 87' lang='lat' dir='ltr'><strong>borreuda</strong></span> <span class='ocrx_word' id='word_1_22' title='bbox 304 554 435 618; x_wconf 89' lang='lat' dir='ltr'><strong>laninora</strong></span> <span class='ocrx_word' id='word_1_23' title='bbox 454 574 688 618; x_wconf 85' lang='lat' dir='ltr'><strong>commemorare</strong></span> <span class='ocrx_word' id='word_1_24' title='bbox 712 573 965 640; x_wconf 84' lang='lat' dir='ltr'><strong>supervacaneum</strong></span> <span class='ocrx_word' id='word_1_25' title='bbox 983 564 1014 618; x_wconf 91' lang='lat' dir='ltr'><strong>et</strong></span> <span class='ocrx_word' id='word_1_26' title='bbox 1031 553 1181 639; x_wconf 74' lang='lat' dir='ltr'><strong>indignum</strong></span> 
     </span>
     <span class='ocr_line' id='line_1_4' title="bbox 23 654 1182 741; baseline 0.003 -24"><span class='ocrx_word' id='word_1_27' title='bbox 23 655 140 739; x_wconf 86' lang='lat' dir='ltr'><strong>putavi;</strong></span> <span class='ocrx_word' id='word_1_28' title='bbox 171 665 253 720; x_wconf 84' lang='lat' dir='ltr'><strong>tauta</strong></span> <span class='ocrx_word' id='word_1_29' title='bbox 270 667 318 720; x_wconf 92' lang='lat' dir='ltr'><strong>est</strong></span> <span class='ocrx_word' id='word_1_30' title='bbox 338 656 460 722; x_wconf 87' lang='lat' dir='ltr'><strong>istorum</strong></span> <span class='ocrx_word' id='word_1_31' title='bbox 484 654 633 720; x_wconf 90' lang='lat' dir='ltr'><strong>bominum</strong></span> <span class='ocrx_word' id='word_1_32' title='bbox 656 655 803 741; x_wconf 75' lang='lat' dir='ltr'><strong>nequitiae</strong></span> <span class='ocrx_word' id='word_1_33' title='bbox 825 654 1060 741; x_wconf 76' lang='lat' dir='ltr'><strong>flagitiorumque</strong></span> <span class='ocrx_word' id='word_1_34' title='bbox 1078 677 1182 721; x_wconf 86' lang='lat' dir='ltr'><strong>corru-</strong></span> 
     </span>
     <span class='ocr_line' id='line_1_5' title="bbox 22 755 1180 842; baseline 0.003 -22"><span class='ocrx_word' id='word_1_35' title='bbox 22 758 113 842; x_wconf 88' lang='lat' dir='ltr'><strong>ptela.</strong></span> <span class='ocrx_word' id='word_1_36' title='bbox 157 755 235 822; x_wconf 86' lang='lat' dir='ltr'><strong>Nam</strong></span> <span class='ocrx_word' id='word_1_37' title='bbox 252 757 281 821; x_wconf 89' lang='lat' dir='ltr'><strong>in</strong></span> <span class='ocrx_word' id='word_1_38' title='bbox 297 756 397 824; x_wconf 84' lang='lat' dir='ltr'><strong>Media</strong></span> <span class='ocrx_word' id='word_1_39' title='bbox 414 779 531 824; x_wconf 89' lang='lat' dir='ltr'><strong>rursum</strong></span> <span class='ocrx_word' id='word_1_40' title='bbox 548 779 603 822; x_wconf 85' lang='lat' dir='ltr'><strong>sex</strong></span> <span class='ocrx_word' id='word_1_41' title='bbox 621 779 689 824; x_wconf 89' lang='lat' dir='ltr'><strong>esse</strong></span> <span class='ocrx_word' id='word_1_42' title='bbox 705 760 840 824; x_wconf 78' lang='lat' dir='ltr'><strong>feruntur</strong></span> <span class='ocrx_word' id='word_1_43' title='bbox 852 769 953 823; x_wconf 87' lang='lat' dir='ltr'><strong>sectae</strong></span> <span class='ocrx_word' id='word_1_44' title='bbox 970 780 986 820; x_wconf 88' lang='lat' dir='ltr'><strong>a</strong></span> <span class='ocrx_word' id='word_1_45' title='bbox 1003 757 1180 823; x_wconf 82' lang='lat' dir='ltr'><strong>seinvicem</strong></span> 
     </span>
     <span class='ocr_line' id='line_1_6' title="bbox 22 857 1182 948; baseline 0.003 -26"><span class='ocrx_word' id='word_1_46' title='bbox 22 860 169 925; x_wconf 83' lang='lat' dir='ltr'><strong>diversae.</strong></span> <span class='ocrx_word' id='word_1_47' title='bbox 216 857 248 924; x_wconf 95' lang='lat' dir='ltr'><strong>ln</strong></span> <span class='ocrx_word' id='word_1_48' title='bbox 265 860 424 948; x_wconf 74' lang='lat' dir='ltr'><strong>Aethiopia</strong></span> <span class='ocrx_word' id='word_1_49' title='bbox 440 882 514 926; x_wconf 86' lang='lat' dir='ltr'><strong>vero</strong></span> <span class='ocrx_word' id='word_1_50' title='bbox 531 881 565 924; x_wconf 86' lang='lat' dir='ltr'><strong>ac</strong></span> <span class='ocrx_word' id='word_1_51' title='bbox 581 858 725 940; x_wconf 82' lang='lat' dir='ltr'><strong>Perside,</strong></span> <span class='ocrx_word' id='word_1_52' title='bbox 754 858 893 941; x_wconf 86' lang='lat' dir='ltr'><strong>Parthia,</strong></span> <span class='ocrx_word' id='word_1_53' title='bbox 917 859 1092 942; x_wconf 83' lang='lat' dir='ltr'><strong>Elamitido,</strong></span> <span class='ocrx_word' id='word_1_54' title='bbox 1123 858 1182 926; x_wconf 87' lang='lat' dir='ltr'><strong>Ca·</strong></span> 
     </span>
     <span class='ocr_line' id='line_1_7' title="bbox 21 961 1179 1049; baseline 0 -21"><span class='ocrx_word' id='word_1_55' title='bbox 21 963 104 1049; x_wconf 85' lang='lat' dir='ltr'><strong>spia,</strong></span> <span class='ocrx_word' id='word_1_56' title='bbox 140 961 318 1042; x_wconf 83' lang='lat' dir='ltr'><strong>Germania,</strong></span> <span class='ocrx_word' id='word_1_57' title='bbox 354 961 504 1030; x_wconf 75' lang='lat' dir='ltr'><strong>Sarmatia</strong></span> <span class='ocrx_word' id='word_1_58' title='bbox 535 963 609 1048; x_wconf 88' lang='lat' dir='ltr'><strong>apud</strong></span> <span class='ocrx_word' id='word_1_59' title='bbox 641 961 782 1043; x_wconf 82' lang='lat' dir='ltr'><strong>Daunus,</strong></span> <span class='ocrx_word' id='word_1_60' title='bbox 819 963 964 1042; x_wconf 85' lang='lat' dir='ltr'><strong>Ziccboa,</strong></span> <span class='ocrx_word' id='word_1_61' title='bbox 996 962 1179 1044; x_wconf 80' lang='lat' dir='ltr'><strong>Amazonas,</strong></span> 
     </span>
     <span class='ocr_line' id='line_1_8' title="bbox 21 1063 1182 1153; baseline 0.002 -25"><span class='ocrx_word' id='word_1_62' title='bbox 21 1063 140 1144; x_wconf 84' lang='lat' dir='ltr'><strong>Lazos,</strong></span> <span class='ocrx_word' id='word_1_63' title='bbox 165 1063 287 1145; x_wconf 89' lang='lat' dir='ltr'><strong>lberos,</strong></span> <span class='ocrx_word' id='word_1_64' title='bbox 311 1063 542 1153; x_wconf 67' lang='lat' dir='ltr'><strong>Bosphoranum,</strong></span> <span class='ocrx_word' id='word_1_65' title='bbox 568 1063 678 1145; x_wconf 87' lang='lat' dir='ltr'><strong>Gelos,</strong></span> <span class='ocrx_word' id='word_1_66' title='bbox 703 1064 814 1146; x_wconf 84' lang='lat' dir='ltr'><strong>Seras,</strong></span> <span class='ocrx_word' id='word_1_67' title='bbox 839 1067 970 1151; x_wconf 82' lang='lat' dir='ltr'><strong>aliasque</strong></span> <span class='ocrx_word' id='word_1_68' title='bbox 987 1077 1109 1151; x_wconf 76' lang='lat' dir='ltr'><strong>gentes,</strong></span> <span class='ocrx_word' id='word_1_69' title='bbox 1140 1066 1182 1130; x_wconf 90' lang='lat' dir='ltr'><strong>le·</strong></span> 
     </span>
     <span class='ocr_line' id='line_1_9' title="bbox 21 1168 1182 1254; baseline 0 -22"><span class='ocrx_word' id='word_1_70' title='bbox 21 1190 88 1252; x_wconf 82' lang='lat' dir='ltr'><strong>gum</strong></span> <span class='ocrx_word' id='word_1_71' title='bbox 104 1189 141 1232; x_wconf 87' lang='lat' dir='ltr'><strong>ac</strong></span> <span class='ocrx_word' id='word_1_72' title='bbox 157 1179 304 1232; x_wconf 87' lang='lat' dir='ltr'><strong>sectarum</strong></span> <span class='ocrx_word' id='word_1_73' title='bbox 323 1179 352 1232; x_wconf 88' lang='lat' dir='ltr'><strong>et</strong></span> <span class='ocrx_word' id='word_1_74' title='bbox 368 1168 532 1234; x_wconf 87' lang='lat' dir='ltr'><strong>haereseon</strong></span> <span class='ocrx_word' id='word_1_75' title='bbox 550 1189 586 1234; x_wconf 88' lang='lat' dir='ltr'><strong>ao</strong></span> <span class='ocrx_word' id='word_1_76' title='bbox 602 1169 750 1233; x_wconf 85' lang='lat' dir='ltr'><strong>rariorum</strong></span> <span class='ocrx_word' id='word_1_77' title='bbox 776 1169 976 1235; x_wconf 89' lang='lat' dir='ltr'><strong>institutorum</strong></span> <span class='ocrx_word' id='word_1_78' title='bbox 1000 1169 1113 1234; x_wconf 82' lang='lat' dir='ltr'><strong>inbuite</strong></span> <span class='ocrx_word' id='word_1_79' title='bbox 1130 1189 1182 1254; x_wconf 76' lang='lat' dir='ltr'><strong>ge-</strong></span> 
     </span>
     <span class='ocr_line' id='line_1_10' title="bbox 23 1268 1181 1357; baseline 0.001 -23"><span class='ocrx_word' id='word_1_80' title='bbox 23 1291 92 1334; x_wconf 89' lang='lat' dir='ltr'><strong>nera</strong></span> <span class='ocrx_word' id='word_1_81' title='bbox 110 1282 190 1334; x_wconf 91' lang='lat' dir='ltr'><strong>suut.</strong></span> <span class='ocrx_word' id='word_1_82' title='bbox 237 1268 375 1356; x_wconf 82' lang='lat' dir='ltr'><strong>Exempli</strong></span> <span class='ocrx_word' id='word_1_83' title='bbox 394 1292 499 1336; x_wconf 83' lang='lat' dir='ltr'><strong>caussa</strong></span> <span class='ocrx_word' id='word_1_84' title='bbox 517 1271 591 1356; x_wconf 88' lang='lat' dir='ltr'><strong>apud</strong></span> <span class='ocrx_word' id='word_1_85' title='bbox 611 1268 703 1336; x_wconf 88' lang='lat' dir='ltr'><strong>Seras</strong></span> <span class='ocrx_word' id='word_1_86' title='bbox 721 1271 778 1336; x_wconf 89' lang='lat' dir='ltr'><strong>viri</strong></span> <span class='ocrx_word' id='word_1_87' title='bbox 795 1272 916 1357; x_wconf 80' lang='lat' dir='ltr'><strong>capillos</strong></span> <span class='ocrx_word' id='word_1_88' title='bbox 934 1272 1121 1355; x_wconf 89' lang='lat' dir='ltr'><strong>intorquent,</strong></span> <span class='ocrx_word' id='word_1_89' title='bbox 1145 1292 1181 1335; x_wconf 87' lang='lat' dir='ltr'><strong>ae</strong></span> 
     </span>
     <span class='ocr_line' id='line_1_11' title="bbox 23 1372 1179 1460; baseline 0.002 -23"><span class='ocrx_word' id='word_1_90' title='bbox 23 1373 98 1437; x_wconf 92' lang='lat' dir='ltr'><strong>domi</strong></span> <span class='ocrx_word' id='word_1_91' title='bbox 127 1373 277 1452; x_wconf 84' lang='lat' dir='ltr'><strong>resident,</strong></span> <span class='ocrx_word' id='word_1_92' title='bbox 311 1373 468 1458; x_wconf 83' lang='lat' dir='ltr'><strong>unguentis</strong></span> <span class='ocrx_word' id='word_1_93' title='bbox 492 1372 611 1438; x_wconf 84' lang='lat' dir='ltr'><strong>‹lelibuti</strong></span> <span class='ocrx_word' id='word_1_94' title='bbox 636 1395 671 1438; x_wconf 91' lang='lat' dir='ltr'><strong>ac</strong></span> <span class='ocrx_word' id='word_1_95' title='bbox 697 1373 831 1438; x_wconf 84' lang='lat' dir='ltr'><strong>muliebri</strong></span> <span class='ocrx_word' id='word_1_96' title='bbox 855 1374 935 1440; x_wconf 89' lang='lat' dir='ltr'><strong>cultu</strong></span> <span class='ocrx_word' id='word_1_97' title='bbox 961 1373 1179 1460; x_wconf 77' lang='lat' dir='ltr'><strong>lenocinioque,</strong></span> 
     </span>
     <span class='ocr_line' id='line_1_12' title="bbox 22 1473 1180 1563; baseline 0.002 -23"><span class='ocrx_word' id='word_1_98' title='bbox 22 1499 78 1560; x_wconf 92' lang='lat' dir='ltr'><strong>qno</strong></span> <span class='ocrx_word' id='word_1_99' title='bbox 96 1477 240 1542; x_wconf 83' lang='lat' dir='ltr'><strong>uxoribus</strong></span> <span class='ocrx_word' id='word_1_100' title='bbox 259 1477 411 1563; x_wconf 87' lang='lat' dir='ltr'><strong>placeant,</strong></span> <span class='ocrx_word' id='word_1_101' title='bbox 436 1475 571 1562; x_wconf 82' lang='lat' dir='ltr'><strong>expoliti.</strong></span> <span class='ocrx_word' id='word_1_102' title='bbox 617 1473 644 1540; x_wconf 84' lang='grc' dir='ltr'>Ε</span> <span class='ocrx_word' id='word_1_103' title='bbox 662 1477 812 1540; x_wconf 84' lang='lat' dir='ltr'><strong>contrario</strong></span> <span class='ocrx_word' id='word_1_104' title='bbox 827 1476 953 1542; x_wconf 85' lang='lat' dir='ltr'><strong>lemicae</strong></span> <span class='ocrx_word' id='word_1_105' title='bbox 969 1487 1056 1542; x_wconf 90' lang='lat' dir='ltr'><strong>tonso</strong></span> <span class='ocrx_word' id='word_1_106' title='bbox 1072 1478 1180 1563; x_wconf 88' lang='lat' dir='ltr'><strong>eapite,</strong></span> 
     </span>
     <span class='ocr_line' id='line_1_13' title="bbox 22 1577 1182 1666; baseline 0.003 -24"><span class='ocrx_word' id='word_1_107' title='bbox 22 1600 55 1642; x_wconf 91' lang='lat' dir='ltr'><strong>ac</strong></span> <span class='ocrx_word' id='word_1_108' title='bbox 77 1579 158 1644; x_wconf 89' lang='lat' dir='ltr'><strong>virili</strong></span> <span class='ocrx_word' id='word_1_109' title='bbox 182 1580 300 1664; x_wconf 85' lang='lat' dir='ltr'><strong>cingulo</strong></span> <span class='ocrx_word' id='word_1_110' title='bbox 323 1578 510 1666; x_wconf 89' lang='lat' dir='ltr'><strong>praecinctae</strong></span> <span class='ocrx_word' id='word_1_111' title='bbox 535 1579 744 1664; x_wconf 78' lang='lat' dir='ltr'><strong>agriculturam</strong></span> <span class='ocrx_word' id='word_1_112' title='bbox 772 1590 928 1644; x_wconf 79' lang='lat' dir='ltr'><strong>exercent.</strong></span> <span class='ocrx_word' id='word_1_113' title='bbox 974 1581 1061 1665; x_wconf 81' lang='lat' dir='ltr'><strong>Apud</strong></span> <span class='ocrx_word' id='word_1_114' title='bbox 1087 1577 1182 1646; x_wconf 82' lang='lat' dir='ltr'><strong>Gelon</strong></span> 
     </span>
     <span class='ocr_line' id='line_1_14' title="bbox 21 1679 1182 1768; baseline 0 -22"><span class='ocrx_word' id='word_1_115' title='bbox 21 1702 164 1766; x_wconf 86' lang='lat' dir='ltr'><strong>perversa</strong></span> <span class='ocrx_word' id='word_1_116' title='bbox 179 1683 313 1762; x_wconf 89' lang='lat' dir='ltr'><strong>ratione,</strong></span> <span class='ocrx_word' id='word_1_117' title='bbox 348 1682 397 1767; x_wconf 90' lang='lat' dir='ltr'><strong>qui</strong></span> <span class='ocrx_word' id='word_1_118' title='bbox 421 1679 498 1745; x_wconf 90' lang='lat' dir='ltr'><strong>mala</strong></span> <span class='ocrx_word' id='word_1_119' title='bbox 518 1693 687 1768; x_wconf 87' lang='lat' dir='ltr'><strong>perpetrant</strong></span> <span class='ocrx_word' id='word_1_120' title='bbox 703 1680 739 1745; x_wconf 94' lang='lat' dir='ltr'><strong>ab</strong></span> <span class='ocrx_word' id='word_1_121' title='bbox 754 1683 827 1768; x_wconf 87' lang='lat' dir='ltr'><strong>ipsis</strong></span> <span class='ocrx_word' id='word_1_122' title='bbox 844 1683 959 1768; x_wconf 81' lang='lat' dir='ltr'><strong>legibus</strong></span> <span class='ocrx_word' id='word_1_123' title='bbox 976 1683 1182 1746; x_wconf 89' lang='lat' dir='ltr'><strong>commendan-</strong></span> 
     </span>
     <span class='ocr_line' id='line_1_15' title="bbox 22 1782 1180 1870; baseline 0.002 -24"><span class='ocrx_word' id='word_1_124' title='bbox 22 1795 79 1848; x_wconf 85' lang='lat' dir='ltr'><strong>tur.</strong></span> <span class='ocrx_word' id='word_1_125' title='bbox 128 1782 188 1849; x_wconf 87' lang='lat' dir='ltr'><strong>lam</strong></span> <span class='ocrx_word' id='word_1_126' title='bbox 208 1784 282 1870; x_wconf 90' lang='lat' dir='ltr'><strong>apud</strong></span> <span class='ocrx_word' id='word_1_127' title='bbox 303 1783 439 1849; x_wconf 87' lang='lat' dir='ltr'><strong>Graecos</strong></span> <span class='ocrx_word' id='word_1_128' title='bbox 463 1805 549 1868; x_wconf 88' lang='lat' dir='ltr'><strong>quam</strong></span> <span class='ocrx_word' id='word_1_129' title='bbox 567 1783 657 1848; x_wconf 83' lang='lat' dir='ltr'><strong>multa</strong></span> <span class='ocrx_word' id='word_1_130' title='bbox 675 1784 817 1870; x_wconf 77' lang='lat' dir='ltr'><strong>mysteria</strong></span> <span class='ocrx_word' id='word_1_131' title='bbox 833 1786 1078 1870; x_wconf 77' lang='lat' dir='ltr'><strong>ceremoniasque</strong></span> <span class='ocrx_word' id='word_1_132' title='bbox 1095 1785 1180 1850; x_wconf 86' lang='lat' dir='ltr'><strong>suntl</strong></span> 
     </span>
     <span class='ocr_line' id='line_1_16' title="bbox 23 1883 1180 1973; baseline 0 -23"><span class='ocrx_word' id='word_1_133' title='bbox 23 1883 195 1952; x_wconf 83' lang='lat' dir='ltr'><strong>Cuiusmodi</strong></span> <span class='ocrx_word' id='word_1_134' title='bbox 213 1897 282 1952; x_wconf 85' lang='lat' dir='ltr'><strong>aunt</strong></span> <span class='ocrx_word' id='word_1_135' title='bbox 299 1885 452 1970; x_wconf 76' lang='lat' dir='ltr'><strong>Megarica</strong></span> <span class='ocrx_word' id='word_1_136' title='bbox 472 1886 624 1950; x_wconf 85' lang='lat' dir='ltr'><strong>mulierum</strong></span> <span class='ocrx_word' id='word_1_137' title='bbox 644 1907 746 1966; x_wconf 87' lang='lat' dir='ltr'><strong>saera,</strong></span> <span class='ocrx_word' id='word_1_138' title='bbox 772 1885 1025 1973; x_wconf 78' lang='lat' dir='ltr'><strong>Thesmophoria3</strong></span> <span class='ocrx_word' id='word_1_139' title='bbox 1056 1908 1180 1972; x_wconf 92' lang='lat' dir='ltr'><strong>quornm</strong></span> 
     </span>
     <span class='ocr_line' id='line_1_17' title="bbox 21 1986 1182 2074; baseline 0.002 -22"><span class='ocrx_word' id='word_1_140' title='bbox 21 1989 95 2054; x_wconf 91' lang='lat' dir='ltr'><strong>ritus</strong></span> <span class='ocrx_word' id='word_1_141' title='bbox 111 2011 129 2053; x_wconf 88' lang='lat' dir='ltr'><strong>a</strong></span> <span class='ocrx_word' id='word_1_142' title='bbox 145 2009 178 2053; x_wconf 87' lang='lat' dir='ltr'><strong>se</strong></span> <span class='ocrx_word' id='word_1_143' title='bbox 196 1999 296 2054; x_wconf 89' lang='lat' dir='ltr'><strong>mutuo</strong></span> <span class='ocrx_word' id='word_1_144' title='bbox 311 1989 490 2074; x_wconf 87' lang='lat' dir='ltr'><strong>discrepant.</strong></span> <span class='ocrx_word' id='word_1_145' title='bbox 537 1987 616 2053; x_wconf 82' lang='lat' dir='ltr'><strong>Tum</strong></span> <span class='ocrx_word' id='word_1_146' title='bbox 632 1987 802 2066; x_wconf 82' lang='lat' dir='ltr'><strong>Eleusinia,</strong></span> <span class='ocrx_word' id='word_1_147' title='bbox 826 1991 946 2074; x_wconf 87' lang='lat' dir='ltr'><strong>quaein</strong></span> <span class='ocrx_word' id='word_1_148' title='bbox 963 1990 1105 2054; x_wconf 92' lang='lat' dir='ltr'><strong>bonorem</strong></span> <span class='ocrx_word' id='word_1_149' title='bbox 1122 1986 1182 2054; x_wconf 87' lang='lat' dir='ltr'><strong>Ce-</strong></span> 
     </span>
     <span class='ocr_line' id='line_1_18' title="bbox 22 2089 1182 2178; baseline -0.001 -23"><span class='ocrx_word' id='word_1_150' title='bbox 22 2093 98 2157; x_wconf 85' lang='lat' dir='ltr'><strong>reris</strong></span> <span class='ocrx_word' id='word_1_151' title='bbox 114 2113 150 2156; x_wconf 90' lang='lat' dir='ltr'><strong>ac</strong></span> <span class='ocrx_word' id='word_1_152' title='bbox 167 2089 365 2178; x_wconf 85' lang='lat' dir='ltr'><strong>Proserpinae</strong></span> <span class='ocrx_word' id='word_1_153' title='bbox 389 2091 593 2169; x_wconf 86' lang='lat' dir='ltr'><strong>celebrantur,</strong></span> <span class='ocrx_word' id='word_1_154' title='bbox 629 2101 660 2154; x_wconf 91' lang='lat' dir='ltr'><strong>et</strong></span> <span class='ocrx_word' id='word_1_155' title='bbox 681 2111 756 2174; x_wconf 90' lang='lat' dir='ltr'><strong>quae</strong></span> <span class='ocrx_word' id='word_1_156' title='bbox 780 2089 841 2154; x_wconf 90' lang='lat' dir='ltr'><strong>illic</strong></span> <span class='ocrx_word' id='word_1_157' title='bbox 858 2091 889 2155; x_wconf 93' lang='lat' dir='ltr'><strong>iu</strong></span> <span class='ocrx_word' id='word_1_158' title='bbox 906 2091 1105 2177; x_wconf 85' lang='lat' dir='ltr'><strong>penetralibus</strong></span> <span class='ocrx_word' id='word_1_159' title='bbox 1129 2091 1182 2155; x_wconf 92' lang='lat' dir='ltr'><strong>nb-</strong></span> 
     </span>
     <span class='ocr_line' id='line_1_19' title="bbox 21 2191 1184 2272; baseline 0 -15"><span class='ocrx_word' id='word_1_160' title='bbox 21 2215 132 2258; x_wconf 89' lang='lat' dir='ltr'><strong>sooeua</strong></span> <span class='ocrx_word' id='word_1_161' title='bbox 154 2194 295 2259; x_wconf 88' lang='lat' dir='ltr'><strong>committi</strong></span> <span class='ocrx_word' id='word_1_162' title='bbox 312 2193 427 2272; x_wconf 88' lang='lat' dir='ltr'><strong>solent,</strong></span> <span class='ocrx_word' id='word_1_163' title='bbox 459 2195 540 2258; x_wconf 83' lang='lat' dir='ltr'><strong>velut</strong></span> <span class='ocrx_word' id='word_1_164' title='bbox 563 2215 628 2259; x_wconf 88' lang='lat' dir='ltr'><strong>eum</strong></span> <span class='ocrx_word' id='word_1_165' title='bbox 651 2191 789 2257; x_wconf 85' lang='lat' dir='ltr'><strong>mulieres</strong></span> <span class='ocrx_word' id='word_1_166' title='bbox 808 2193 1009 2271; x_wconf 80' lang='lat' dir='ltr'><strong>denudentur,</strong></span> <span class='ocrx_word' id='word_1_167' title='bbox 1041 2205 1074 2258; x_wconf 92' lang='lat' dir='ltr'><strong>ut</strong></span> <span class='ocrx_word' id='word_1_168' title='bbox 1091 2193 1184 2258; x_wconf 92' lang='lat' dir='ltr'><strong>bone·</strong></span> 
     </span>
     <span class='ocr_line' id='line_1_20' title="bbox 21 2293 1183 2382; baseline 0 -22"><span class='ocrx_word' id='word_1_169' title='bbox 21 2297 274 2360; x_wconf 82' lang='lat' dir='ltr'><strong>ctissimedioam.</strong></span> <span class='ocrx_word' id='word_1_170' title='bbox 321 2293 437 2379; x_wconf 79' lang='lat' dir='ltr'><strong>Quibus</strong></span> <span class='ocrx_word' id='word_1_171' title='bbox 454 2297 596 2361; x_wconf 88' lang='lat' dir='ltr'><strong>accedunt</strong></span> <span class='ocrx_word' id='word_1_172' title='bbox 614 2307 770 2382; x_wconf 80' lang='lat' dir='ltr'><strong>tympana,</strong></span> <span class='ocrx_word' id='word_1_173' title='bbox 804 2294 878 2374; x_wconf 91' lang='lat' dir='ltr'><strong>liba,</strong></span> <span class='ocrx_word' id='word_1_174' title='bbox 911 2295 1071 2374; x_wconf 87' lang='lat' dir='ltr'><strong>rhombus,</strong></span> <span class='ocrx_word' id='word_1_175' title='bbox 1104 2296 1183 2360; x_wconf 87' lang='lat' dir='ltr'><strong>cala-</strong></span> 
     </span>
     <span class='ocr_line' id='line_1_21' title="bbox 22 2398 1182 2486; baseline 0.001 -24"><span class='ocrx_word' id='word_1_176' title='bbox 22 2398 110 2478; x_wconf 90' lang='lat' dir='ltr'><strong>thus,</strong></span> <span class='ocrx_word' id='word_1_177' title='bbox 143 2399 209 2463; x_wconf 89' lang='lat' dir='ltr'><strong>lana</strong></span> <span class='ocrx_word' id='word_1_178' title='bbox 229 2401 323 2479; x_wconf 91' lang='lat' dir='ltr'><strong>lauta,</strong></span> <span class='ocrx_word' id='word_1_179' title='bbox 354 2399 537 2486; x_wconf 79' lang='lat' dir='ltr'><strong>cymbalum,</strong></span> <span class='ocrx_word' id='word_1_180' title='bbox 570 2399 676 2464; x_wconf 86' lang='lat' dir='ltr'><strong>einnus</strong></span> <span class='ocrx_word' id='word_1_181' title='bbox 693 2399 723 2462; x_wconf 92' lang='lat' dir='ltr'><strong>in</strong></span> <span class='ocrx_word' id='word_1_182' title='bbox 738 2399 843 2484; x_wconf 92' lang='lat' dir='ltr'><strong>poculo</strong></span> <span class='ocrx_word' id='word_1_183' title='bbox 859 2408 1050 2484; x_wconf 85' lang='lat' dir='ltr'><strong>temperatus.</strong></span> <span class='ocrx_word' id='word_1_184' title='bbox 1096 2398 1182 2463; x_wconf 85' lang='lat' dir='ltr'><strong>Adde</strong></span> 
     </span>
     <span class='ocr_line' id='line_1_22' title="bbox 22 2498 1183 2588; baseline 0 -24"><span class='ocrx_word' id='word_1_185' title='bbox 22 2513 51 2566; x_wconf 86' lang='lat' dir='ltr'><strong>et</strong></span> <span class='ocrx_word' id='word_1_186' title='bbox 67 2499 196 2588; x_wconf 83' lang='lat' dir='ltr'><strong>Pythia,</strong></span> <span class='ocrx_word' id='word_1_187' title='bbox 221 2501 341 2586; x_wconf 82' lang='lat' dir='ltr'><strong>quaein</strong></span> <span class='ocrx_word' id='word_1_188' title='bbox 359 2502 500 2566; x_wconf 89' lang='lat' dir='ltr'><strong>bonorem</strong></span> <span class='ocrx_word' id='word_1_189' title='bbox 516 2501 711 2581; x_wconf 85' lang='lat' dir='ltr'><strong>Arebemori,</strong></span> <span class='ocrx_word' id='word_1_190' title='bbox 735 2512 765 2565; x_wconf 90' lang='lat' dir='ltr'><strong>et</strong></span> <span class='ocrx_word' id='word_1_191' title='bbox 783 2498 921 2581; x_wconf 88' lang='lat' dir='ltr'><strong>lstbmia‚</strong></span> <span class='ocrx_word' id='word_1_192' title='bbox 946 2522 1021 2585; x_wconf 92' lang='lat' dir='ltr'><strong>quae</strong></span> <span class='ocrx_word' id='word_1_193' title='bbox 1039 2500 1070 2564; x_wconf 92' lang='lat' dir='ltr'><strong>in</strong></span> <span class='ocrx_word' id='word_1_194' title='bbox 1088 2499 1183 2564; x_wconf 81' lang='lat' dir='ltr'><strong>Atha·</strong></span> 
     </span>
     <span class='ocr_line' id='line_1_23' title="bbox 23 2602 1181 2688; baseline 0 -21"><span class='ocrx_word' id='word_1_195' title='bbox 23 2605 131 2668; x_wconf 85' lang='lat' dir='ltr'><strong>mantis</strong></span> <span class='ocrx_word' id='word_1_196' title='bbox 151 2614 181 2668; x_wconf 92' lang='lat' dir='ltr'><strong>et</strong></span> <span class='ocrx_word' id='word_1_197' title='bbox 196 2602 372 2670; x_wconf 88' lang='lat' dir='ltr'><strong>Melicertae</strong></span> <span class='ocrx_word' id='word_1_198' title='bbox 387 2603 459 2669; x_wconf 86' lang='lat' dir='ltr'><strong>lnus</strong></span> <span class='ocrx_word' id='word_1_199' title='bbox 485 2603 534 2668; x_wconf 85' lang='lat' dir='ltr'><strong>blii</strong></span> <span class='ocrx_word' id='word_1_200' title='bbox 553 2603 723 2668; x_wconf 86' lang='lat' dir='ltr'><strong>memoriam</strong></span> <span class='ocrx_word' id='word_1_201' title='bbox 743 2602 921 2669; x_wconf 86' lang='lat' dir='ltr'><strong>indicuntur.</strong></span> <span class='ocrx_word' id='word_1_202' title='bbox 969 2602 1047 2668; x_wconf 82' lang='lat' dir='ltr'><strong>Tum</strong></span> <span class='ocrx_word' id='word_1_203' title='bbox 1065 2603 1181 2688; x_wconf 88' lang='lat' dir='ltr'><strong>eosqui</strong></span> 
     </span>
     <span class='ocr_line' id='line_1_24' title="bbox 22 2703 1182 2792; baseline 0.001 -23"><span class='ocrx_word' id='word_1_204' title='bbox 22 2703 155 2772; x_wconf 90' lang='lat' dir='ltr'><strong>Pballum</strong></span> <span class='ocrx_word' id='word_1_205' title='bbox 172 2707 400 2787; x_wconf 84' lang='lat' dir='ltr'><strong>circumierunt,</strong></span> <span class='ocrx_word' id='word_1_206' title='bbox 424 2727 555 2792; x_wconf 86' lang='lat' dir='ltr'><strong>quaeque</strong></span> <span class='ocrx_word' id='word_1_207' title='bbox 571 2703 708 2790; x_wconf 86' lang='lat' dir='ltr'><strong>Priapeia</strong></span> <span class='ocrx_word' id='word_1_208' title='bbox 722 2725 806 2770; x_wconf 87' lang='lat' dir='ltr'><strong>sacra</strong></span> <span class='ocrx_word' id='word_1_209' title='bbox 823 2705 989 2791; x_wconf 84' lang='lat' dir='ltr'><strong>turpissima</strong></span> <span class='ocrx_word' id='word_1_210' title='bbox 1004 2728 1038 2771; x_wconf 92' lang='lat' dir='ltr'><strong>ac</strong></span> <span class='ocrx_word' id='word_1_211' title='bbox 1056 2707 1182 2792; x_wconf 76' lang='lat' dir='ltr'><strong>flagitio·</strong></span> 
     </span>
     <span class='ocr_line' id='line_1_25' title="bbox 21 2808 1182 2894; baseline 0 -22"><span class='ocrx_word' id='word_1_212' title='bbox 21 2810 142 2873; x_wconf 85' lang='lat' dir='ltr'><strong>sissima</strong></span> <span class='ocrx_word' id='word_1_213' title='bbox 167 2811 366 2894; x_wconf 73' lang='lat' dir='ltr'><strong>frequentant.</strong></span> <span class='ocrx_word' id='word_1_214' title='bbox 412 2809 459 2873; x_wconf 85' lang='lat' dir='ltr'><strong>Ad</strong></span> <span class='ocrx_word' id='word_1_215' title='bbox 483 2809 556 2873; x_wconf 84' lang='lat' dir='ltr'><strong>baec</strong></span> <span class='ocrx_word' id='word_1_216' title='bbox 578 2808 682 2873; x_wconf 84' lang='lat' dir='ltr'><strong>Rbeae</strong></span> <span class='ocrx_word' id='word_1_217' title='bbox 706 2808 837 2872; x_wconf 85' lang='lat' dir='ltr'><strong>cultores</strong></span> <span class='ocrx_word' id='word_1_218' title='bbox 858 2810 958 2888; x_wconf 80' lang='lat' dir='ltr'><strong>viros,</strong></span> <span class='ocrx_word' id='word_1_219' title='bbox 991 2810 1039 2894; x_wconf 90' lang='lat' dir='ltr'><strong>qui</strong></span> <span class='ocrx_word' id='word_1_220' title='bbox 1062 2819 1182 2874; x_wconf 86' lang='lat' dir='ltr'><strong>teneros</strong></span> 
     </span>
     <span class='ocr_line' id='line_1_26' title="bbox 21 2911 1181 2996; baseline 0 -22"><span class='ocrx_word' id='word_1_221' title='bbox 21 2933 121 2976; x_wconf 90' lang='lat' dir='ltr'><strong>mares</strong></span> <span class='ocrx_word' id='word_1_222' title='bbox 143 2923 303 2991; x_wconf 83' lang='lat' dir='ltr'><strong>exsecant,</strong></span> <span class='ocrx_word' id='word_1_223' title='bbox 336 2922 366 2975; x_wconf 88' lang='lat' dir='ltr'><strong>et</strong></span> <span class='ocrx_word' id='word_1_224' title='bbox 383 2912 479 2977; x_wconf 86' lang='lat' dir='ltr'><strong>virilia</strong></span> <span class='ocrx_word' id='word_1_225' title='bbox 502 2911 632 2976; x_wconf 78' lang='lat' dir='ltr'><strong>tennione</strong></span> <span class='ocrx_word' id='word_1_226' title='bbox 655 2922 823 2996; x_wconf 88' lang='lat' dir='ltr'><strong>amputant,</strong></span> <span class='ocrx_word' id='word_1_227' title='bbox 854 2911 927 2974; x_wconf 89' lang='lat' dir='ltr'><strong>adeo</strong></span> <span class='ocrx_word' id='word_1_228' title='bbox 952 2921 1102 2996; x_wconf 84' lang='lat' dir='ltr'><strong>utreque</strong></span> <span class='ocrx_word' id='word_1_229' title='bbox 1125 2911 1181 2975; x_wconf 85' lang='lat' dir='ltr'><strong>viri</strong></span> 
     </span>
     <span class='ocr_line' id='line_1_27' title="bbox 20 3011 1184 3099; baseline 0 -23"><span class='ocrx_word' id='word_1_230' title='bbox 20 3015 147 3099; x_wconf 84' lang='lat' dir='ltr'><strong>amplius</strong></span> <span class='ocrx_word' id='word_1_231' title='bbox 165 3034 232 3079; x_wconf 84' lang='lat' dir='ltr'><strong>esse</strong></span> <span class='ocrx_word' id='word_1_232' title='bbox 250 3013 383 3098; x_wconf 89' lang='lat' dir='ltr'><strong>possint,</strong></span> <span class='ocrx_word' id='word_1_233' title='bbox 413 3035 508 3098; x_wconf 88' lang='lat' dir='ltr'><strong>nequo</strong></span> <span class='ocrx_word' id='word_1_234' title='bbox 527 3013 667 3078; x_wconf 88' lang='lat' dir='ltr'><strong>mulieres</strong></span> <span class='ocrx_word' id='word_1_235' title='bbox 691 3013 782 3078; x_wconf 77' lang='lat' dir='ltr'><strong>sinte</strong></span> <span class='ocrx_word' id='word_1_236' title='bbox 804 3024 906 3077; x_wconf 85' lang='lat' dir='ltr'><strong>natura</strong></span> <span class='ocrx_word' id='word_1_237' title='bbox 932 3013 1014 3077; x_wconf 86' lang='lat' dir='ltr'><strong>laeti.</strong></span> <span class='ocrx_word' id='word_1_238' title='bbox 1060 3011 1138 3079; x_wconf 88' lang='lat' dir='ltr'><strong>Sunt</strong></span> <span class='ocrx_word' id='word_1_239' title='bbox 1153 3025 1184 3076; x_wconf 92' lang='lat' dir='ltr'><strong>et</strong></span> 
     </span>
     <span class='ocr_line' id='line_1_28' title="bbox 21 3113 1183 3203; baseline 0.001 -24"><span class='ocrx_word' id='word_1_240' title='bbox 21 3117 68 3180; x_wconf 87' lang='lat' dir='ltr'><strong>alii</strong></span> <span class='ocrx_word' id='word_1_241' title='bbox 90 3115 283 3203; x_wconf 82' lang='lat' dir='ltr'><strong>Dionysiaci,</strong></span> <span class='ocrx_word' id='word_1_242' title='bbox 308 3115 357 3201; x_wconf 89' lang='lat' dir='ltr'><strong>qui</strong></span> <span class='ocrx_word' id='word_1_243' title='bbox 374 3113 516 3181; x_wconf 84' lang='lat' dir='ltr'><strong>Curetum</strong></span> <span class='ocrx_word' id='word_1_244' title='bbox 534 3116 628 3180; x_wconf 84' lang='lat' dir='ltr'><strong>saeris</strong></span> <span class='ocrx_word' id='word_1_245' title='bbox 645 3127 676 3179; x_wconf 91' lang='lat' dir='ltr'><strong>et</strong></span> <span class='ocrx_word' id='word_1_246' title='bbox 691 3115 824 3179; x_wconf 88' lang='lat' dir='ltr'><strong>carnium</strong></span> <span class='ocrx_word' id='word_1_247' title='bbox 840 3115 977 3179; x_wconf 88' lang='lat' dir='ltr'><strong>divisioni</strong></span> <span class='ocrx_word' id='word_1_248' title='bbox 995 3115 1114 3180; x_wconf 82' lang='lat' dir='ltr'><strong>initiare</strong></span> <span class='ocrx_word' id='word_1_249' title='bbox 1134 3137 1183 3180; x_wconf 90' lang='lat' dir='ltr'><strong>so·</strong></span> 
     </span>
     <span class='ocr_line' id='line_1_29' title="bbox 20 3217 1183 3306; baseline 0.002 -26"><span class='ocrx_word' id='word_1_250' title='bbox 20 3217 103 3298; x_wconf 90' lang='lat' dir='ltr'><strong>lent,</strong></span> <span class='ocrx_word' id='word_1_251' title='bbox 130 3219 263 3283; x_wconf 88' lang='lat' dir='ltr'><strong>coronati</strong></span> <span class='ocrx_word' id='word_1_252' title='bbox 280 3219 485 3306; x_wconf 87' lang='lat' dir='ltr'><strong>serpentibus,</strong></span> <span class='ocrx_word' id='word_1_253' title='bbox 516 3229 658 3297; x_wconf 89' lang='lat' dir='ltr'><strong>ovantes,</strong></span> <span class='ocrx_word' id='word_1_254' title='bbox 690 3228 721 3283; x_wconf 89' lang='lat' dir='ltr'><strong>et</strong></span> <span class='ocrx_word' id='word_1_255' title='bbox 737 3223 797 3282; x_wconf 78' lang='lat' dir='ltr'><strong>Oreo</strong></span> <span class='ocrx_word' id='word_1_256' title='bbox 815 3239 869 3280; x_wconf 88' lang='lat' dir='ltr'><strong>ouo</strong></span> <span class='ocrx_word' id='word_1_257' title='bbox 886 3219 1103 3297; x_wconf 77' lang='lat' dir='ltr'><strong>vociterantes,</strong></span> <span class='ocrx_word' id='word_1_258' title='bbox 1127 3219 1183 3283; x_wconf 90' lang='lat' dir='ltr'><strong>boc</strong></span> 
     </span>
     <span class='ocr_line' id='line_1_30' title="bbox 19 3319 1182 3408; baseline 0 -24"><span class='ocrx_word' id='word_1_259' title='bbox 19 3333 65 3385; x_wconf 89' lang='lat' dir='ltr'><strong>est</strong></span> <span class='ocrx_word' id='word_1_260' title='bbox 84 3319 182 3386; x_wconf 85' lang='lat' dir='ltr'><strong>Eram</strong></span> <span class='ocrx_word' id='word_1_261' title='bbox 199 3322 295 3401; x_wconf 92' lang='lat' dir='ltr'><strong>illam,</strong></span> <span class='ocrx_word' id='word_1_262' title='bbox 329 3343 415 3408; x_wconf 85' lang='lat' dir='ltr'><strong>quam</strong></span> <span class='ocrx_word' id='word_1_263' title='bbox 436 3341 561 3408; x_wconf 88' lang='lat' dir='ltr'><strong>serpens</strong></span> <span class='ocrx_word' id='word_1_264' title='bbox 582 3321 715 3407; x_wconf 89' lang='lat' dir='ltr'><strong>decepit,</strong></span> <span class='ocrx_word' id='word_1_265' title='bbox 748 3321 938 3400; x_wconf 86' lang='lat' dir='ltr'><strong>invocantes,</strong></span> <span class='ocrx_word' id='word_1_266' title='bbox 969 3321 1034 3384; x_wconf 84' lang='lat' dir='ltr'><strong>sive</strong></span> <span class='ocrx_word' id='word_1_267' title='bbox 1054 3321 1182 3406; x_wconf 90' lang='lat' dir='ltr'><strong>aspirata</strong></span> 
     </span>
     <span class='ocr_line' id='line_1_31' title="bbox 19 3421 1183 3510; baseline 0.002 -24"><span class='ocrx_word' id='word_1_268' title='bbox 19 3443 95 3487; x_wconf 84' lang='lat' dir='ltr'><strong>voce</strong></span> <span class='ocrx_word' id='word_1_269' title='bbox 120 3435 286 3510; x_wconf 88' lang='lat' dir='ltr'><strong>serpentem</strong></span> <span class='ocrx_word' id='word_1_270' title='bbox 311 3421 459 3488; x_wconf 81' lang='lat' dir='ltr'><strong>Hebraico</strong></span> <span class='ocrx_word' id='word_1_271' title='bbox 483 3425 579 3509; x_wconf 81' lang='lat' dir='ltr'><strong>lingua</strong></span> <span class='ocrx_word' id='word_1_272' title='bbox 604 3425 639 3488; x_wconf 87' lang='lat' dir='ltr'><strong>ad</strong></span> <span class='ocrx_word' id='word_1_273' title='bbox 664 3425 795 3489; x_wconf 83' lang='lat' dir='ltr'><strong>fraudem</strong></span> <span class='ocrx_word' id='word_1_274' title='bbox 820 3443 904 3488; x_wconf 84' lang='lat' dir='ltr'><strong>suum</strong></span> <span class='ocrx_word' id='word_1_275' title='bbox 928 3434 960 3486; x_wconf 92' lang='lat' dir='ltr'><strong>et</strong></span> <span class='ocrx_word' id='word_1_276' title='bbox 980 3444 1112 3488; x_wconf 89' lang='lat' dir='ltr'><strong>errorem</strong></span> <span class='ocrx_word' id='word_1_277' title='bbox 1129 3445 1183 3488; x_wconf 86' lang='lat' dir='ltr'><strong>vo-</strong></span> 
     </span>
     <span class='ocr_line' id='line_1_32' title="bbox 19 3525 1180 3612; baseline -0.002 -22"><span class='ocrx_word' id='word_1_278' title='bbox 19 3539 137 3592; x_wconf 88' lang='lat' dir='ltr'><strong>cantes.</strong></span> <span class='ocrx_word' id='word_1_279' title='bbox 181 3525 260 3591; x_wconf 90' lang='lat' dir='ltr'><strong>Nam</strong></span> <span class='ocrx_word' id='word_1_280' title='bbox 277 3525 343 3591; x_wconf 84' lang='lat' dir='ltr'><strong>Eva</strong></span> <span class='ocrx_word' id='word_1_281' title='bbox 364 3527 389 3592; x_wconf 88' lang='lat' dir='ltr'><strong>si</strong></span> <span class='ocrx_word' id='word_1_282' title='bbox 406 3527 486 3591; x_wconf 87' lang='lat' dir='ltr'><strong>tenui</strong></span> <span class='ocrx_word' id='word_1_283' title='bbox 511 3525 615 3612; x_wconf 92' lang='lat' dir='ltr'><strong>spiritu</strong></span> <span class='ocrx_word' id='word_1_284' title='bbox 638 3525 845 3610; x_wconf 85' lang='lat' dir='ltr'><strong>pronuntietur</strong></span> <span class='ocrx_word' id='word_1_285' title='bbox 869 3526 1005 3590; x_wconf 85' lang='lat' dir='ltr'><strong>laminam</strong></span> <span class='ocrx_word' id='word_1_286' title='bbox 1022 3527 1180 3611; x_wconf 81' lang='lat' dir='ltr'><strong>significat,</strong></span> 
     </span>
     <span class='ocr_line' id='line_1_33' title="bbox 19 3628 1150 3714; baseline -0.003 -20"><span class='ocrx_word' id='word_1_287' title='bbox 19 3629 64 3694; x_wconf 88' lang='lat' dir='ltr'><strong>sin</strong></span> <span class='ocrx_word' id='word_1_288' title='bbox 89 3628 259 3714; x_wconf 86' lang='lat' dir='ltr'><strong>aspiratur,</strong></span> <span class='ocrx_word' id='word_1_289' title='bbox 283 3628 414 3696; x_wconf 85' lang='lat' dir='ltr'><strong>Hebraei</strong></span> <span class='ocrx_word' id='word_1_290' title='bbox 437 3629 491 3692; x_wconf 92' lang='lat' dir='ltr'><strong>boc</strong></span> <span class='ocrx_word' id='word_1_291' title='bbox 514 3628 657 3694; x_wconf 85' lang='lat' dir='ltr'><strong>vocabulo</strong></span> <span class='ocrx_word' id='word_1_292' title='bbox 680 3633 758 3691; x_wconf 84' lang='lat' dir='ltr'><strong>Hecu</strong></span> <span class='ocrx_word' id='word_1_293' title='bbox 779 3639 947 3714; x_wconf 88' lang='lat' dir='ltr'><strong>serpentem</strong></span> <span class='ocrx_word' id='word_1_294' title='bbox 971 3629 1150 3713; x_wconf 80' lang='lat' dir='ltr'><strong>intelligunt.</strong></span> 
     </span>
     <span class='ocr_line' id='line_1_34' title="bbox 105 3729 1333 3818; baseline 0 -24"><span class='ocrx_word' id='word_1_295' title='bbox 105 3729 148 3794; x_wconf 84' lang='lat' dir='ltr'><strong>Et</strong></span> <span class='ocrx_word' id='word_1_296' title='bbox 162 3731 235 3816; x_wconf 85' lang='lat' dir='ltr'><strong>&#39;quid</strong></span> <span class='ocrx_word' id='word_1_297' title='bbox 261 3731 367 3797; x_wconf 84' lang='lat' dir='ltr'><strong>attinet</strong></span> <span class='ocrx_word' id='word_1_298' title='bbox 392 3732 474 3818; x_wconf 88' lang='lat' dir='ltr'><strong>plura</strong></span> <span class='ocrx_word' id='word_1_299' title='bbox 497 3731 617 3796; x_wconf 78' lang='lat' dir='ltr'><strong>dicere?</strong></span> <span class='ocrx_word' id='word_1_300' title='bbox 661 3730 795 3816; x_wconf 81' lang='lat' dir='ltr'><strong>Tempus</strong></span> <span class='ocrx_word' id='word_1_301' title='bbox 818 3751 865 3796; x_wconf 91' lang='lat' dir='ltr'><strong>me</strong></span> <span class='ocrx_word' id='word_1_302' title='bbox 885 3729 1000 3797; x_wconf 87' lang='lat' dir='ltr'><strong>deliciet</strong></span> <span class='ocrx_word' id='word_1_303' title='bbox 1023 3730 1049 3794; x_wconf 86' lang='lat' dir='ltr'><strong>si</strong></span> <span class='ocrx_word' id='word_1_304' title='bbox 1068 3731 1179 3794; x_wconf 90' lang='lat' dir='ltr'><strong>inliuita</strong></span> <span class='ocrx_word' id='word_1_305' title='bbox 1206 3743 1268 3812; x_wconf 77' lang='lat' dir='ltr'><strong>cap.</strong></span> <span class='ocrx_word' id='word_1_306' title='bbox 1285 3743 1333 3795; x_wconf 82' lang='lat' dir='ltr'><strong>xl.</strong></span> 
     </span>
    </p>

    <p class='ocr_par' dir='ltr' id='par_1_3' title="bbox 19 3832 1181 3920">
     <span class='ocr_line' id='line_1_35' title="bbox 19 3832 1181 3920; baseline -0.001 -24"><span class='ocrx_word' id='word_1_307' title='bbox 19 3833 67 3898; x_wconf 89' lang='lat' dir='ltr'><strong>illa</strong></span> <span class='ocrx_word' id='word_1_308' title='bbox 87 3832 238 3897; x_wconf 86' lang='lat' dir='ltr'><strong>bominum</strong></span> <span class='ocrx_word' id='word_1_309' title='bbox 260 3833 429 3898; x_wconf 89' lang='lat' dir='ltr'><strong>discrimina</strong></span> <span class='ocrx_word' id='word_1_310' title='bbox 447 3835 478 3898; x_wconf 93' lang='lat' dir='ltr'><strong>in</strong></span> <span class='ocrx_word' id='word_1_311' title='bbox 494 3844 646 3920; x_wconf 83' lang='lat' dir='ltr'><strong>utramque</strong></span> <span class='ocrx_word' id='word_1_312' title='bbox 668 3845 799 3920; x_wconf 87' lang='lat' dir='ltr'><strong>partem,</strong></span> <span class='ocrx_word' id='word_1_313' title='bbox 832 3833 887 3897; x_wconf 87' lang='lat' dir='ltr'><strong>boc</strong></span> <span class='ocrx_word' id='word_1_314' title='bbox 911 3844 957 3897; x_wconf 88' lang='lat' dir='ltr'><strong>est</strong></span> <span class='ocrx_word' id='word_1_315' title='bbox 983 3832 1123 3897; x_wconf 85' lang='lat' dir='ltr'><strong>virtutem</strong></span> <span class='ocrx_word' id='word_1_316' title='bbox 1145 3851 1181 3895; x_wconf 89' lang='lat' dir='ltr'><strong>ac</strong></span> 
     </span>
    </p>
   </div>
   <div class='ocr_carea' id='block_1_3' title="bbox 18 3968 1202 4654">
    <p class='ocr_par' dir='ltr' id='par_1_4' title="bbox 18 3968 1202 4654">
     <span class='ocr_line' id='line_1_36' title="bbox 19 3968 773 4037; baseline 0.001 -18"><span class='ocrx_word' id='word_1_317' title='bbox 19 3972 73 4020; x_wconf 83' lang='lat' dir='ltr'><strong>edtt.</strong></span> <span class='ocrx_word' id='word_1_318' title='bbox 90 3972 170 4033; x_wconf 83' lang='lat' dir='ltr'><strong>prino.</strong></span> <span class='ocrx_word' id='word_1_319' title='bbox 202 3968 361 4037; x_wconf 74' lang='grc' dir='ltr'><strong>Μαλαίρτον</strong></span> <span class='ocrx_word' id='word_1_320' title='bbox 377 3973 461 4022; x_wconf 77' lang='lat' dir='ltr'><strong>atnam</strong></span> <span class='ocrx_word' id='word_1_321' title='bbox 481 3976 515 4023; x_wconf 78' lang='lat' dir='ltr'><strong>stt</strong></span> <span class='ocrx_word' id='word_1_322' title='bbox 530 3973 584 4023; x_wconf 77' lang='lat' dir='ltr'><strong>eun.</strong></span> <span class='ocrx_word' id='word_1_323' title='bbox 618 3973 674 4022; x_wconf 81' lang='lat' dir='ltr'><strong>edit.</strong></span> <span class='ocrx_word' id='word_1_324' title='bbox 691 3975 773 4024; x_wconf 82' lang='lat' dir='ltr'><strong>remo.</strong></span> 
     </span>
     <span class='ocr_line' id='line_1_37' title="bbox 19 4039 1060 4106; baseline -0.003 -16"><span class='ocrx_word' id='word_1_325' title='bbox 19 4039 104 4090; x_wconf 83' lang='lat' dir='ltr'><strong>Petne.</strong></span> <span class='ocrx_word' id='word_1_326' title='bbox 125 4039 203 4088; x_wconf 79' lang='lat' dir='ltr'><strong>Coton</strong></span> <span class='ocrx_word' id='word_1_327' title='bbox 219 4043 290 4101; x_wconf 71' lang='lat' dir='ltr'><strong>repet.</strong></span> <span class='ocrx_word' id='word_1_328' title='bbox 655 4041 693 4092; x_wconf 93' lang='lat' dir='ltr'><strong>ll.</strong></span> <span class='ocrx_word' id='word_1_329' title='bbox 712 4039 784 4106; x_wconf 72' lang='lat' dir='ltr'><strong>bulon</strong></span> <span class='ocrx_word' id='word_1_330' title='bbox 800 4042 868 4092; x_wconf 73' lang='lat' dir='ltr'><strong>codd</strong></span> <span class='ocrx_word' id='word_1_331' title='bbox 886 4055 941 4091; x_wconf 81' lang='lat' dir='ltr'><strong>mat.</strong></span> <span class='ocrx_word' id='word_1_332' title='bbox 958 4043 1060 4102; x_wconf 66' lang='lat' dir='ltr'><strong>umorque.</strong></span> 
     </span>
     <span class='ocr_line' id='line_1_38' title="bbox 51 4101 1181 4175; baseline 0 -17"><span class='ocrx_word' id='word_1_333' title='bbox 51 4105 77 4158; x_wconf 79' lang='lat'><strong>9.</strong></span> <span class='ocrx_word' id='word_1_334' title='bbox 95 4101 163 4158; x_wconf 76' lang='lat' dir='ltr'><strong>&#39;Iuni</strong></span> <span class='ocrx_word' id='word_1_335' title='bbox 179 4107 230 4156; x_wconf 86' lang='lat' dir='ltr'><strong>cod.</strong></span> <span class='ocrx_word' id='word_1_336' title='bbox 249 4107 348 4170; x_wconf 80' lang='lat' dir='ltr'><strong>lttedtp.</strong></span> <span class='ocrx_word' id='word_1_337' title='bbox 654 4108 692 4160; x_wconf 80' lang='lat'><strong>12</strong></span> <span class='ocrx_word' id='word_1_338' title='bbox 709 4105 836 4175; x_wconf 68' lang='grc' dir='ltr'><strong>κωμήτας</strong></span> <span class='ocrx_word' id='word_1_339' title='bbox 858 4109 910 4160; x_wconf 86' lang='lat' dir='ltr'><strong>end.</strong></span> <span class='ocrx_word' id='word_1_340' title='bbox 924 4109 988 4172; x_wconf 78' lang='lat' dir='ltr'><strong>ten,</strong></span> <span class='ocrx_word' id='word_1_341' title='bbox 1013 4121 1068 4158; x_wconf 83' lang='lat' dir='ltr'><strong>eum</strong></span> <span class='ocrx_word' id='word_1_342' title='bbox 1082 4120 1181 4158; x_wconf 78' lang='lat' dir='ltr'><strong>marroc</strong></span> 
     </span>
     <span class='ocr_line' id='line_1_39' title="bbox 54 4172 1180 4242; baseline 0.002 -17"><span class='ocrx_word' id='word_1_343' title='bbox 54 4175 96 4226; x_wconf 89' lang='lat'><strong>10.</strong></span> <span class='ocrx_word' id='word_1_344' title='bbox 115 4175 228 4226; x_wconf 78' lang='lat' dir='ltr'><strong>Petuntur</strong></span> <span class='ocrx_word' id='word_1_345' title='bbox 248 4179 382 4237; x_wconf 78' lang='lat' dir='ltr'><strong>suspicetur</strong></span> <span class='ocrx_word' id='word_1_346' title='bbox 399 4182 432 4228; x_wconf 85' lang='lat' dir='ltr'><strong>ert</strong></span> <span class='ocrx_word' id='word_1_347' title='bbox 452 4175 585 4242; x_wconf 76' lang='grc' dir='ltr'><strong>φαλλίζου-</strong></span> <span class='ocrx_word' id='word_1_348' title='bbox 617 4181 740 4242; x_wconf 56' lang='lat' dir='ltr'><strong>neum,</strong></span> <span class='ocrx_word' id='word_1_349' title='bbox 764 4185 787 4229; x_wconf 85' lang='lat' dir='ltr'><strong>et</strong></span> <span class='ocrx_word' id='word_1_350' title='bbox 811 4179 865 4229; x_wconf 82' lang='lat' dir='ltr'><strong>edlt</strong></span> <span class='ocrx_word' id='word_1_351' title='bbox 887 4179 961 4240; x_wconf 80' lang='lat' dir='ltr'><strong>prloc-</strong></span> <span class='ocrx_word' id='word_1_352' title='bbox 996 4172 1106 4242; x_wconf 81' lang='grc' dir='ltr'><strong>κὸρυτας</strong></span> <span class='ocrx_word' id='word_1_353' title='bbox 1128 4177 1180 4226; x_wconf 74' lang='lat' dir='ltr'><strong>ond</strong></span> 
     </span>
     <span class='ocr_line' id='line_1_40' title="bbox 21 4242 714 4312; baseline 0 -18"><span class='ocrx_word' id='word_1_354' title='bbox 21 4257 78 4304; x_wconf 83' lang='grc' dir='ltr'><strong>σαι,</strong></span> <span class='ocrx_word' id='word_1_355' title='bbox 97 4244 194 4292; x_wconf 71' lang='lat' dir='ltr'><strong>moret.</strong></span> <span class='ocrx_word' id='word_1_356' title='bbox 209 4245 322 4305; x_wconf 78' lang='lat' dir='ltr'><strong>tptnopb</strong></span> <span class='ocrx_word' id='word_1_357' title='bbox 337 4259 362 4306; x_wconf 81' lang='lat' dir='ltr'><strong>p.</strong></span> <span class='ocrx_word' id='word_1_358' title='bbox 375 4242 432 4296; x_wconf 80' lang='lat' dir='ltr'><strong>rut.</strong></span> <span class='ocrx_word' id='word_1_359' title='bbox 450 4245 584 4312; x_wconf 74' lang='grc' dir='ltr'>φαλλαγω-</span> <span class='ocrx_word' id='word_1_360' title='bbox 618 4247 714 4310; x_wconf 76' lang='lat' dir='ltr'><strong>llbedtq.</strong></span> 
     </span>
     <span class='ocr_line' id='line_1_41' title="bbox 18 4309 1026 4379; baseline -0.002 -16"><span class='ocrx_word' id='word_1_361' title='bbox 18 4312 127 4376; x_wconf 77' lang='grc' dir='ltr'><strong>γοῦσαι,</strong></span> <span class='ocrx_word' id='word_1_362' title='bbox 151 4312 188 4360; x_wconf 78' lang='lat' dir='ltr'><strong>uel</strong></span> <span class='ocrx_word' id='word_1_363' title='bbox 206 4309 412 4379; x_wconf 71' lang='grc' dir='ltr'><strong>βασσαρίζουσαι.</strong></span> <span class='ocrx_word' id='word_1_364' title='bbox 445 4315 504 4364; x_wconf 81' lang='lat' dir='ltr'><strong>nun</strong></span> <span class='ocrx_word' id='word_1_365' title='bbox 519 4315 585 4364; x_wconf 84' lang='lat' dir='ltr'><strong>otdr-</strong></span> <span class='ocrx_word' id='word_1_366' title='bbox 654 4311 693 4365; x_wconf 78' lang='lat'><strong>1³.</strong></span> <span class='ocrx_word' id='word_1_367' title='bbox 711 4313 845 4379; x_wconf 73' lang='lat' dir='ltr'><strong>xpsmoplo</strong></span> <span class='ocrx_word' id='word_1_368' title='bbox 860 4315 912 4364; x_wconf 87' lang='lat' dir='ltr'><strong>cod.</strong></span> <span class='ocrx_word' id='word_1_369' title='bbox 929 4314 1026 4376; x_wconf 53' lang='grc' dir='ltr'><strong>Μὴ.</strong></span> 
     </span>
     <span class='ocr_line' id='line_1_42' title="bbox 20 4379 1179 4448; baseline 0.003 -20"><span class='ocrx_word' id='word_1_370' title='bbox 20 4383 90 4428; x_wconf 82' lang='lat' dir='ltr'><strong>betur</strong></span> <span class='ocrx_word' id='word_1_371' title='bbox 131 4381 276 4430; x_wconf 80' lang='lat' dir='ltr'><strong>rettnmuun</strong></span> <span class='ocrx_word' id='word_1_372' title='bbox 309 4393 356 4430; x_wconf 80' lang='lat' dir='ltr'><strong>ease</strong></span> <span class='ocrx_word' id='word_1_373' title='bbox 389 4381 585 4448; x_wconf 73' lang='grc' dir='ltr'><strong>φαλλαρίζουσαι</strong></span> <span class='ocrx_word' id='word_1_374' title='bbox 654 4379 911 4444; x_wconf 65' lang='lat' dir='ltr'><strong>taceremne</strong></span> <span class='ocrx_word' id='word_1_375' title='bbox 931 4381 1069 4444; x_wconf 68' lang='lat' dir='ltr'><strong>(Sulmoettl</strong></span> <span class='ocrx_word' id='word_1_376' title='bbox 1089 4383 1179 4445; x_wconf 68' lang='lat' dir='ltr'><strong>contat.</strong></span> 
     </span>
     <span class='ocr_line' id='line_1_43' title="bbox 20 4443 1202 4514; baseline 0.003 -17"><span class='ocrx_word' id='word_1_377' title='bbox 20 4447 104 4512; x_wconf 69' lang='lat' dir='ltr'><strong>(umbo</strong></span> <span class='ocrx_word' id='word_1_378' title='bbox 129 4447 182 4508; x_wconf 72' lang='lat' dir='ltr'><strong>poto</strong></span> <span class='ocrx_word' id='word_1_379' title='bbox 204 4461 222 4496; x_wconf 89' lang='lat' dir='ltr'><strong>u</strong></span> <span class='ocrx_word' id='word_1_380' title='bbox 243 4443 392 4513; x_wconf 74' lang='grc' dir='ltr'><strong>φαλλάριον,</strong></span> <span class='ocrx_word' id='word_1_381' title='bbox 422 4451 444 4499; x_wconf 90' lang='lat' dir='ltr'><strong>b.</strong></span> <span class='ocrx_word' id='word_1_382' title='bbox 460 4463 481 4499; x_wconf 85' lang='lat' dir='ltr'><strong>e.</strong></span> <span class='ocrx_word' id='word_1_383' title='bbox 503 4448 585 4499; x_wconf 89' lang='lat' dir='ltr'><strong>minor</strong></span> <span class='ocrx_word' id='word_1_384' title='bbox 617 4451 758 4501; x_wconf 75' lang='lat' dir='ltr'><strong>,lnlmodum</strong></span> <span class='ocrx_word' id='word_1_385' title='bbox 775 4452 828 4502; x_wconf 74' lang='lat' dir='ltr'><strong>Ant.</strong></span> <span class='ocrx_word' id='word_1_386' title='bbox 848 4451 958 4500; x_wconf 74' lang='lat' dir='ltr'><strong>Gnoontt</strong></span> <span class='ocrx_word' id='word_1_387' title='bbox 972 4461 1028 4512; x_wconf 75' lang='lat' dir='ltr'><strong>pop.</strong></span> <span class='ocrx_word' id='word_1_388' title='bbox 1045 4449 1121 4514; x_wconf 73' lang='lat' dir='ltr'><strong>82sq.</strong></span> <span class='ocrx_word' id='word_1_389' title='bbox 1196 4451 1202 4462; x_wconf 88' lang='lat'>&#39;</span> 
     </span>
     <span class='ocr_line' id='line_1_44' title="bbox 19 4509 1181 4584; baseline 0.003 -20"><span class='ocrx_word' id='word_1_390' title='bbox 19 4514 136 4580; x_wconf 79' lang='lat' dir='ltr'><strong>phallos,</strong></span> <span class='ocrx_word' id='word_1_391' title='bbox 161 4509 393 4584; x_wconf 75' lang='lat' dir='ltr'><strong>dnoxopnornaoie),</strong></span> <span class='ocrx_word' id='word_1_392' title='bbox 410 4520 445 4566; x_wconf 86' lang='lat' dir='ltr'><strong>ott</strong></span> <span class='ocrx_word' id='word_1_393' title='bbox 461 4519 546 4580; x_wconf 82' lang='lat' dir='ltr'><strong>tepttur</strong></span> <span class='ocrx_word' id='word_1_394' title='bbox 559 4521 583 4566; x_wconf 80' lang='lat' dir='ltr'><strong>tn</strong></span> <span class='ocrx_word' id='word_1_395' title='bbox 653 4516 692 4569; x_wconf 82' lang='lat'><strong>15.</strong></span> <span class='ocrx_word' id='word_1_396' title='bbox 707 4512 736 4572; x_wconf 81' lang='grc' dir='ltr'><strong>ου’</strong></span> <span class='ocrx_word' id='word_1_397' title='bbox 749 4533 794 4580; x_wconf 82' lang='lat' dir='ltr'><strong>pro</strong></span> <span class='ocrx_word' id='word_1_398' title='bbox 807 4509 826 4584; x_wconf 74' lang='grc' dir='ltr'>ἦ</span> <span class='ocrx_word' id='word_1_399' title='bbox 840 4519 949 4569; x_wconf 74' lang='lat' dir='ltr'><strong>mennon</strong></span> <span class='ocrx_word' id='word_1_400' title='bbox 959 4523 1085 4568; x_wconf 73' lang='lat' dir='ltr'><strong>rouretum</strong></span> <span class='ocrx_word' id='word_1_401' title='bbox 1097 4519 1181 4582; x_wconf 69' lang='lat' dir='ltr'><strong>lentur</strong></span> 
     </span>
     <span class='ocr_line' id='line_1_45' title="bbox 19 4583 998 4654; baseline 0.007 -20"><span class='ocrx_word' id='word_1_402' title='bbox 19 4585 71 4635; x_wconf 83' lang='lat' dir='ltr'><strong>eod.</strong></span> <span class='ocrx_word' id='word_1_403' title='bbox 96 4585 145 4637; x_wconf 80' lang='lat' dir='ltr'><strong>ten.</strong></span> <span class='ocrx_word' id='word_1_404' title='bbox 170 4589 193 4634; x_wconf 83' lang='lat' dir='ltr'><strong>rt</strong></span> <span class='ocrx_word' id='word_1_405' title='bbox 222 4586 258 4634; x_wconf 79' lang='lat' dir='ltr'><strong>ert</strong></span> <span class='ocrx_word' id='word_1_406' title='bbox 281 4587 358 4647; x_wconf 71' lang='lat' dir='ltr'><strong>omne.</strong></span> <span class='ocrx_word' id='word_1_407' title='bbox 401 4583 584 4654; x_wconf 72' lang='grc' dir='ltr'><strong>φαλαρίζουσαι</strong></span> <span class='ocrx_word' id='word_1_408' title='bbox 613 4588 642 4640; x_wconf 84' lang='lat' dir='ltr'><strong>ln</strong></span> <span class='ocrx_word' id='word_1_409' title='bbox 658 4588 712 4644; x_wconf 81' lang='lat' dir='ltr'><strong>edtt.</strong></span> <span class='ocrx_word' id='word_1_410' title='bbox 731 4589 812 4640; x_wconf 80' lang='lat' dir='ltr'><strong>rona.</strong></span> <span class='ocrx_word' id='word_1_411' title='bbox 832 4589 911 4640; x_wconf 82' lang='lat' dir='ltr'><strong>colon.</strong></span> <span class='ocrx_word' id='word_1_412' title='bbox 927 4591 998 4652; x_wconf 60' lang='grc' dir='ltr'><strong>κρῆ»</strong></span> 
     </span>
    </p>
   </div>
   <div class='ocr_carea' id='block_1_4' title="bbox 0 0 1538 5016">
    <p class='ocr_par' dir='ltr' id='par_1_5' title="bbox 0 0 1538 5016">
     <span class='ocr_line' id='line_1_46' title="bbox 0 0 1538 5016; baseline 0 0"><span class='ocrx_word' id='word_1_413' title='bbox 0 0 1538 5016; x_wconf 95' lang='lat' dir='ltr'><strong> </strong></span> 
     </span>
    </p>
   </div>
  </div>
 </body>
</html>
