3082 5006
347 282 485 336 rnnann
503 281 567 337 uto.
583 283 626 336 nr.
644 281 727 338 ron.
739 283 758 334 ι.
776 281 877 334 naon.
888 281 985 336 uxxr.
1202 267 1243 332 45

77 422 198 466 earnem
214 411 354 468 murtatom
375 402 480 483 tuerit3
510 405 550 469 ito
568 404 644 467 enim
661 403 709 467 ide
733 403 807 468 tntso
823 403 859 467 de
879 402 934 465 boc
950 411 1126 487 argumento
1147 400 1242 466 disse-

77 506 150 568 ruit.
196 503 236 570 m
254 529 327 571 vcro
345 508 370 571 si
389 508 521 572 Adamos
540 506 632 572 verbo
649 507 794 590 originem
814 505 991 584 antecessit,
1016 525 1069 590 per
1087 525 1242 589 quemnam

77 628 139 670 non
165 610 253 672 modo
272 611 423 689 nunnus,
448 609 606 674 sedetiam
631 629 707 693 qnae
723 611 838 673 Adamo
864 609 977 694 priores
1001 617 1069 670 ιιιιιι
1087 618 1242 671 creaturae

76 710 124 774 dei
150 733 255 776 omnes
279 713 438 798 productae
463 713 551 776 suncti
594 708 670 795 Quis
690 711 738 775 itte
755 732 829 774 vero
846 723 892 775 est
906 709 951 774 eui
970 719 1054 796 pater
1071 709 1164 788 dixit,
1190 712 1245 772 Fu·

76 819 187 876 ciamus
200 818 359 878 hommem?
400 811 500 878 Nemo
515 815 592 880 enim
609 825 658 878 aut
677 815 712 878 nd
729 813 861 878 intimum
879 813 999 877 verbum
1018 834 1115 890 suum,
1140 813 1243 876 autad

75 915 148 980 idiud
175 917 251 1000 quod
276 918 410 980 exterius
428 919 578 1003 prodentur
601 915 845 981 consultationem
860 914 1160 998 deliberationemque
1174 913 1244 978 diri·

75 1018 131 1103 git.
182 1016 252 1082 ideo
275 1019 394 1084 insitum
413 1019 468 1084 sibi
485 1021 760 1106 carretissimumque
780 1039 864 1084 soum
881 1019 1003 1083 verbum
1020 1019 1173 1103 adloquens
1194 1039 1244 1102 pe·

77 1131 123 1184 ter
143 1121 271 1185 futuram
299 1121 426 1186 bominis
449 1121 683 1206 procreationem
701 1122 917 1207 sapientissime
938 1143 1012 1184 vnce
1035 1121 1181 1200 declarat,
1213 1131 1243 1184 ot

76 1223 167 1288 titium
193 1225 269 1310 apud
293 1235 405 1311 patrem
423 1223 507 1288 initio
527 1224 665 1289 extitisse
682 1226 844 1302 sciremus,
877 1245 974 1309 neque
992 1223 1174 1288 conditorem
1191 1244 1244 1288 uo-

75 1339 171 1390 strnm
189 1348 296 1392 recena
315 1328 344 1392 iu
366 1328 459 1394 ducem
478 1326 587 1392 editum
607 1329 836 1406 arbitraremur,
860 1329 911 1392 sed
931 1349 996 1391 cum
1015 1336 1096 1413 patre
1115 1325 1242 1412 priorem

75 1431 206 1495 saeculis
230 1431 365 1495 omnibus
391 1432 494 1495 fuisse.
542 1427 573 1495 td
590 1431 666 1518 qood
686 1428 813 1496 ioannes
831 1431 870 1495 ita
889 1431 1088 1496 demonstrate
1112 1433 1147 1492 In
1159 1434 1242 1512 preb·
1255 1436 1333 1484 lum·
1347 1435 1397 1494 bl·

75 1539 151 1616 er'peb
174 1547 242 1598 erut
259 1535 389 1612 uerbum,
414 1543 445 1597 et
463 1537 577 1598 uerbum
599 1547 665 1598 erut
682 1539 760 1618 opud
779 1539 871 1598 dnm.

162 1741 257 1825 Atqui
280 1740 420 1821 verbum,
451 1742 548 1826 inquit
563 1742 722 1806 circulator
744 1741 818 1821 iste,
852 1739 1025 1826 aprineipio
1044 1739 1181 1804 extitisse
1199 1740 1241 1802 do·
1266 1739 1379 1810 Gale·

76 1854 159 1922 teor3
196 1843 285 1906 titium
309 1843 354 1908 dei
372 1844 502 1929 genitum
529 1846 640 1923 inisse,
671 1845 699 1909 id
722 1865 796 1908 vero
821 1865 879 1908 nuo
902 1847 1007 1910 tateor.
1054 1840 1166 1906 Verum
1186 1841 1242 1906 nisi

76 1945 122 2009 dei
138 1946 182 2010 sit
197 1945 286 2025 dilium,
310 1948 406 2010 inanis
422 1958 469 2010 est
485 1946 563 2011 nitius
581 1947 677 2027 dabor,
700 1946 787 2010 inane
805 1946 934 2012 etaoimi
952 1947 1145 2033 propositum,
1167 1965 1242 2009 vano

76 2047 205 2133 denique
236 2069 304 2133 spes
331 2048 426 2114 omnis
453 2059 484 2114 et
507 2051 661 2138 cogitatio.
722 2047 805 2113 Nibid
830 2048 908 2113 enim
939 2049 1062 2134 amptius
1091 2049 1242 2113 exceden-

77 2151 196 2236 tiusqne
221 2151 258 2214 de
277 2146 399 2214 Christo
419 2152 572 2234 prodtetur
592 2175 677 2238 quam
695 2149 796 2217 iudaei
812 2151 885 2238 ipsi,
910 2151 958 2236 qui
973 2153 1098 2215 eundem
1115 2150 1243 2236 abnega-

75 2264 156 2318 runt.
205 2250 302 2318 Porro
327 2275 384 2318 non
411 2255 621 2341 scriptumest
646 2255 676 2320 iu
693 2255 866 2340 evangetio:
895 2257 929 2316 In
942 2258 1085 2336 pm'rrrr'pr‘o
1101 2266 1243 2317 erotocr·

78 2358 161 2432 bum,
197 2369 228 2419 et
243 2357 357 2419 uerbum
372 2369 437 2419 erut
453 2362 483 2420 dn
499 2363 568 2433 deo,
599 2359 669 2436 sed,
702 2360 821 2420 Verbum
845 2370 909 2420 erot
925 2361 1003 2439 opud
1018 2360 1116 2432 mum,
1142 2377 1197 2420 nec
1213 2356 1242 2420 iu

78 2461 134 2524 deo
152 2460 277 2523 verbnm
296 2461 382 2524 modo
400 2461 491 2526 tuisse
510 2461 598 2541 dicit,
631 2462 682 2526 sed
697 2466 775 2523 deur
793 2473 857 2523 erut
869 2455 993 2524 verbnm.
1042 2456 1073 2523 Ιιι
1099 2457 1244 2545 ipsoqui·

78 2563 143 2626 dem
162 2561 282 2626 bomine
301 2563 485 2642 sermome,
509 2563 558 2649 qui
576 2574 717 2650 perpetuo
733 2575 782 2628 eut
800 2564 936 2643 interior,
960 2573 1011 2628 eut
1026 2571 1151 2627 caterno
1168 2581 1243 2626 voce

77 2665 293 2750 probatoseet,
325 2663 487 2730 immodici
506 2688 564 2730 non
584 2677 697 2752 potest,
728 2667 780 2732 sed
797 2666 923 2731 bominis
941 2687 1052 2730 sermo.
1099 2661 1185 2748 Quod
1204 2663 1241 2738 oi,

77 2778 108 2831 nt
125 2768 176 2832 itte
191 2778 339 2851 nugator,
371 2769 500 2832 nondum
517 2767 598 2833 redut
615 2770 710 2834 doetus
727 2780 829 2848 erant,
862 2782 912 2834 out
927 2769 973 2833 dei
991 2769 1066 2833 titius
1086 2768 1159 2834 deus
1176 2786 1244 2831 rer·

76 2869 158 2948 bum,
183 2889 238 2956 per
253 2890 407 2954 quemnam
425 2871 522 2936 omnia
541 2872 681 2957 producto
695 2874 783 2936 sunt?
825 2869 1081 2957 Quandoquidem,
1104 2880 1137 2934 ut
1152 2891 1244 2934 evan·

77 2973 187 3057 getium
212 2972 339 3052 asserit,
374 2978 472 3036 Ornm'o
492 2996 548 3056 per
569 2979 658 3056 rprnm
670 2977 757 3059 socru
777 2987 860 3050 runt,
884 2988 914 3038 et
927 2981 989 3038 εἰπε
1005 2979 1066 3056 r’pm
1079 2976 1188 3055 foetum
1200 2985 1245 3036 eet

77 3080 160 3140 mbr'l.
219 3079 340 3143 Atenim
371 3077 629 3163 quemadmodum,
655 3079 775 3163 inquit,
808 3077 895 3142 bomo
924 3099 977 3164 per
1005 3077 1126 3142 verbum
1158 3096 1242 3140 onom

78 3179 217 3265 quidquid
237 3180 353 3245 libuerit
371 3179 475 3258 efficit,
499 3179 585 3243 itaet
603 3190 688 3265 pater
702 3202 755 3267 per
770 3180 890 3245 verbum
911 3202 1012 3259 soum,
1037 3180 1113 3266 qood
1131 3179 1159 3243 in
1177 3181 1242 3264 ipso

78 3294 156 3361 erat,
180 3284 321 3348 universa
338 3282 515 3370 procreavit.
561 3279 719 3366 Quomodo
736 3283 824 3368 igitur
839 3282 895 3346 boo
910 3283 938 3346 in
958 3283 1115 3368 evangetio
1132 3281 1241 3346 domini

78 3383 186 3450 dietum
204 3385 405 3471 accipiendum
424 3397 489 3452 est:
521 3389 607 3448 Poter
621 3407 708 3468 oeque
724 3391 804 3448 modo
820 3397 971 3468 operetur,
1004 3397 1033 3448 et
1048 3407 1102 3467 ego
1117 3389 1241 3467 operor?
1283 3407 1362 3456 tono.

78 3484 164 3570 Quae
178 3488 274 3552 rerba
291 3508 349 3552 troo
365 3489 409 3553 oio
424 3489 612 3573 intelligenda
629 3499 716 3568 sunt,
740 3488 823 3574 quasi
844 3489 873 3552 in
892 3488 937 3552 bie
954 3507 1030 3573 quae
1051 3487 1127 3553 didius
1152 3487 1239 3554 efficit
1289 3461 1311 3518 ⁶'
1326 3461 1358 3508 ¹²·

78 3591 147 3654 ninit
167 3601 255 3678 pater
272 3591 336 3677 ipsc
355 3592 508 3669 moliatur,
541 3602 593 3656 aut
611 3602 715 3656 contra
733 3591 944 3656 abalienandue
964 3591 1004 3655 sit
1020 3591 1114 3673 filine,
1145 3613 1241 3677 neque

78 3713 109 3756 oe
126 3695 223 3780 patris
243 3693 359 3780 opibuio
383 3695 498 3778 agendo
517 3694 622 3780 ediqnid
647 3694 822 3758 immisceat.
868 3691 1020 3779 Siquidem
1037 3715 1127 3781 opera
1142 3695 1239 3760 onrnio

79 3815 95 3858 a
111 3808 195 3880 patre
209 3796 297 3861 sinnut
315 3807 345 3861 et
361 3797 419 3862 bdio
435 3807 465 3862 et
478 3796 582 3883 spiritu
599 3807 702 3862 sancto
719 3799 858 3883 producte
873 3807 953 3861 sunt.
986 3795 1065 3861 Nom
1082 3798 1241 3885 peripsum

80 3899 175 3962 omnia
200 3909 272 3963 sont
293 3921 311 3963 o
334 3911 415 3986 patre
439 3899 595 3986 producto,
629 3898 752 3985 ipseque
773 3901 848 3964 adeo
877 3921 944 3964 com
975 3909 1057 3985 patre
1088 3911 1116 3964 et
1138 3901 1396 3985 spiriturnmmu

80 4014 182 4066 nancto
209 4001 366 4066 fabricarit
388 4002 497 4067 omnia.
544 4003 633 4064 Verbo
657 4008 731 4065 emm
751 4007 860 4065 domr'rn'
878 4005 954 4065 coeli
964 4005 1181 4084 lormntr'mnt,
1213 4018 1243 4068 et

82 4111 182 4184 ψει-ιιι
195 4110 257 4168 nris
273 4111 335 4168 erto
350 4111 439 4168 omnm
457 4110 547 4167 certor
563 4127 669 4166 eornm.
715 4103 866 4189 Quocirca
883 4114 968 4169 caute
983 4105 1053 4169 idud
1069 4109 1241 4192 prudenter-

83 4227 136 4290 que
159 4207 296 4274 dominns
323 4207 353 4271 in
378 4207 650 4292 evangetio-dixit,
675 4229 758 4286 oum,
783 4216 883 4292 utpote
904 4207 977 4271 deus
1003 4208 1099 4272 omnia
1125 4211 1242 4295 praevi·

114 4341 191 4397 bunt
204 4339 301 4412 peruia
316 4339 394 4398 edroi
408 4338 577 4412 dometimur<
590 4343 640 4395 rod.
708 4340 731 4392 6.
748 4335 876 4410 ἀλλοτρίου
892 4333 962 4404 ὄντος
977 4345 1109 4396 emendavit
1120 4347 1239 4400 Prtoutuc

82 4410 176 4476 Mo.
674 4405 860 4477 ἀλλοτριοῦιτος
881 4415 952 4476 cotye
974 4417 1039 4462 estet
1058 4415 1083 4463 tn
1104 4416 1179 4464 tttrtr.
1211 4417 1240 4464 Ει

114 4479 170 4534 bet
183 4479 213 4536 δι
226 4475 274 4534 οὔκ
287 4469 319 4549 ηἰι
331 4484 465 4544 mrptcotnr
479 4485 512 4534 ert
521 4483 639 4534 Petuntur.
676 4481 806 4531 comorius
829 4483 879 4531 tom
901 4483 969 4532 oerttt
991 4497 1072 4550 aeque
1092 4481 1161 4550 quod
1176 4479 1240 4534 utic·

114 4548 138 4600 5.
148 4551 192 4602 τοῦ
207 4565 252 4601 σπι
271 4551 324 4604 eod.
338 4551 436 4616 norom
675 4547 769 4600 alicuem
786 4547 828 4601 uit.
