3082 5006
407 307 543 359 raanan
560 307 623 358 ma.
640 308 682 358 ιιι.
700 305 784 360 ron.
798 307 817 356 ι.
834 303 933 356 nsua.
947 303 978 354 n.
1237 289 1273 356 11

106 439 199 512 atque
221 425 382 512 ignominia
405 426 545 504 allectus,
579 447 675 510 aequo
699 425 797 490 aniam
820 423 982 498 tolerabat,
1013 431 1100 505 atque
1123 420 1163 484 ita
1179 421 1229 484 diu
1245 421 1277 484 in

107 531 257 596 ecelesiae
273 529 479 593 consonatione
493 529 632 613 perstitit,
657 529 750 590 dortec
766 523 972 590 vehementius
985 522 1091 588 ull'ensi
1108 522 1223 606 quidam
1238 521 1276 584 olt

106 653 162 698 eas
177 652 300 696 caussas
317 631 463 694 hominem
479 629 653 694 exturbant.
686 627 745 712 Qui
761 627 948 692 nihilominus
965 627 1022 690 ista
1036 625 1199 701 sustinens,
1224 624 1277 686 sed

105 737 143 798 ad
165 733 321 796 veritatem
339 733 543 818 perferendam
560 732 658 796 acrins
676 731 819 806 intentus,
843 729 980 792 studebat
995 727 1111 790 iuterim
1128 727 1164 793 ab
1181 726 1278 790 ecclc·

106 836 174 901 siae
200 834 364 898 catholicae
389 833 597 898 coniunctione
625 855 660 897 ac
681 833 825 897 sotietate
857 831 975 894 minime
1005 829 1113 892 divelli.
1167 825 1278 890 Verum

107 959 177 1000 eum
196 935 259 1021 ipsc
274 957 341 999 cnm
359 936 424 999 snis
441 937 611 1019 vapularet,
645 945 674 998 et
694 935 810 1018 indigua
831 943 999 1018 pateretur,
1033 931 1077 994 lais
1096 929 1179 994 malis
1195 929 1279 1014 inge-

107 1038 262 1116 miscens,
291 1057 333 1101 ex
356 1037 459 1100 harnam
485 1037 679 1100 calamitatum
705 1057 741 1110 ac
759 1034 1002 1100 conatusneliarnm
1022 1032 1162 1096 uiolentia
1181 1031 1278 1095 coassi-

106 1140 182 1204 lium
201 1142 292 1224 cepit.
338 1136 441 1222 Quaere
459 1137 588 1223 seipsum
604 1137 641 1201 ab
660 1137 787 1202 ecclesia
806 1137 995 1220 segregavit,
1025 1146 1114 1218 atque
1132 1133 1172 1198 ita
1190 1133 1279 1218 plori-

106 1242 165 1306 ltus
181 1262 248 1304 cum
264 1241 314 1304 illo
332 1241 566 1304 desciscentibus
589 1260 697 1302 novum
715 1239 752 1302 at
769 1259 806 1302 eo
823 1238 979 1302 divortium
996 1237 1169 1304 conflatum.
1214 1233 1279 1300 Nc·

107 1364 166 1428 que
186 1363 260 1405 vero
278 1343 334 1405 olla
357 1342 386 1404 in
410 1363 441 1404 re
458 1342 496 1405 ab
515 1351 595 1405 recta
613 1341 668 1404 lide
691 1339 830 1419 discedit,
862 1341 913 1403 scd
934 1341 996 1424 ipse
1013 1361 1078 1402 com
1100 1339 1162 1401 suis
1181 1336 1278 1402 since·

106 1466 173 1509 ram
194 1445 226 1508 iu
243 1443 379 1507 omnibns
402 1441 573 1526 religionem
592 1440 696 1506 tenuit.
742 1441 926 1526 Quamquam
944 1453 990 1506 est
1007 1441 1140 1527 quiddam
1160 1440 1279 1526 perexi-

104 1567 215 1632 guum,
239 1546 269 1608 io
292 1567 351 1630 quo
372 1545 458 1630 paulo
481 1544 665 1630 pervicacius
686 1543 902 1609 conflictantur.

195 1645 281 1730 Ergo
303 1659 333 1712 et
349 1649 386 1712 de
402 1658 503 1732 patre,
535 1646 594 1710 utto
610 1667 643 1709 ac
660 1646 765 1732 spirita
785 1657 890 1710 soracte
912 1645 1065 1732 praeclare
1081 1658 1111 1710 et
1128 1665 1167 1709 ex
1184 1643 1279 1708 eccle·
1305 1653 1367 1722 cnp.
1384 1653 1415 1704 tt.

106 1753 172 1817 siae
189 1749 355 1813 catholicae
369 1749 552 1835 praescripto
569 1749 719 1826 sentiunt,
746 1769 801 1812 nec
820 1759 1021 1814 transversum
1040 1749 1077 1812 ab
1096 1769 1133 1812 en
1151 1767 1280 1830 unguem

106 1854 290 1928 deflectunt,
313 1862 344 1915 et
359 1862 406 1914 est
423 1852 567 1934 reliquum
584 1849 664 1914 vitae
679 1850 738 1916 illis
754 1850 918 1914 institutum
935 1871 1007 1913 sane
1024 1871 1108 1932 qnam
1126 1850 1280 1932 egregium

108 1967 138 2020 et
161 1954 387 2032 admirandum,
422 1955 496 2016 adeo
524 1963 556 2016 ut
572 1973 630 2016 non
650 1953 713 2036 ipse
737 1951 824 2016 modo
842 1953 894 2015 sed
911 1963 941 2016 et
958 1953 1006 2036 qui
1023 1952 1064 2016 illi
1081 1951 1281 2020 adhaeserunt

107 2056 262 2143 episcopi,
293 2055 476 2140 presbyteri,
508 2075 544 2118 ac
562 2053 667 2137 reliqui
693 2075 797 2118 omnes
815 2057 851 2116 dc
873 2075 1010 2118 mansuum
1035 2075 1154 2118 suarum
1179 2053 1281 2118 labore

106 2160 260 2224 victitent.
307 2151 504 2240 Posteaquam
518 2176 590 2220 vero
606 2157 642 2220 alt
657 2157 783 2220 ecclesia
798 2157 899 2241 pulsns
916 2167 975 2235 est,
999 2156 1036 2219 ab
1052 2156 1191 2240 episcopo
1207 2175 1280 2238 quo·

107 2263 194 2339 dam,
228 2259 279 2343 qui
294 2259 331 2322 ob
347 2259 465 2322 easdem
481 2258 691 2322 contentiones
707 2257 743 2320 ab
760 2259 886 2321 ecclesia
904 2267 1089 2335 recesserat,
1122 2257 1280 2342 episcopus

109 2364 266 2426 ordinatus
282 2370 340 2424 est.
387 2357 499 2424 Verum
519 2371 549 2424 ut
566 2359 602 2423 ab
619 2360 674 2424 hoc
691 2361 866 2424 diverticulo
892 2361 926 2424 ad
946 2360 1014 2424 illud
1032 2361 1216 2424 tractandum
1234 2379 1281 2424 me

108 2467 241 2528 referam
260 2463 336 2547 quod
352 2483 434 2526 eram
448 2482 621 2546 aggressus,
641 2463 792 2526 sciendum
812 2473 858 2526 est
873 2463 1016 2548 quandam
1033 2462 1100 2526 illos
1115 2463 1281 2547 scripturae

108 2588 216 2632 vocem
237 2565 357 2628 duriore
386 2567 511 2649 qondam
537 2573 565 2626 et
583 2563 765 2649 imperitiore
786 2565 873 2630 modo
896 2575 1016 2628 atvero
1038 2563 1219 2650 pertinacius
1235 2566 1280 2628 in·

108 2667 283 2753 terpretam'.
314 2663 393 2730 Nam
408 2667 484 2750 quod
501 2670 540 2728 nd
552 2671 701 2747 sermnem
715 2670 759 2729 des
774 2678 889 2730 creatas
903 2667 1037 2730 Adamas
1052 2666 1170 2748 dicitur,
1195 2686 1281 2751 prae·

108 2771 206 2834 fracte
230 2768 271 2831 illi
295 2769 483 2832 relerendum
510 2769 546 2832 ad
569 2789 676 2853 corpus
701 2768 886 2836 existimant.
933 2763 1007 2834 Cum
1034 2768 1114 2832 enim
1139 2769 1280 2854 scriptum

108 2872 164 2951 sit,
189 2875 345 2934 Feruens
361 2874 498 2934 dominam
516 2874 555 2932 od
570 2876 720 2950 amngaiaem
737 2883 863 2934 nostrone
882 2883 911 2933 et
927 2873 1154 2945 umalaludaaem,
1179 2870 1278 2935 statiua
1292 2884 1351 2929 om.
1367 2884 1387 2939 ι,
1399 2883 1433 2930 tt.

107 2975 178 3038 illud
195 2972 371 3050 stabiicitnr,
404 2973 489 3036 denum
512 2984 628 3057 suntpto
645 2974 680 3036 de
698 2982 776 3036 terra
794 2974 917 3058 pulvere
938 2973 1085 3036 hominem
1105 2972 1278 3040 fabricasse.
1293 2987 1354 3032 om.
1366 2987 1388 3044 t,
1400 2985 1421 3031 t.

109 3073 187 3142 Com
207 3075 298 3158 igitur
319 3073 465 3138 hominem
486 3076 522 3139 de
541 3086 620 3138 terra
646 3076 799 3138 tornatum
825 3085 960 3153 asserat,
992 3074 1075 3138 vides
1099 3085 1190 3138 totum
1212 3075 1280 3138 illud

109 3189 233 3242 eterra
259 3177 417 3240 conflatum
440 3177 595 3242 verissime
619 3177 765 3240 hominem
789 3178 903 3242 vocari.
949 3173 998 3250 Ex
1020 3197 1078 3260 qno
1093 3175 1227 3261 sequitur
1244 3176 1281 3240 dc

110 3291 235 3344 terreno
259 3276 311 3342 illo
336 3278 519 3362 praedictum
542 3280 606 3346 iore
630 3288 661 3341 ot
681 3280 717 3342 nd
738 3279 895 3362 imaginem
918 3279 963 3342 dei
982 3280 1172 3344 conderetur.
1218 3275 1282 3341 Ve-

110 3403 173 3446 rum
193 3379 346 3458 estillod,
378 3380 419 3442 uti
443 3379 523 3460 dixi,
557 3380 644 3465 panlo
660 3381 763 3444 durius
780 3403 815 3444 ac
833 3381 1011 3465 simplicius,
1046 3380 1169 3446 deinire
1189 3380 1281 3446 homi-

109 3504 176 3546 nem
197 3481 311 3546 audere
334 3501 457 3565 quanam
475 3483 507 3546 in
523 3482 649 3546 hominis
672 3494 754 3568 parte
778 3483 818 3547 sit
833 3482 973 3567 imaginis
989 3483 1038 3548 illa
1057 3484 1216 3548 constituta
1234 3505 1282 3548 ra·

111 3585 169 3664 tio,
206 3583 233 3648 si
263 3593 360 3646 tamen
383 3585 581 3670 appellatione
605 3586 698 3671 partis
722 3585 862 3650 utendum
880 3596 942 3664 est,
974 3607 1011 3650 eo
1035 3586 1111 3670 quod
1136 3586 1282 3671 plerique,

110 3686 187 3771 qood
204 3685 242 3748 ad
260 3685 334 3748 ltaoc
349 3705 452 3750 vocem
471 3688 593 3764 attinet,
625 3688 774 3752 hominum
791 3687 1002 3773 intelligentiae
1018 3687 1165 3772 refragari
1179 3687 1281 3750 video·

110 3799 174 3864 tur,
199 3807 237 3851 ac
254 3785 345 3850 variis
362 3788 585 3872 quaestionibus
604 3788 758 3875 implicari.
803 3788 884 3855 Nam
901 3801 951 3854 aot
968 3789 1177 3876 aspectabilem
1194 3789 1281 3854 deum

111 3890 255 3954 iaciemus
279 3909 314 3952 sc
333 3910 528 3974 corporeum,
560 3890 586 3956 si
602 3891 631 3954 in
651 3911 775 3976 corpore
798 3903 901 3956 nostru
921 3913 1063 3977 corporea
1089 3892 1210 3978 perinde
1232 3913 1282 3956 ra-

113 3993 192 4056 tione
209 4013 246 4054 ac
265 3991 355 4074 ligura
378 3992 544 4056 istiusmodi
570 3993 726 4078 imaginem
746 3995 944 4058 collocandam
964 4004 1115 4077 putemus,
1149 4005 1201 4058 act
1215 4015 1280 4060 cum

113 4095 167 4159 deo
184 4093 335 4156 hominem
350 4093 595 4178 adaequabimos,
628 4096 654 4158 si
672 4096 745 4159 haee
760 4117 898 4162 asserere
915 4094 1053 4160 velimus.
1099 4092 1200 4178 Quare
1221 4119 1280 4163 auu

114 4207 158 4260 est
182 4195 244 4261 ullo
268 4193 355 4257 modo
378 4196 573 4262 deliniendum
598 4207 648 4262 aut
671 4199 871 4262 affirmandum
895 4218 1019 4282 quanam
1035 4195 1065 4259 io
1085 4210 1167 4283 parte
1182 4198 1279 4286 imago

142 4388 684 4464 anmatslnsncnmeennm.
752 4399 1279 4471 &remanserancotncnpstm

113 4471 243 4520 murtam
264 4473 332 4520 uertit
350 4468 466 4518 Ceterum
489 4467 521 4518 de
534 4487 584 4538 quc
600 4468 685 4522 dicere
752 4467 777 4524 i.
794 4485 823 4522 τι
840 4465 885 4522 aul
898 4470 948 4520 cod
967 4471 1064 4534 llltsdip.

112 4535 214 4603 incepi,
232 4535 435 4605 qnandoquidem
452 4541 502 4588 cett.
