3066 5016
197 277 475 332 castanetum.
499 275 581 328 τοι.
594 277 626 326 ιι.
650 275 768 326 exros.
785 273 850 324 ιιι.
870 272 1022 332 αιτιοι,
1123 257 1186 326 485

27 419 99 462 nus.
148 395 234 481 Quod
260 397 375 482 quidem
394 396 561 459 iamdudum
578 396 607 457 in
631 394 707 457 votis
726 393 894 468 habuimus,
929 413 994 456 cum
1010 393 1039 455 in
1058 391 1185 476 qauolibet

27 512 170 565 sectarum
189 498 353 564 istiusmodi
371 500 455 577 loco,
479 498 522 560 sic
540 509 674 580 tanquam
694 497 722 559 in
739 495 879 575 Marrba,
904 507 934 560 et
949 494 979 558 iu
997 495 1186 560 formidolosa
1202 505 1314 555 Ειιιιι

27 625 53 666 ιι
70 604 214 688 squallida
234 613 265 665 et
279 603 431 665 inaccessa
448 599 624 679 solitudine,
647 600 676 663 ιιι
696 599 830 682 obliquos
848 621 882 662 ac
901 610 1051 661 tortuosos
1069 598 1185 662 illorum

27 727 176 770 terniones
205 705 436 768 incurreremus.
497 701 586 765 Nune
616 702 685 765 illud
717 701 782 764 iure
814 712 916 764 nostro
949 701 1183 786 pronuntiemus,

27 813 254 887 Puemodmodurn
270 812 412 869 desiderat
425 827 525 867 ιιιιιιι
538 807 683 888 adfantes
697 825 853 886 opacarum,
881 808 921 865 ita
934 807 1076 865 desiderat
1088 807 1183 866 anana
1196 809 1339 865 rantum.

27 935 80 973 neu
95 916 136 974 ad
154 923 192 986 ιι,
216 915 303 986 deta,-
329 910 410 986 item,
436 912 552 988 Quando
568 912 687 982 ventam,
710 919 741 968 et
755 908 896 987 apparebo
914 917 981 968 unte
997 909 1100 990 sacrem
1118 911 1186 968 dei?

27 1013 99 1096 Quin
115 1024 146 1076 et
161 1035 216 1076 nos
232 1013 364 1075 eiusdem
381 1011 544 1095 scripturae
561 1010 660 1072 verbis
676 1031 816 1094 sponsam
833 1030 984 1087 nocemus,
1010 1031 1067 1072 aron
1087 1009 1184 1072 atille

27 1119 111 1202 ipsias
136 1137 316 1200 sponsuson
340 1114 493 1190 dominus,
526 1132 598 1189 rex,
631 1113 721 1190 deus,
752 1122 781 1174 et
804 1121 971 1195 protector,
996 1113 1047 1174 sed
1071 1122 1102 1174 ut
1121 1111 1184 1174 eius

27 1221 97 1282 servi
126 1219 229 1281 iisdem
253 1216 357 1300 quibus
381 1216 443 1300 ipse
468 1214 567 1278 verbis
594 1214 670 1277 illam
693 1215 891 1299 appellemus,
926 1217 998 1274 Veni
1018 1217 1054 1274 de
1075 1215 1184 1276 libano
1198 1223 1325 1279 cantas

27 1343 137 1402 ponsa,
162 1324 291 1402 quantam
312 1331 370 1380 tcta
381 1321 506 1400 pulchra
522 1339 568 1390 es,
594 1329 623 1379 et
636 1321 747 1378 rnaertlu
771 1339 827 1378 non
852 1329 895 1378 est
916 1321 946 1378 in
964 1328 1007 1378 te.-
1040 1312 1184 1378 Paradise

27 1423 121 1486 summi
142 1422 280 1499 artificis,
306 1422 400 1484 sancti
421 1419 501 1501 regis
517 1418 640 1492 civitas,
665 1419 729 1504 puri
746 1418 906 1502 illibatiqae
926 1415 1039 1482 Christi
1061 1439 1181 1502 sponsa,

27 1525 183 1604 castissima
203 1524 306 1608 uirgo,
338 1523 388 1586 uni
406 1543 441 1584 ac
460 1522 601 1604 singulari
622 1523 687 1584 viro
706 1523 852 1606 desponsa
876 1543 928 1602 per
949 1523 1053 1600 lidern,
1085 1523 1183 1606 splen·

27 1629 84 1692 dida
101 1639 132 1692 et
150 1631 272 1690 diluculi
285 1631 377 1689 ιἰιιιιιι·
393 1647 550 1706 emergens,
572 1629 695 1706 palcllra
709 1637 741 1686 ut
760 1628 839 1698 luna,
864 1628 953 1686 electa
969 1637 1001 1685 ut
1015 1629 1070 1698 sol,
1097 1629 1323 1694 territantes

27 1733 83 1792 bilis
97 1743 130 1792 ut
145 1743 304 1792 castrorum
320 1734 396 1791 acr'es
410 1732 558 1802 ordinata,
583 1749 668 1810 quam
686 1733 804 1807 reginae
819 1729 926 1789 beatam
940 1732 1126 1809 praedicant,
1153 1738 1184 1791 et

27 1833 136 1916 pellices
161 1832 329 1910 salebram,
361 1842 392 1894 et
417 1831 530 1914 puellae
556 1830 740 1906 collaudant,
773 1852 845 1912 quae
867 1835 997 1892 ascendas
1019 1854 1034 1892 ι
1055 1835 1325 1906 decertantibus.

27 1935 253 2019 splendidissimo
273 1935 402 1998 candore
421 1933 583 2010 collucens,
608 1943 637 1994 et
652 1937 752 1994 innoba
767 1937 916 2015 patrueli,
938 1955 1009 2015 puae
1023 1947 1182 2014 ungraentc·

27 2059 79 2099 ram
86 2041 286 2120 fragrantiam
297 2040 417 2110 redoles,
435 2057 507 2117 quae
519 2039 648 2096 ascendis
661 2057 678 2095 e
692 2039 813 2110 deserto,
833 2047 965 2117 tanquam
983 2039 1097 2116 cargrala
1108 2037 1186 2117 sirmi

27 2163 56 2200 aa
69 2144 202 2220 myrrhae
219 2145 345 2222 tun'sque
363 2141 476 2220 suffitu,
498 2150 583 2220 atquc
595 2161 633 2199 ear
649 2143 819 2200 aromatarri'
827 2141 997 2220 puluisculo,
1014 2144 1183 2221 quz'suavis-

27 2247 114 2304 n'nurn
131 2247 244 2304 odorem
264 2245 419 2304 enlnlauit.
468 2237 564 2322 Quem
579 2241 626 2302 illa
642 2241 815 2324 praevidens
832 2240 964 2320 dicebat,
1002 2245 1179 2323 Unguentum
1193 2272 1288 2330 emat,
1301 2275 1323 2318 ι,

27 2347 137 2428 effusum
150 2367 248 2407 nornen
262 2357 355 2406 ιιιιιιιι.Ι
372 2356 523 2425 propterea
537 2355 567 2403 et
578 2345 802 2405 adolescentulae
819 2347 983 2406 dilexerunt
996 2357 1040 2406 te.-
1058 2367 1131 2427 quae
1144 2351 1184 2408 ad
1211 2375 1296 2422 rnatu.

27 2451 162 2510 deuterum
176 2453 255 2528 regis
268 2452 392 2520 assistis,
407 2448 567 2527 fimbriatis
585 2449 684 2507 induta
699 2448 822 2508 cestibus
835 2456 864 2508 et
880 2447 1001 2509 intextis
1019 2468 1104 2526 atrro,
1129 2470 1181 2511 va·
1212 2429 1246 2486 ⁴⁸’
1261 2430 1293 2472 ¹⁴'

27 2550 126 2634 riisque
145 2549 301 2636 perpolita,
326 2569 402 2633 quae
417 2548 634 2612 tenebricosum
651 2547 721 2610 nibil
738 2548 839 2626 babes,
860 2560 908 2612 aut
925 2550 1093 2629 obscurum,
1109 2573 1181 2634 puae
1194 2566 1259 2612 cua
1268 2568 1288 2623 1,
1301 2567 1321 2614 a.

27 2657 133 2732 nigrore
148 2658 286 2734 quondam
303 2655 425 2734 absecta,
447 2654 571 2733 pulchra
586 2673 661 2713 nune
678 2674 724 2726 ιι,
748 2664 778 2712 ιι
793 2656 930 2714 candn'du:
966 2664 997 2716 ut
1017 2674 1082 2716 cum
1098 2654 1133 2717 ad
1152 2664 1181 2718 le

27 2755 238 2836 pervenerimus
256 2777 272 2817 a
293 2753 469 2818 tristissimis
488 2754 545 2818 illis
565 2751 729 2816 haereseon
750 2755 910 2833 molestiis,
944 2777 1016 2839 quas
1039 2755 1181 2820 bactenus

27 2857 180 2936 abivimus,
204 2857 361 2942 aliquando
379 2877 548 2934 cessemus,
574 2866 638 2920 eta
658 2866 860 2940 tempestatum
879 2858 1178 2942 decumanorumque,

27 2960 66 3040 ιιι
81 2961 137 3023 illic
152 2973 237 3038 sunt,
262 2961 401 3023 {luctuum
420 2958 578 3021 iactatione
594 2957 838 3042 conquiescentes
856 2961 885 3022 in
903 2971 945 3038 te,
969 2971 1071 3023 sancta
1087 2971 1181 3024 mater

27 3062 159 3142 ecclesia,
192 3073 223 3126 et
247 3062 276 3124 in
294 3073 398 3125 sancta
423 3062 556 3125 doctrina
581 3071 630 3124 tua
653 3081 687 3124 ac
709 3072 811 3125 sancta
830 3063 956 3146 pariter,
987 3063 1108 3146 solaque
1133 3063 1180 3126 dei
1256 3119 1261 3132 ,

28 3161 74 3224 ιιι
91 3177 120 3227 ιι
137 3165 265 3228 ιιιιιιιι
285 3165 475 3249 respiremus.
522 3161 581 3227 Sed
609 3183 684 3246 quae
710 3163 739 3226 in
765 3165 819 3228 bac
843 3165 907 3250 ipsa
925 3165 1111 3228 sanctissima
1132 3165 1179 3229 dei

28 3265 134 3330 ciuitate
160 3267 355 3330 admiratione
380 3267 467 3350 digua
490 3277 559 3328 sunt
585 3286 707 3328 narrare
731 3266 788 3329 iam
813 3266 982 3350 aggrediar.
1038 3265 1178 3332 Gloriosa

29 3367 94 3429 enim
113 3371 147 3432 de
169 3369 217 3431 illa
235 3369 413 3448 dictasunt,
437 3378 469 3431 ut
486 3368 626 3453 propbeta
645 3368 790 3452 loquitur,
824 3373 953 3432 Gloriosa
969 3375 1045 3432 dicta
1062 3375 1332 3454 enumeramus

30 3477 64 3540 ιι,
87 3476 184 3534 cubitus
200 3476 264 3533 deit
308 3468 393 3554 Quae
411 3483 479 3534 sant
496 3471 639 3533 eiusmodi
657 3481 689 3534 ut
704 3493 768 3534 eum
786 3493 873 3535 nemo
890 3493 926 3536 ea
944 3473 1109 3536 mortalium
1128 3495 1179 3558 pe·

30 3569 95 3635 nitus
109 3574 225 3658 assequi
244 3574 354 3658 possit,
387 3583 447 3636 tum
465 3575 501 3635 ab
516 3573 680 3637 infidelibus
696 3575 810 3654 aliena,
842 3574 973 3639 fidelibus
990 3597 1024 3639 ac
1043 3577 1178 3640 veritatis

30 3675 153 3740 studiosis
171 3697 211 3740 ex
230 3687 311 3762 parte
329 3676 415 3739 liceat
433 3677 598 3760 attingere,
624 3688 743 3740 ostensa
760 3676 863 3740 iisdem
882 3677 998 3740 interint
1019 3679 1177 3762 promissa·

31 3793 77 3854 que
98 3778 212 3842 illorum
235 3781 365 3863 perlecta
384 3779 592 3863 possessione,
624 3799 709 3864 quam
735 3779 764 3842 in
788 3779 909 3843 coelesti
934 3801 1027 3864 regno
1047 3782 1177 3866 ipsorum

31 3875 148 3944 dominus
173 3880 341 3960 exhibebit,
375 3880 422 3944 ubi
450 3893 552 3944 sancta
575 3881 623 3944 illa
643 3883 728 3966 virgo
746 3895 775 3946 ιι
799 3882 886 3948 heres
903 3905 968 3946 cum
987 3905 1097 3968 sponso
1122 3904 1177 3948 suo

32 3973 205 4047 hereditatem
229 4005 262 4046 ac
285 3983 490 4069 patrimonium
514 3985 651 4046 obtinuit.

101 4080 248 4170 Principio
273 4087 429 4149 tenendum
448 4086 516 4149 illud
545 4096 607 4163 est,
641 4088 856 4151 moderatorem
883 4087 1013 4150 omniurn
1034 4087 1118 4152 deum
1139 4089 1175 4153 ad
1195 4118 1256 4189 cap.
1269 4121 1312 4172 111.

33 4199 76 4246 aas
104 4189 249 4270 pertinere
281 4189 416 4274 proprie,
454 4190 502 4272 qui
525 4201 543 4251 e
564 4199 667 4254 saneta
696 4189 746 4252 illa
778 4211 879 4255 sumus
910 4189 1037 4254 ecclesia
1069 4190 1173 4275 geniti.

35 4277 101 4362 llaec
119 4301 162 4353 est
177 4292 255 4355 enim
272 4291 400 4354 omnium
418 4291 448 4353 in
464 4292 603 4354 tradenda
628 4293 754 4356 veritate
778 4293 870 4376 primo
890 4293 1121 4374 demonstratio,
1146 4303 1176 4358 et

33 4451 104 4519 lallcr,
125 4466 145 4509 ιι
166 4465 199 4512 lto
222 4467 340 4514 ιιιιιιιιιιι
357 4464 485 4514 Carnarius
508 4467 577 4527 αιιιιι
645 4464 670 4515 2.
688 4459 812 4530 ἅληιιιιις
835 4454 935 4530 (dludi
958 4465 1009 4515 eod.
1026 4465 1083 4534 len.)
1106 4465 1175 4521 codd.

35 4519 135 4578 Ριιιιιιι.
611 4536 657 4584 ιιι
675 4539 696 4584 ιι
710 4535 810 4596 dadin.
837 4528 961 4600 ιῖλήξιιιαι
975 4535 1040 4588 editt.
