3068 5008
485 317 811 370 anaceenaaaeosrs.
1159 297 1221 366 573

54 435 259 521 praedicentia
277 459 343 503 essa
359 461 441 504 more
456 439 545 517 dicta,
571 437 714 522 cumipse
731 437 856 500 nondnra
874 435 1030 514 existeret,
1054 436 1106 498 sed
1123 431 1222 498 ahia-

52 541 123 619 ria‚
160 539 203 603 uti
224 542 369 620 diximus,
403 541 487 606 atah
505 562 542 604 eo
562 540 706 604 duntaxat
724 551 856 623 tempore
880 559 937 622 quo
961 558 1049 601 carne
1073 536 1222 621 praeditus

53 643 185 706 advenit
207 663 276 706 esse
298 646 441 730 coeperit.

145 741 334 826 Manichaei,
359 767 433 831 quos
452 757 482 809 et
500 745 662 810 Acaaanitas
681 755 805 822 uocarat,
830 739 930 806 Manis
948 739 1057 805 Persae
1073 741 1219 825 discipuli,

55 845 213 912 Christum
245 849 344 934 specie
376 860 461 912 tenus
493 849 684 932 profitentur,
722 847 813 909 sotem
844 847 1000 929 lunamque
1029 852 1221 908 venerantur.

53 947 165 1014 Stoidis
182 972 217 1015 ae
235 951 391 1014 virtutihus
408 963 437 1014 et
456 951 647 1014 daemonibus
671 950 845 1034 supplicant.
893 943 959 1010 Dae
981 945 1140 1032 principia,
1171 946 1223 1009 ho·

55 1075 129 1118 nam
158 1073 192 1116 ao
217 1054 341 1132 maium,
376 1053 567 1116 constituant.
623 1049 773 1116 Christum
797 1049 897 1135 specie
923 1060 1009 1112 tenus
1038 1049 1222 1136 apparuisse,

54 1155 220 1241 specieque
238 1169 323 1219 terras
348 1175 414 1219 esse
440 1175 570 1242 passura.
618 1151 711 1218 Vetas
729 1165 953 1230 testamentum,
987 1172 1110 1236 eumque
1127 1151 1175 1236 qai
1193 1151 1224 1216 ia

55 1255 109 1320 idio
142 1258 257 1322 locutus
286 1268 350 1336 est,
384 1256 547 1322 maledictis
573 1267 709 1320 onerant.
762 1253 905 1320 Mundum
930 1275 987 1318 nou
1012 1254 1223 1318 universuma

55 1359 136 1438 deo,
169 1361 221 1424 scd
244 1361 309 1424 eius
331 1371 441 1446 partem
466 1359 636 1423 {abricatam
659 1379 727 1423 essa
749 1369 893 1423 statuuat.

147 1461 318 1526 Hieracitae
334 1463 371 1526 ah
388 1461 515 1528 Hierace
530 1461 691 1547 interprete
708 1482 743 1526 ac
758 1463 878 1526 doctore
894 1461 1017 1544 qaaodam
1032 1457 1221 1545 Leontopodi,
1295 1513 1298 1520 .

56 1565 139 1650 quod
165 1565 295 1651 Aegypti
321 1565 457 1651 oppidum
482 1573 545 1643 est,
579 1563 715 1628 oriundo.
766 1563 825 1648 Qui
851 1563 1100 1628 resurrectionem
1125 1560 1224 1626 caruis

57 1669 186 1752 respuit.
232 1665 364 1732 Utuntur
387 1667 427 1732 ihi
451 1667 546 1730 ueteri
575 1687 609 1729 ac
634 1688 712 1730 noro
734 1677 921 1730 testamento.
967 1663 1088 1750 Nuptiis
1107 1665 1223 1749 penitus

57 1769 253 1833 interdicunt.
298 1766 466 1834 Monachus
484 1779 514 1832 et
531 1770 663 1854 virgines
682 1770 867 1833 coartinentes
883 1789 918 1832 ac
934 1767 1039 1831 viduos
1055 1767 1221 1832 admittant.

58 1868 177 1936 Pueros
193 1884 295 1936 natura
315 1871 442 1936 nondum
460 1881 558 1936 aetate
579 1872 819 1956 regnicoedestis
838 1871 995 1957 participes
1016 1881 1222 1962 cosenagum,

59 1977 139 2060 qaod
163 1975 291 2040 noudum
314 1975 477 2038 certamine
500 1973 643 2059 perfuncti
666 1986 746 2036 saut.

147 2073 301 2142 Meietixni
320 2077 486 2142 schismatis
505 2077 534 2139 in
554 2077 709 2161 Aegypto,
742 2097 800 2139 non
817 2076 950 2140 haeresis
967 2074 1061 2140 Ιοιιιιο
1077 2073 1221 2138 obtinent.

61 2177 121 2262 Qui
140 2201 205 2244 eam
225 2180 281 2243 iilis
299 2199 417 2268 precuan
446 2179 652 2242 communione
671 2179 809 2263 coniungi
834 2179 991 2242 studuerunt
1009 2177 1057 2261 qui
1076 2176 1107 2266 ia
1123 2196 1224 2262 perse·

61 2283 182 2347 catione
205 2281 279 2368 tapsi
301 2292 381 2346 sunt.
427 2278 516 2344 Nunc
538 2301 571 2344 se
594 2282 629 2344 ad
655 2281 785 2346 Arianos
808 2290 1017 2366 aggregarunt.

148 2385 271 2464 Ariani,
303 2385 368 2448 sire
390 2383 611 2461 ariomanitae,
644 2384 691 2447 dei
717 2385 804 2448 titiam
828 2394 993 2448 creaturam
1019 2403 1086 2446 esse
1111 2381 1222 2462 dicant,

61 2485 197 2573 spiritura
223 2508 295 2550 vero
320 2498 453 2550 sanctam
476 2497 631 2550 creaturae
653 2507 721 2551 esse
742 2498 920 2551 creaturam.
968 2482 1152 2550 salvatorem
1170 2504 1225 2547 ao-

62 2601 156 2653 strurn
172 2609 292 2654 caruem
311 2589 457 2654 duntaxat
477 2611 493 2652 a
513 2587 627 2668 Maria,
653 2611 711 2653 ιιοο
727 2591 850 2654 οοὶιοοοι
868 2587 1020 2674 accepisse
1037 2588 1221 2652 confirmant.

63 2689 133 2758 Fuit
156 2691 201 2756 hic
224 2694 316 2756 Arias
340 2693 484 2758 ecciesiae
507 2693 729 2759 Alexandrinae
753 2692 918 2778 presbyter.

151 2895 234 2962 Haec
250 2899 437 2982 autquinque
454 2895 618 2963 haerescon
637 2919 767 2979 sunnia,
791 2917 865 2984 qaae
883 2897 912 2961 iu
930 2898 985 2962 hoc
1003 2893 1043 2960 ΙΙ.
1065 2895 1139 2960 ΙίΙιιο
1156 2895 1221 2962 sire

63 2998 167 3076 ordine
191 2999 230 3064 V.
256 3003 456 3065 contineatur.
1079 2997 1082 3004 ’

146 3102 189 3166 At
204 3101 232 3166 in
249 3103 347 3188 priore
367 3115 446 3167 tomo
460 3103 525 3168 dihri
546 3105 644 3182 tertii,
675 3103 740 3168 sive
767 3103 871 3166 ordine
891 3099 967 3180 Vh,
1000 3103 1159 3166 secandam
1177 3103 1222 3167 ia·

63 3205 194 3270 stitutum
210 3227 226 3270 a
243 3206 327 3270 nohis
344 3207 476 3270 ordinem
493 3217 605 3293 septem
624 3207 763 3270 haereses
780 3205 981 3284 contincatur,
1001 3225 1065 3270 cam
1078 3207 1222 3271 schisma·

62 3306 153 3372 tibus.

146 3409 348 3474 Audianorura
375 3410 491 3496 proprio
510 3411 637 3475 schisma
659 3431 694 3474 ac
710 3410 855 3490 deiectio,
888 3431 946 3474 noa
967 3411 1111 3477 haeresis.
1158 3409 1221 3477 Ho-

62 3534 127 3578 ram
144 3513 218 3576 heae
237 3513 369 3578 instituta
384 3514 502 3581 vivendi
518 3514 592 3576 ratio
611 3525 666 3576 est.
714 3509 774 3578 Sed
792 3534 905 3599 neque,
930 3515 1006 3599 qood
1023 3516 1058 3579 ad
1076 3515 1160 3580 fldem
1177 3525 1222 3580 at-

64 3615 153 3693 tinet,
187 3617 222 3680 ah
247 3616 373 3681 ecclesia
395 3615 537 3682 catholica
563 3615 750 3681 dissentiunt.
797 3615 937 3681 Habitant
956 3617 1059 3682 maiori
1081 3639 1121 3682 ex
1138 3629 1220 3704 parto

62 3717 92 3781 in
111 3719 306 3783 monasteriis.
351 3717 461 3804 Magoa
476 3731 523 3782 est
539 3719 612 3803 apud
629 3719 695 3783 idos
712 3718 945 3806 apocrypharum
964 3719 1104 3784 iihrorum
1120 3719 1216 3806 copia.

65 3817 243 3886 Communes
272 3819 422 3884 uobiscum
449 3823 600 3886 orationes
627 3843 685 3886 non
711 3821 829 3886 hahent.
882 3820 960 3886 Nam
988 3823 1143 3909 episcopos
1167 3843 1220 3888 uo-

62 3935 158 4002 atrcs‚
183 3944 297 3988 necnon
318 3933 347 3988 et
365 3923 489 4004 divitas,
516 3923 649 4010 aliosque
664 3925 871 3990 condemnant.
917 3921 1088 4010 Quinetiam
1104 3924 1220 3991 Pascha
1241 3909 1246 3920 ⁸

95 4125 137 4180 65.
155 4127 289 4194 μιλιτιαιοὶ
304 4093 372 4181 codd.
390 4145 446 4183 nasa.
654 4131 755 4182 Pacarii
769 4134 906 4182 mamardo.

95 4193 136 4246 67.
161 4195 377 4266 διαβεβαιούμενοι
397 4196 447 4253 ἀπὸ
465 4197 567 4264 Μαρίας
590 4197 624 4252 sd·
690 4197 731 4250 69.
748 4201 785 4250 tta
799 4201 867 4250 codd.
880 4211 936 4250 anas.
974 4199 1038 4250 adad
1049 4201 1161 4262 marat
1174 4217 1220 4254 ιιιι-

62 4261 167 4340 neptae
183 4267 234 4316 cod.
252 4267 352 4330 flhedtp.
657 4263 763 4326 λιῦιτις.

95 4331 139 4384 hh.
155 4329 180 4386 da
205 4333 381 4400 μοιιιστηριοις
404 4337 460 4386 deda·
485 4350 515 4386 ιι
537 4337 623 4388 iconam
690 4331 731 4386 70.
749 4337 798 4386 Hac
814 4337 913 4386 attermn
934 4328 1025 4396 ἄλλους
1042 4351 1089 4389 οοο
1103 4343 1221 4402 ιοοψωιι

61 4405 170 4454 Danaae.
212 4405 285 4466 Vatpo
311 4407 372 4454 anim
393 4407 457 4454 adm
481 4407 623 4470 praepositio
656 4405 681 4454 dn
697 4403 751 4454 edit.
770 4405 852 4456 Putea.

63 4467 96 4524 ds.
140 4471 253 4523 Petuviar
275 4473 366 4524 coeam
391 4467 564 4540 μοιασιιὶρια,
593 4487 623 4524 ra
