3068 5008
554 271 665 326 tubex
683 271 811 324 annunt.

138 387 264 458 principes
288 391 434 458 prodierunt
461 397 483 441 6.
504 421 534 432 ·-
579 395 685 477 poete-l

136 492 221 526 rorum
239 477 328 527 Noemi
349 477 375 527 in
400 477 479 528 varius
497 477 564 529 orbis
580 478 664 546 regio·
682 480 684 539 l
965 460 994 508 ⁰·

138 579 181 611 nes
200 561 321 628 digressio
342 567 363 610 7.
460 605 468 616 .
682 558 812 647 lodi-your
830 559 1014 628 antiquissimus
1038 577 1079 608 res
1096 559 1220 611 Threcum
1237 563 1259 608 8,

101 645 215 698 Noemus
241 645 300 714 quid
323 647 446 716 significet
464 652 522 698 162.
539 675 572 690 -
606 647 848 775 itempOplritarum
881 645 992 696 haeresis
1024 643 1122 696 decima
1157 643 1263 712 septim!

137 742 163 780 et
178 731 271 781 Sebcth
289 731 323 782 ib.
341 761 373 770 --
409 733 536 801 utriusque
555 733 666 784 Christus
733 742 791 800 post
807 741 921 782 exortum
935 728 1148 780 Christianismum
1160 733 1218 780 287.
1229 759 1259 768 -

138 813 263 884 exemplar
280 816 341 868 ibid.
681 801 684 895 l
735 816 800 866 unde
813 817 861 866 orti
880 820 938 868 268.
950 845 974 853 --
1000 814 1067 866 unde
1081 813 1142 866 dicti
1157 813 1218 866 ibid.
1230 843 1261 852 -

100 901 211 952 Noemua
229 913 359 952 excusatur
377 903 444 970 quod
462 904 538 954 faerit
554 898 684 991 inebria-i
734 919 819 952 eorum
835 900 1028 952 abominandum
1041 899 1182 950 institutum
1200 897 1263 950 ibid.

137 997 177 1036 tus
195 991 253 1037 623.
681 997 683 1030 t
733 1015 767 1026 -
785 999 927 1054 serpentem
944 986 1030 1038 colunt
1044 989 1102 1037 270.
1123 1013 1152 1022 -
1178 983 1262 1036 fabula

97 1071 284 1122 Nostianornm
312 1073 420 1124 haeresis
442 1079 484 1124 27.
507 1085 566 1140 post
594 1073 683 1123 Chri-1
734 1089 819 1122 eorum
835 1071 867 1122 de
877 1071 982 1122 hominis
1000 1071 1127 1122 creatione
1139 1080 1166 1120 et
1177 1067 1261 1120 lulda-

135 1156 304 1220 aduniamur,
331 1157 384 1208 sive
404 1158 606 1227 quinquagesima
621 1173 684 1234 ste-p
733 1157 811 1207 baotlt
828 1161 885 1208 271.
902 1187 933 1198 -
969 1173 1000 1206 ex
1015 1154 1139 1206 intestinis
1155 1153 1262 1206 hominis

136 1241 214 1308 ptime
228 1247 287 1292 478.
302 1273 332 1282 -·
359 1244 468 1311 quando,
487 1243 569 1294 abiet
584 1261 597 1294 a
615 1261 664 1310 quo
680 1239 683 1335 l
732 1243 856 1308 serpentis
867 1241 1056 1294 similitudinem
1070 1239 1191 1305 colligunt
1200 1237 1260 1288 ibid.

136 1326 185 1375 orti
199 1327 258 1378 ibid.
735 1357 764 1368 -
784 1339 924 1395 serpentem
942 1345 1006 1395 pane
1022 1326 1106 1392 alunt,
1134 1335 1160 1375 et
1177 1324 1203 1376 in
1223 1322 1260 1373 ci-

99 1412 179 1462 Noeti
195 1411 298 1463 historia
316 1415 373 1462 480.
389 1441 417 1450 -
441 1413 472 1464 ab
488 1413 592 1464 ecclesia
610 1413 664 1482 pul·
733 1424 771 1463 sta
792 1413 937 1465 custodiunt
953 1415 1011 1463 272.

134 1498 361 1565 susetsepulturue
375 1496 664 1565 honorepriraturibid.
699 1497 846 1564 Ophitarum
869 1499 991 1551 refutatio
1012 1502 1060 1550 272
1088 1523 1121 1536 ·-
1155 1513 1202 1548 aec
1218 1511 1262 1547 eos

97 1583 221 1633 Noetiani
240 1583 327 1651 quibus
351 1583 541 1636 auctoritatibus
563 1595 665 1635 utuntur
733 1601 836 1651 serpens
859 1585 954 1652 Moysis
972 1595 1073 1636 excusat
1091 1587 1148 1636 278,
1166 1611 1196 1622 -
1234 1595 1258 1632 et

133 1667 195 1717 ibid.
737 1686 780 1720 cur
797 1671 915 1737 eldoyse
931 1681 1028 1720 erectas
1046 1669 1106 1720 ibid.

97 1752 209 1802 Noctius
219 1752 302 1820 potius
311 1753 432 1804 dicendus
443 1761 553 1806 Auo'e'tm
562 1759 620 1806 tet.
631 1786 661 1794 —
699 1756 786 1804 Oratio
798 1754 981 1806 haereticorum
996 1753 1089 1806 blanda
1097 1765 1124 1806 et
1136 1755 1194 1806 fuco
1205 1771 1259 1806 mu-

134 1837 187 1888 eius
204 1837 325 1889 refutatio
343 1842 402 1889 482.
732 1839 802 1890 liebri
819 1840 961 1900 simillima,
980 1839 1012 1890 ab
1027 1857 1106 1908 eaque
1124 1838 1260 1890 caveudtun

95 1922 177 1973 Nomi
190 1923 337 1990 Aegyptiaci
351 1924 409 1991 quid
425 1925 475 1976 sint
489 1926 555 1992 apud
569 1927 663 1990 isaiam,
732 1928 789 1974 664.

133 2019 161 2057 et
176 2008 238 2058 alios
257 2013 288 2057 68
698 2009 811 2076 origenis
825 2008 935 2060 haeresis
955 2026 1052 2061 veneno
1069 2009 1170 2061 rubetae
1187 2025 1258 2062 com-

96 2094 208 2144 Nomiaa
228 2111 274 2162 per
294 2095 458 2162 antiphrasius
475 2095 559 2146 multis
579 2097 659 2164 impo·
732 2105 818 2161 paratu
837 2097 895 2145 604.
913 2121 945 2136 ·-·
979 2095 1045 2146 idem
1061 2094 1147 2144 similis
1165 2095 1259 2162 hlyoxo

134 2191 226 2229 uuutor
243 2183 302 2230 486.
732 2179 823 2229 dicitur
837 2179 897 2230 ibid.
913 2209 938 2218 -
958 2180 1076 2248 quamsit
1091 2179 1259 2248 deplorandae

97 2263 210 2314 Nomina
227 2281 291 2332 quae
310 2265 359 2316 deo
378 2265 547 2318 attribuuntur
564 2267 596 2318 ab
613 2269 663 2318 lle·
734 2267 791 2314 607.

132 2349 222 2408 bracis,
241 2361 370 2402 eteorum
389 2351 566 2418 interpretatio
584 2355 640 2403 226.
698 2350 810 2417 Origenia
832 2368 904 2401 error
919 2351 1048 2402 refutatur
1069 2351 1100 2400 ab
1118 2348 1259 2418 Epiphanio

97 2433 195 2484 Fabula
212 2435 305 2488 Noriae
330 2436 461 2488 insidentis
478 2455 551 2488 arcae
571 2437 663 2490 Noomi
731 2439 792 2488 621.
810 2465 839 2476 -
875 2437 907 2488 ab
929 2455 960 2487 eo
976 2451 1020 2486 ser
1040 2435 1117 2488 millia
1140 2436 1259 2488 librorum

135 2522 178 2570 86.
733 2520 873 2589 conscripta
891 2521 951 2572 ibid.
1061 2531 1065 2536 '

95 2605 179 2655 Noria
204 2606 291 2656 coniux
311 2607 420 2668 Noemi,
448 2608 513 2659 unde
536 2609 604 2659 dicta
620 2626 662 2658 se·
698 2606 816 2673 Origenes
832 2617 917 2657 censat
932 2619 1042 2659 creatura
1058 2607 1136 2659 lilium
1149 2611 1209 2658 621.
1225 2635 1257 2646 -

132 2690 241 2740 cundum
262 2692 409 2751 Gnosticos,
435 2702 461 2742 et
476 2710 507 2743 an
526 2693 613 2744 eedem
630 2694 662 2744 sit
731 2689 834 2759 γενητόν
850 2702 876 2742 et
884 2689 1001 2760 γεννητόν
1010 2691 1145 2744 mainsidit
1156 2697 1214 2744 607.
1228 2721 1257 2732 -

129 2775 227 2842 Pyrrha
246 2781 286 2826 82.
730 2779 761 2826 de
779 2777 960 2828 resurrectione
981 2789 1136 2830 mortuorum
1154 2778 1257 2840 incerta,

93 2860 193 2910 Novati
212 2863 254 2927 qui
271 2873 360 2914 auctor
375 2863 538 2914 catharorum
555 2865 603 2914 fuit
619 2865 661 2915 hi·
730 2873 755 2912 et
770 2863 885 2930 ambigua
899 2862 998 2914 disserit
1012 2867 1070 2914 663.
1085 2867 1144 2914 634.
1158 2893 1187 2904 -
1205 2861 1258 2914 eius

128 2945 211 2996 storia
227 2951 286 2998 428.
305 2977 336 2990 -
371 2948 423 3000 nius
439 2949 548 3000 ltaereuis
565 2949 626 3000 ibid.
730 2948 839 3015 epitome
849 2966 878 2998 ex
889 2949 1021 3000 Methodio
1034 2948 1095 3000 ibid.
1112 2960 1139 3000 et
1154 2952 1211 3000 666.
1231 2959 1257 2999 et

91 3030 201 3080 Numeri
217 3031 242 3081 in
259 3033 388 3102 scripturis
412 3034 521 3102 expressi
543 3034 652 3086 conside·
729 3051 798 3100 seqq.
818 3063 847 3072 -
892 3034 917 3084 iu
942 3035 1123 3086 rerurrectione
1149 3051 1256 3102 corpure

128 3115 229 3167 ratione
246 3117 315 3184 digai
332 3129 390 3170 cunt
409 3123 483 3170 1080.
729 3129 859 3186 resurgent
879 3120 1032 3185 perfectiore
1047 3119 1141 3181 modo,
1167 3130 1256 3188 etqua

90 3200 206 3270 Nuptiae
229 3203 294 3254 iuter
313 3204 428 3256 iudaeum
450 3216 478 3256 et
496 3205 660 3256 Christianam
729 3204 827 3254 ratione
842 3203 868 3255 id
883 3204 989 3272 intelligi
1005 3205 1086 3272 possit
1100 3209 1157 3256 627.
1173 3234 1207 3245 -
1224 3205 1255 3254 si-

128 3287 288 3354 prohibitae‚
307 3299 333 3340 et
351 3301 403 3340 erat
419 3289 459 3342 lex
474 3289 596 3359 quaedam
614 3290 659 3342 du·
728 3289 868 3341 militudine
882 3290 952 3356 grani
969 3289 1087 3342 frumenti
1101 3290 1257 3342 demonstra·

129 3371 191 3420 dnm
210 3372 274 3423 inter
293 3374 378 3425 fideles
396 3379 456 3426 610.
728 3387 769 3425 tur
784 3379 843 3426 689.
858 3405 888 3414 -
925 3375 1130 3442 origenianorum
1145 3375 1256 3430 obiectio

87 3455 247 3522 Nuptiarum
267 3462 434 3530 propugnatio
456 3472 543 3514 contra
566 3461 658 3512 lliers-
729 3463 788 3511 668.

129 3543 192 3594 citas
211 3548 266 3594 714.
694 3546 807 3614 origenis
815 3545 938 3598 sententia
948 3546 1111 3598 similitudine
1126 3547 1196 3615 pellis
1209 3565 1254 3598 ac·

87 3629 207 3698 Nuptiae
225 3631 350 3682 recuudue
368 3632 465 3692 licitae,
485 3643 595 3684 attamen
608 3631 657 3682 im·
728 3631 885 3684 ‹ommodata
903 3632 1003 3700 corpori
1020 3637 1078 3684 661.

129 3713 236 3782 pediuut
254 3733 283 3766 ne
301 3717 353 3784 quis
376 3718 517 3768 sacerdotio
542 3717 658 3784 fungatur
694 3717 809 3784 Origenia
825 3735 896 3768 error
912 3717 974 3769 alius
992 3737 1048 3770 cum
1064 3736 1137 3770 carue
1152 3719 1254 3770 destitui

128 3802 189 3848 410.
728 3803 781 3853 vult
796 3803 910 3854 homines
924 3805 952 3854 in
967 3803 1157 3865 resurrectione,
1176 3815 1201 3858 et
1218 3805 1254 3855 si-

86 3884 247 3952 Nuptiarutu
271 3886 384 3936 defensio
402 3899 489 3938 contra
507 3886 657 3938 Satumilutu
727 3889 796 3939 mileu
816 3891 870 3941 fore
888 3890 982 3956 nugalis
1000 3893 1058 3941 666.

129 3973 172 4020 86.
200 3999 231 4009 -
276 3971 453 4039 prophetarum
477 3973 537 4024 item
562 3989 657 4040 propu-
693 3975 898 4042 origenianorum
926 3975 1034 4026 haeretis
1062 3977 1104 4043 qui
1131 3987 1158 4028 et
1184 3975 1253 4028 foedi

127 4055 217 4122 gnatio
233 4066 319 4108 contra
338 4057 444 4108 eundern
463 4062 503 4107 67.
726 4061 901 4121 nominantur,
933 4069 1019 4129 estque
1053 4072 1112 4128 post
1138 4073 1252 4114 exortum

83 4141 206 4210 Nuptiae
220 4142 273 4192 eive
287 4143 469 4196 matrimonium
484 4143 612 4211 quomodo
626 4145 657 4194 ab
727 4144 906 4196 Christianismi
924 4145 1111 4213 quadragesima
1129 4149 1213 4214 tertis,
1225 4159 1252 4199 et

126 4227 233 4278 ecclesia
252 4227 397 4290 reiciantur,
426 4239 452 4278 et
469 4229 597 4295 quomodo
613 4247 656 4280 ca-
725 4229 813 4280 ordina
841 4231 994 4298 sexagesima
1027 4233 1102 4284 tertia
1134 4237 1192 4286 620.
1220 4264 1251 4274 -
1339 4260 1345 4272 ·

125 4312 201 4364 stitae
219 4313 250 4364 ab
268 4333 296 4364 ea
315 4314 435 4381 probetur
452 4317 510 4365 608.
726 4316 790 4365 unde
814 4317 846 4366 ait
874 4316 993 4368 nominati
1011 4318 1071 4368 ibid.
1090 4347 1123 4358 -
1164 4337 1250 4370 eorum

85 4399 245 4467 Nuptiarum
263 4399 430 4467 propugnatio
447 4409 534 4451 contra
549 4409 656 4466 aposto·
725 4399 843 4468 dogmata
859 4402 917 4455 ibid.
936 4431 965 4444 -
984 4403 1062 4472 turpis
1080 4413 1105 4454 et
1123 4403 1200 4456 foeda
1216 4404 1250 4456 li-

127 4483 191 4537 licos
210 4485 347 4536 haereticos
366 4489 424 4536 607.
672 4490 675 4544 Ι
725 4486 785 4536 bido
799 4496 875 4556 utque
892 4489 1056 4542 abominanda
1073 4493 1131 4541 621.
1145 4519 1175 4531 -
1203 4491 1250 4544 llu-
