3072 5002
303 238 440 290 raanan
456 235 519 289 ιιι.
536 236 579 288 ιιι.
597 234 679 290 rou.
693 235 713 289 ι.
729 235 829 289 nucu.
844 237 964 290 cxxau.
1170 221 1214 288 tt

65 357 119 420 uim
132 357 194 420 aive
210 357 410 444 magnitudine
428 377 568 444 superare
585 357 706 435 dixerit,
725 357 965 442 quemadmodum
982 355 1097 420 coelom
1115 367 1213 420 monte

65 459 153 544 aliquo
183 459 232 524 vel
260 461 336 524 colle
365 461 458 524 maios
490 469 555 539 est,
588 463 623 523 ad
646 481 766 546 operam
791 459 979 523 nihilominus
1001 459 1213 536 conditionem,

64 563 241 646 quantumuis
269 562 470 647 uraguitudioc
498 563 675 626 antecellere
699 563 787 641 velit,
815 564 943 626 'eundem
974 559 1053 625 illum
1077 561 1212 624 abiicieta

63 664 121 728 siue
144 686 199 730 aaa
224 677 254 729 ct
275 664 420 750 obsequio
444 675 595 750 praestare
620 666 729 729 ceteris
754 665 842 741 uelit,
874 665 950 748 qnod
979 665 1091 748 reliqua
1116 663 1215 727 omnia

64 767 269 851 praecesserit,
300 769 388 831 etad
415 788 516 832 coram
542 769 762 853 productionem
789 789 909 853 operam
933 785 1016 830 suam
1042 765 1213 845 condolent,

64 868 144 931 nihilo
160 880 258 934 tameo
276 871 369 954 magis
384 871 421 932 ab
438 869 622 955 opidciorum
640 870 761 934 ruotiooe
775 869 945 933 vindicabit.
994 867 1032 934 Ut
1048 869 1126 931 euim
1144 868 1214 934 uilril

62 970 195 1050 interest,
230 971 256 1035 si
273 973 401 1058 forcipe,
434 993 596 1036 noumaou
615 972 695 1058 ipsa,
727 971 969 1036 carbodealtari
988 972 1132 1052 capiatur,
1157 991 1214 1055 qno

61 1072 132 1138 illios
147 1073 295 1139 beoelicio
311 1075 423 1139 fabrilia
437 1095 486 1140 ara
505 1075 630 1138 demeum
652 1064 939 1154 laminom'iuducat‚
965 1085 1120 1161 propterca
1138 1074 1213 1157 quod

63 1186 113 1240 ram
131 1179 247 1262 iorccpa
268 1199 354 1262 qnam
375 1180 497 1254 lercium,
521 1177 597 1262 quod
615 1198 667 1262 pec
685 1177 762 1240 illum
780 1179 914 1255 ducitur,
938 1178 1017 1241 iuter
1034 1195 1124 1262 opera
1144 1197 1214 1240 ceru-

62 1291 170 1357 natur,
202 1281 244 1343 ito
263 1281 363 1345 niluila
381 1281 530 1366 productis
546 1280 685 1365 operibns
703 1281 752 1344 ille
770 1300 822 1365 per
838 1301 923 1364 quem
939 1282 1012 1344 lacta
1031 1289 1099 1345 struat
1115 1279 1214 1342 ooruaiu

63 1381 187 1461 differet,
221 1381 277 1446 uisi
306 1383 383 1448 lilios
409 1386 465 1461 sitq
504 1384 746 1468 quemadmodum
773 1384 915 1446 naturalis
941 1383 1016 1446 ratio
1043 1383 1211 1468 persuadet.

63 1479 132 1566 Quin
157 1487 252 1549 lactas
275 1485 339 1570 ipsc
363 1484 485 1571 priunum
503 1486 560 1550 erit
577 1485 706 1549 omnium
725 1506 816 1571 opus,
847 1506 882 1549 ac
898 1486 978 1550 velut
995 1485 1155 1550 conditoris
1169 1483 1215 1548 iu·

62 1598 264 1666 strumentumq
289 1609 342 1674 per
364 1590 439 1673 quod
464 1589 603 1652 uniuersa
626 1589 775 1652 retollatur.

135 1687 244 1774 Neque
270 1710 343 1754 uero
360 1711 400 1754 cx
419 1689 455 1754 iis
474 1691 522 1775 qui
541 1692 629 1774 vaulgn
648 1691 697 1754 lilii
716 1692 905 1754 nominantur
928 1691 1044 1776 proprie
1070 1690 1138 1753 dicti
1164 1711 1215 1775 pa·
1243 1695 1305 1770 cop.
1322 1701 1353 1754 V.

64 1791 124 1867 tris,
148 1803 200 1856 out
218 1793 267 1864 lilii
285 1793 429 1856 ratinoem
448 1793 632 1857 cavillatorie
650 1793 738 1857 debet
754 1793 885 1857 eludere.
930 1791 1009 1857 Nam
1026 1793 1133 1878 alioqui
1152 1794 1214 1878 plu·
1310 1803 1312 1808 '

62 1913 103 1956 res
120 1905 207 1958 eruurt
224 1893 272 1958 tei
288 1894 350 1958 lilii.
396 1891 487 1959 Velut
504 1917 568 1958 cum
589 1895 677 1974 dicit,
701 1897 791 1958 aum
803 1898 909 1978 genui,
942 1898 1125 1969 cteuoltonr',
1159 1899 1217 1976 ipsi
1230 1901 1292 1948 aaut.
1305 1901 1354 1958 tt

63 2017 118 2058 aero
137 2009 306 2079 spreverunt
329 2019 389 2075 rueq
422 1997 509 2077 irem,
542 2001 644 2061 Nonne
659 2010 745 2079 puter
765 2021 838 2060 ouum
862 2010 905 2060 est
928 2003 1048 2060 omarum
1071 2003 1216 2060 oestrum?
1241 2003 1342 2100 ltplqgh

63 2095 140 2178 item,
173 2105 319 2182 Quotquot
330 2112 497 2182 receperunt
513 2123 592 2175 crem,
626 2105 705 2162 dedit
720 2105 761 2163 eds
776 2112 941 2181 potestatem
957 2102 1043 2182 filu'os
1065 2103 1114 2162 dei
1125 2101 1211 2181 fieri,
1227 2085 1367 2164 taadmt'ut.

62 2205 105 2281 qui
115 2223 169 2265 uon
184 2225 224 2265 eac
240 2205 384 2265 voluntate
400 2225 513 2277 comas,
546 2225 635 2286 neque
649 2227 687 2265 cc
702 2207 845 2265 volomtate
865 2207 935 2276 udi,
968 2205 1020 2264 aed
1035 2225 1073 2263 cm
1086 2205 1137 2263 deo
1154 2206 1218 2263 oali
1379 2265 1385 2279 ,

62 2315 126 2366 aaut.
173 2301 253 2388 Quid
277 2305 352 2389 quod
377 2317 407 2368 ct
422 2303 559 2368 inardmis
573 2325 688 2391 quoque
713 2305 800 2368 rebus
819 2304 942 2390 idipsum
961 2303 1117 2367 tribuitur?
1160 2307 1275 2383 Qur'tot·
1288 2310 1367 2368 Μ

61 2413 165 2484 matt,
191 2406 304 2491 inquit,
335 2409 430 2469 atilios
449 2411 536 2469 rnra's.
584 2403 633 2471 Ex
652 2407 697 2470 his
713 2407 790 2471 enim
809 2406 943 2470 omniluus
967 2417 998 2470 ut
1016 2405 1168 2491 plurimum
1185 2406 1213 2469 id

63 2508 192 2574 efficietur
211 2520 243 2573 nt
260 2529 300 2574 ex
319 2509 465 2574 communi
492 2510 538 2574 illa
562 2509 775 2593 sigraidcatione
797 2509 843 2573 dei
868 2505 943 2573 lilius
967 2509 1047 2573 nullo
1074 2511 1160 2573 modo
1176 2507 1215 2572 sit

63 2607 143 2689 ilios,
175 2611 217 2676 uti
237 2631 292 2675 nec
311 2611 360 2676 illa
382 2611 445 2696 ipsa
463 2623 548 2693 sunt,
581 2613 632 2675 sed
652 2633 724 2700 opus
750 2610 790 2676 sit
811 2612 856 2675 dei
884 2612 1027 2676 duntaxat
1048 2631 1150 2676 eorum
1170 2614 1214 2675 in·

63 2721 129 2793 star,
159 2735 195 2778 ac
216 2714 310 2780 solius
328 2713 529 2799 appellationis
554 2714 711 2800 particeps.
758 2711 894 2778 Ecclesia
914 2734 1002 2799 porro
1021 2713 1105 2777 deum
1122 2713 1216 2777 credit

64 2833 111 2876 oco
128 2817 214 2880 modo
233 2829 398 2880 creatarum
416 2837 513 2881 rerum
532 2837 599 2880 esse
619 2815 801 2890 conditorem
817 2815 889 2898 (lanc
907 2817 983 2879 enim
1004 2814 1101 2879 ludaei
1120 2813 1216 2881 Grae·

64 2915 135 3001 cique
157 2918 270 3002 pariter
296 2926 495 3003 agnuscant),
526 2918 578 2984 sed
603 2928 630 2982 et
652 2917 730 2983 unici
750 2919 800 2982 iiiii
819 2929 948 3005 patrcm3
977 2918 1024 3002 qni
1045 2939 1103 2980 raon
1121 2917 1215 2981 satum

63 3023 278 3101 procreatricem
303 3021 448 3085 actionem
474 3021 595 3099 habeat,
630 3032 860 3108 propterquam
886 3031 1004 3084 creator
1029 3019 1213 3106 intelligitur,

64 3123 105 3184 sed
130 3134 160 3187 et
182 3125 301 3211 proprie
324 3123 468 3209 oniccquc
493 3114 673 3208 generandi,
708 3143 749 3188 cx
775 3145 830 3210 qua
850 3123 926 3187 unici
946 3123 994 3187 lilii
1018 3134 1129 3209 patrem
1147 3145 1215 3188 essa

64 3228 270 3307 cognoscimus.
317 3223 381 3289 lloc
399 3227 476 3290 enim
493 3226 597 3290 beatus
614 3247 668 3290 nos
683 3223 793 3290 Paralius
813 3227 857 3291 luis
874 3225 975 3291 verbis
993 3227 1128 3290 edocuit:
1154 3228 1215 3289 Hu-

64 3327 114 3400 dn,
136 3329 248 3414 iuquit,
267 3333 383 3410 grotaia,
399 3333 491 3413 flecto
507 3349 603 3409 genno
620 3349 681 3390 meu
695 3331 735 3390 nd
748 3341 875 3409 petrem,
908 3349 995 3410 cqreo
1014 3333 1103 3390 omnis
1113 3341 1212 3410 poter·
1224 3328 1368 3394 Elinia&

64 3433 127 3491 nitor
141 3437 170 3493 a'a
193 3435 271 3494 coelo
285 3444 314 3494 ct
326 3435 355 3494 in
372 3443 450 3494 terro
466 3435 637 3494 nominatur.
685 3428 726 3495 Ut
743 3429 819 3494 euim
840 3442 939 3516 patres
957 3430 996 3495 illi
1014 3431 1043 3494 io
1062 3441 1140 3496 teura
1161 3453 1214 3497 uo·

65 3529 216 3612 ninantur,
241 3535 290 3618 qui
307 3534 341 3598 ad
356 3553 429 3597 sirac
444 3545 567 3598 naturae
585 3524 804 3597 similitudinem
819 3553 981 3619 expressos
999 3534 1108 3598 lrabeat
1125 3534 1211 3614 lilios,

64 3631 98 3695 dc
113 3634 139 3698 io
157 3637 243 3700 coelo
261 3647 344 3722 pater
365 3635 413 3700 illc
431 3635 536 3700 dicitur
551 3655 568 3699 a
585 3657 643 3721 quo
661 3635 770 3700 terreni
790 3647 905 3721 patres,
938 3636 986 3721 qai
1008 3647 1130 3701 naturae
1147 3658 1214 3723 pro·

65 3731 187 3802 ductores
204 3749 293 3818 sunt,
325 3750 486 3816 vocanturq
519 3739 595 3823 quod
622 3739 741 3803 omauiuo
757 3738 793 3802 ud
815 3750 937 3802 naturae
956 3759 1028 3802 succ
1049 3739 1213 3803 similitudi·

66 3855 119 3900 orm
134 3842 265 3925 genitum
283 3861 322 3905 ex
336 3861 370 3905 ea
387 3863 455 3906 sese
470 3841 558 3904 lilium
582 3840 679 3904 laudet.
724 3839 832 3927 Neque
851 3852 948 3928 potest
967 3861 1069 3906 eorum
1089 3843 1212 3908 liliorum

66 3940 151 4021 antio,
173 3945 223 4029 qni
238 3941 380 4007 abusione
396 3943 518 4028 quadam
534 3941 635 4022 uocis,
661 3954 690 4006 et
708 3941 902 4031 homonymos
916 3943 1069 4021 dicuutur,
1094 3946 1129 4007 ad
1149 3943 1213 4008 uni·

67 4059 120 4105 cum
136 4045 178 4110 dei
205 4045 295 4112 ilium
320 4045 547 4112 accommodari.
593 4041 845 4128 Quemadmodum
863 4047 951 4132 pyxis
973 4065 1007 4111 ca
1026 4044 1142 4132 proprie
1161 4068 1213 4111 vo·

93 4197 114 4248 5·
128 4201 175 4252 um
188 4203 269 4252 actuo
280 4203 338 4265 quta
351 4201 509 4266 reponendum
521 4202 551 4251 nt
567 4214 611 4265 μο-
646 4197 753 4250 mudum
771 4197 926 4266 propriarum
950 4197 1110 4251 essentiarum
1126 4197 1212 4252 rimili-

68 4267 171 4330 ttttunir.
392 4339 397 4352 .
646 4266 758 4348 tudinem
774 4265 837 4317 lilios
853 4263 956 4348 palpent..
970 4265 1007 4316 sic
1021 4274 1075 4352 cett·
1106 4271 1210 4354 Supplpo

94 4331 237 4403 dammula
253 4339 306 4389 cod.
324 4337 421 4401 aman.
646 4342 667 4386 ct
683 4350 774 4398 eampo
792 4333 852 4388 Ka&
883 4351 1023 4419 amatorque
1039 4353 1089 4390 unu
1103 4338 1155 4392 aaa
1180 4355 1210 4392 a·

95 4399 114 4452 7.
130 4405 222 4462 „ttecn
237 4401 479 4472 tommhtiquuirw
495 4406 613 4456 Patauina.
647 4399 771 4528 potitura
784 4402 835 4456 raia
851 4399 950 4456 οἰκείων
966 4403 1059 4460 anacam
1072 4399 1211 4468 cricalade

70 4467 179 4525 cautae
201 4477 271 4526 uertit
291 4471 363 4525 Sicut
385 4473 449 4524 enim
468 4471 496 4524 hi
512 4470 554 4542 qni
570 4487 614 4525 rc-
661 4465 772 4542 piaton,
789 4465 856 4526 ciro
872 4475 922 4524 cett
