3042 5016
302 295 442 350 causan
458 297 523 364 urs.
537 299 582 351 nr.
598 297 682 350 ron.
696 300 715 352 ι.
732 297 833 352 naun.
845 298 968 352 nxxrr.
1153 291 1216 356 309

52 438 110 482 nou
127 438 145 481 e
162 417 272 498 nihilo,
304 417 356 482 sed
376 418 535 503 excoqui
552 427 598 482 est
614 418 829 484 convenienter
844 419 1002 505 productus
1022 418 1213 507 intelligitnrq

51 519 125 583 adeo
153 529 185 584 ut
212 541 308 606 nequa
332 521 487 600 coibatata,
521 541 617 606 neque
642 531 793 586 contraeta
818 523 857 586 sit
878 523 1053 588 substantia.
1101 521 1213 590 Verum

50 621 97 705 qni
116 621 237 707 spiritus
260 634 308 688 est
332 635 415 709 pater
438 623 571 710 spiritum
589 623 711 709 perinde
739 623 826 689 filium
850 626 953 709 genuit
976 637 1064 710 atque
1082 645 1099 689 a
1114 627 1214 714 seipso

48 737 185 790 sanctum
201 726 334 812 spiritum
349 725 457 790 emisit.
502 723 610 812 Neque
629 747 703 790 vero
720 736 771 791 ant
787 729 977 814 semetipsum
994 729 1131 814 ignorat,
1163 741 1214 796 aut

48 837 230 892 contractam
255 828 462 894 collatatamre
488 849 571 894 suam
600 827 683 892 novit
708 828 924 910 substantiam,
958 831 1022 896 sive
1047 832 1142 918 aliqua
1165 853 1214 898 se·

48 931 148 995 ctione
164 931 324 996 concisam.
370 930 455 998 Haec
479 931 557 995 enim
584 931 682 995 omnia
704 931 740 994 de
759 931 816 994 deu
839 932 971 1016 cogitare
987 933 1075 998 nimis
1099 944 1145 998 cst
1161 934 1213 998 ab·

48 1037 190 1114 sardum,
224 1044 255 1098 ut
270 1034 337 1120 quid
362 1035 401 1098 sit
423 1034 543 1120 spiritus
565 1045 685 1098 sanctus
704 1033 778 1098 deus
796 1033 858 1118 ipse
879 1034 1004 1100 nesciat.
1050 1035 1097 1100 Ao
1116 1057 1212 1121 neque

46 1135 199 1220 ingenitus
214 1159 280 1203 oum
298 1137 429 1220 ingenito
446 1137 505 1200 filio
523 1135 783 1201 consubstantialis
805 1157 863 1199 non
883 1148 946 1216 est,
980 1159 1076 1223 noque
1094 1138 1213 1224 genitus

47 1239 111 1326 ipsc
128 1261 311 1304 communem
327 1261 390 1302 eum
407 1249 489 1324 patre
504 1237 710 1304 aeternitatem
729 1261 786 1302 nen
803 1238 947 1302 eontinet.
992 1237 1111 1306 Etenim
1129 1251 1213 1327 pater

47 1343 157 1420 filium,
190 1342 266 1406 tilius
290 1352 400 1427 patrem
427 1341 591 1426 cognoscit.
639 1339 774 1406 Trinitas
798 1363 887 1426 porro
910 1342 973 1426 ipsa
991 1341 1056 1406 sine
1073 1343 1132 1407 ulio
1154 1345 1211 1410 fine

46 1454 148 1508 manet
167 1444 316 1522 increata,
352 1444 517 1529 occiditque
538 1465 698 1529 nunquam.
751 1440 846 1507 Filius
871 1465 944 1508 reru
961 1467 979 1532 a
997 1454 1081 1531 patre
1104 1467 1211 1512 revera

46 1570 79 1612 ae
94 1568 216 1632 semper
232 1547 381 1612 existente
398 1546 429 1611 iu
446 1546 564 1634 propria
584 1547 774 1632 perfectaque
792 1557 897 1612 natura
917 1548 1035 1632 genitus
1057 1559 1114 1614 cst.
1162 1546 1209 1616 0b

45 1651 71 1714 id
87 1649 280 1735 semetipsum
298 1650 398 1728 noritq
429 1669 525 1734 neque
550 1659 600 1714 aut
617 1648 693 1712 titius
712 1649 872 1733 ingenitam
892 1651 983 1736 patris
1000 1650 1208 1734 substantiam,

46 1764 94 1816 sut
117 1751 269 1836 ingenitus
295 1752 363 1828 iiiii,
399 1773 483 1836 quern
511 1750 667 1837 produxit,
700 1749 842 1836 ignorare
869 1763 978 1838 potest.
1023 1751 1139 1837 Dignus
1162 1764 1210 1819 cst

45 1857 122 1920 enim
141 1855 217 1919 iilius
231 1854 293 1940 ipse
312 1855 359 1918 cni
373 1854 417 1918 sic
433 1853 564 1938 loquenti
582 1853 653 1917 tides
670 1853 862 1919 adhibeatur:
894 1860 983 1918 Nemo
1002 1861 1081 1920 ncvr't
1091 1869 1203 1938 putrent
1238 1875 1325 1922 ιιιιιιι.

45 1963 103 2021 ar'ri
112 1960 222 2040 filiius,
246 1968 275 2018 ct
287 1959 386 2038 fitium
408 1961 468 2020 nr‘st'
482 1968 576 2038 poter.
1247 1929 1323 1984 Μ·

130 2056 172 2122 li.
220 2055 420 2142 Quamobrem
446 2057 705 2124 circumscribatur
725 2079 741 2122 a
761 2058 921 2122 temerario
937 2058 986 2122 illo
1004 2058 1112 2139 Actio,
1144 2070 1209 2124 tau-

45 2183 129 2248 quam
150 2161 300 2240 uindice,
324 2162 512 2247 pronuntiata
532 2161 697 2241 sententia,
730 2183 788 2226 non
806 2160 930 2224 eurrdcm
947 2162 982 2224 de
999 2162 1098 2248 scipso
1119 2181 1208 2248 posse

44 2265 165 2350 genitae
181 2275 305 2330 naturae
329 2263 416 2328 simul
435 2274 465 2328 ct
481 2263 629 2348 ingenitae
647 2262 809 2328 informare
827 2261 991 2328 scientiam.
1037 2261 1157 2326 Etenim
1172 2264 1208 2329 il-

43 2369 95 2432 lius
120 2369 243 2432 decreto
266 2368 454 2452 iampridem
479 2366 555 2430 unici
581 2366 627 2430 dci
647 2366 696 2430 dlii
716 2365 878 2430 aucteritas
902 2364 1109 2452 praescripsit,
1140 2387 1206 2430 oum

43 2493 73 2535 se
98 2481 216 2558 patrem
239 2489 348 2548 nosse,
384 2489 438 2534 uec
461 2468 549 2533 alium
579 2479 752 2554 praeterea,
787 2467 910 2532 definiit.
963 2465 1079 2551 Quibus
1105 2467 1206 2534 verbis

44 2575 129 2637 etiam
148 2573 280 2658 spiritum
302 2583 435 2636 sanctum
461 2571 547 2636 simui
570 2571 748 2635 existentem
773 2570 946 2655 complexus
968 2581 1032 2649 cst3
1067 2572 1207 2655 quemad·

41 2678 158 2740 modum
174 2675 231 2738 aiio
247 2674 277 2738 in
292 2676 358 2740 loco
376 2673 468 2753 dixit,
492 2678 619 2756 Spiritus
629 2680 725 2756 putrui
738 2675 849 2736 docebit
860 2695 918 2736 cos.
967 2669 1054 2756 Quod
1071 2673 1095 2736 si
1113 2675 1204 2757 patria
1240 2689 1320 2788 pqaqp

42 2778 309 2865 iilespiritusest,
341 2777 486 2862 reipsum
508 2776 752 2863 quidempatrem
776 2775 904 2861 ignorat.
951 2773 1027 2840 Cum
1048 2777 1203 2840 autemdi·
1266 2775 1274 2798 '

41 2883 100 2958 xit,
134 2883 225 2943 Nemo
241 2885 321 2942 nom't
332 2892 442 2962 petrem
462 2881 628 2960 tricipitine,
663 2877 852 2964 semetipsum
869 2879 981 2964 pariter
996 2889 1026 2942 ct
1040 2886 1152 2963 patrem
1169 2898 1204 2942 ao

41 2985 173 3068 spiritum
190 2994 323 3047 sanetum
340 2992 506 3046 ceterorum
520 3003 594 3066 quae
610 2981 647 3045 ab
663 2993 785 3046 aeterno
802 3001 860 3044 non
876 2992 957 3058 sunt,
982 2981 1033 3045 sed
1049 2994 1205 3067 procreata

41 3097 124 3166 sunt,
160 3084 358 3150 conditionem
382 3084 552 3148 excessisse
576 3083 732 3168 significat.
780 3081 980 3168 Quamobrem
1005 3103 1071 3146 cum
1092 3083 1129 3148 ab
1153 3105 1206 3162 ae-¹

43 3197 124 3252 terno
145 3197 259 3274 patrem
284 3187 359 3252 iilius
377 3186 568 3270 cognouerit,
602 3187 709 3249 frustra
728 3185 814 3250 nobis
832 3185 938 3252 Aetius
962 3185 1125 3269 nugacibus
1141 3187 1203 3252 suis

41 3291 139 3354 verbis
164 3291 308 3375 obrepere
334 3299 477 3366 conaturq
510 3309 574 3352 oum
601 3286 871 3352 manifestissimum
894 3288 933 3352 sit
955 3289 1050 3374 ipsum
1075 3288 1203 3354 bominis

43 3414 123 3458 more
141 3393 295 3477 cogitare,
320 3413 354 3455 ae
369 3390 529 3454 carnaliter
543 3389 711 3474 inquirere,
736 3400 766 3453 et
784 3389 939 3455 animalem
963 3411 1049 3470 esse,
1084 3401 1204 3478 propter

44 3515 105 3560 cum
131 3496 181 3580 qui
202 3506 261 3560 tam
284 3516 317 3558 sc
340 3515 426 3579 qrrnm
448 3504 560 3579 patrem
584 3493 754 3576 cognoscit,
786 3514 842 3556 una
863 3514 928 3558 oum
954 3493 1058 3579 spiritu
1085 3504 1200 3558 sancto.

42 3594 228 3683 Quapropter
247 3597 320 3661 deus
337 3596 374 3661 ab
393 3597 471 3660 omni
490 3616 595 3660 caussa
613 3595 806 3660 vindicandus
830 3605 893 3676 est,
926 3617 984 3660 non
1002 3596 1089 3661 modo
1105 3606 1201 3682 pater,

42 3702 89 3762 sed
114 3711 146 3763 et
168 3699 246 3764 fitius
270 3721 304 3762 ae
327 3700 447 3786 spiritus
466 3708 598 3762 sanctus.
645 3695 797 3783 Siquidem
821 3697 930 3784 patris,
962 3698 1013 3762 iiiii
1030 3719 1064 3762 ac
1081 3699 1201 3784 spiritus

42 3802 133 3866 suncti
150 3801 309 3880 divinitas,
333 3803 408 3887 quod
427 3822 514 3866 nemo
530 3823 588 3864 non
611 3801 786 3882 confitetur,
818 3822 923 3867 caussa
946 3812 992 3868 cst
1013 3801 1092 3866 omni
1116 3821 1201 3887 prse-

42 3907 178 3970 stantior.

122 4007 206 4074 Aetii
224 4005 320 4094 Caput
336 3979 469 4072 ΧΧΧιΙΙ.
515 4003 548 4072 Si
564 4005 726 4090 ingenitum
743 4027 878 4072 caussam
893 4006 1000 4070 nullam
1016 4005 1132 4091 penitus
1147 4005 1200 4070 ιιι-

42 4108 98 4188 bet,
123 4110 244 4196 sintque
260 4110 389 4196 ingenita
405 4109 567 4194 complura,
591 4108 762 4172 immutabili
778 4129 883 4174 caussa
902 4108 1090 4172 constabunt.
1135 4106 1199 4174 Ne·

42 4233 94 4294 que
114 4211 194 4276 enim
219 4213 300 4278 vetut
324 4212 462 4278 attributa
485 4210 649 4276 communis
673 4211 823 4274 cniusdam
845 4231 880 4274 aa
898 4209 1054 4296 peculiaris
1075 4220 1199 4277 naturae

42 4313 209 4378 conditione
231 4313 436 4400 particepsque
458 4317 532 4377 iacta
556 4313 648 4378 altera
673 4313 772 4378 molita
794 4324 857 4392 est,
882 4313 975 4376 altera
998 4314 1152 4400 producta.

70 4432 95 4484 9.
112 4428 195 4486 αὐτοῦ
211 4437 263 4485 cod.
279 4435 378 4497 ttbcdtq.
675 4433 698 4486 1.
717 4429 824 4502 rubori
842 4429 1036 4502 pir-irione
1052 4438 1132 4488 om.tn
1145 4437 1198 4490 eod.

74 4503 112 4552 10.
129 4497 162 4552 τὸ
179 4517 224 4551 om.
241 4505 293 4553 cod.
311 4503 409 4565 stacta.
634 4503 733 4570 Rbtdip.

74 4569 112 4620 tr.
130 4566 162 4623 τι
181 4563 250 4635 ἅγιοι
267 4569 367 4638 πνεῦμα
382 4571 434 4622 cod.
453 4571 549 4635 flbcdtq.
