3082 5006
328 247 466 301 ruuuun
484 247 738 302 susurroni.
756 247 855 300 naon.
870 247 968 299 uxxr.
1188 233 1230 296 tr

71 367 158 446 lens,
184 387 220 432 ao
238 368 305 453 quid
324 369 437 454 deeepti
454 369 587 433 bomines
604 368 758 452 cogitaturi
775 367 931 453 aliquando
950 367 1064 440 loreot.
1090 377 1178 450 utqoo
1194 364 1231 428 ob

70 491 102 534 se
127 471 251 554 quisque
276 471 429 536 ueritatem
448 471 666 536 obinlionturus
683 482 765 534 esset
786 471 970 554 intelligens,
999 473 1098 544 nnn,
1123 467 1228 554 iuquit,
1245 479 1383 536 rouo-sno.

68 595 86 635 o
109 579 203 654 ser'pso
224 576 299 655 saort
309 578 415 656 filrirs,
447 579 507 636 εἰει·
530 579 634 637 ornent
653 586 764 655 putrem
784 576 945 654 furientem.
990 571 1058 638 Neo
1085 571 1231 656 estquod

68 677 237 762 suspicetur
253 676 358 762 aliquis
375 677 498 762 primum
519 676 598 740 illurn
617 675 736 756 ridere,
760 675 864 740 deindo
883 677 992 738 lasere.
1040 673 1138 739 llobet
1153 674 1229 737 enim

68 778 96 841 io
120 779 221 864 seipso
243 779 358 858 omnnia,
382 790 413 842 et
434 800 635 864 quaecumque
658 779 785 843 voluerit
807 777 932 862 perlinit.

153 879 281 966 Quinam
304 882 393 966 igitur
412 903 484 946 vera
510 881 582 946 baro
606 903 690 959 esse,
715 878 862 959 Pbotine,
887 882 1044 966 poterunt?
1089 877 1165 962 Quis
1181 878 1230 942 ille
1249 893 1309 961 Gap.
1328 895 1358 944 ι’.

68 995 130 1062 εει,
163 984 260 1068 quiin
283 995 312 1048 te
332 985 417 1048 uobis
439 1005 544 1048 rursus
568 984 665 1048 lolium
689 983 757 1046 illud
773 983 966 1046 disseminat?
1009 980 1085 1065 Quis
1100 981 1168 1045 illud
1188 980 1231 1044 vi-

68 1107 117 1150 rus
138 1087 168 1150 iu
188 1087 345 1151 lrumnnnm
366 1109 461 1172 genos
480 1087 602 1152 efforlitl
645 1083 721 1170 Quis
740 1096 840 1150 tautae
855 1084 906 1150 tibi
922 1083 1097 1169 impietatis,
1121 1104 1157 1146 arn
1172 1094 1230 1146 tam

68 1188 290 1256 consociemuv
303 1190 593 1274 oootunroliosaeque
609 1190 638 1252 in
654 1191 740 1254 lenm
757 1188 905 1274 opinionis
923 1197 1027 1252 auetor
1045 1187 1116 1250 tutat
1148 1181 1229 1250 'Nou

67 1292 110 1356 rel
127 1292 297 1356 Abrnamus
323 1293 476 1356 meliorem
505 1290 556 1355 tibi
580 1301 708 1355 meruero
733 1292 911 1377 persuadere
934 1291 1044 1376 potuit,
1076 1287 1122 1372 qui
1144 1287 1230 1350 deum

67 1395 106 1458 sio
130 1395 310 1480 alloquitur:
344 1400 401 1476 Qui
415 1399 525 1459 indicos
545 1416 651 1456 omnem
670 1407 790 1468 terrum,
815 1416 871 1456 raon
886 1397 977 1475 sueres
992 1397 1149 1456 tirdr'or'um?
1193 1389 1231 1456 ll·
1244 1395 1384 1456 ΜΗ·

66 1498 109 1560 lud
127 1518 205 1562 rero
224 1497 404 1582 redarguere
422 1509 451 1560 te
467 1497 569 1576 debet,
602 1497 679 1581 quod
702 1498 777 1582 apnrl
799 1497 892 1582 ipsum
912 1507 1048 1559 versatus
1070 1495 1230 1560 esseillius

67 1599 190 1678 linitur,
225 1621 283 1662 uon
302 1600 448 1663 sermonis
464 1598 559 1684 aliquo
574 1599 718 1684 prolatio,
749 1600 801 1662 serl
820 1600 892 1664 uleus
910 1598 1032 1662 verbum
1051 1597 1228 1662 subsistens.

67 1702 167 1788 Atque
193 1711 227 1766 ot
250 1722 444 1786 eorumquae
468 1702 498 1766 iu
523 1703 578 1766 boo
606 1701 726 1786 negotio
748 1711 833 1786 gesta
849 1712 918 1765 sunt
940 1700 1052 1764 ruitum
1069 1700 1229 1786 intelligas,

67 1805 264 1890 osapieutiae
280 1805 375 1868 inanis
392 1803 566 1883 ausuum,
603 1805 657 1868 boo
678 1805 741 1887 ipso
757 1804 785 1866 iu
806 1805 971 1890 soriptnrae
989 1804 1053 1868 loeo
1069 1805 1144 1890 quod
1167 1825 1231 1890 per-

68 1909 173 1972 leotum
205 1918 236 1970 et
259 1907 424 1986 absolutum
454 1917 501 1972 est
529 1907 610 1970 relnt
639 1905 818 1990 obsignans,
854 1906 1016 1971 declararit
1044 1907 1088 1970 bis
1112 1907 1229 1970 verbisz

67 2014 140 2072 Plua't
160 2014 293 2072 domninus
314 2033 331 2073 e
352 2013 429 2072 eoelo
451 2015 562 2092 ignem,
595 2021 624 2072 ει
643 2012 781 2090 εειιιριεν
803 2013 832 2072 r'n
855 2013 976 2072 Sodoma
991 2022 1021 2072 et
1039 2013 1196 2072 Gomorrha
1212 2031 1230 2071 n
1244 2021 1342 2081 ttontt,
1351 2024 1384 2070 ts.

68 2116 187 2175 domino.
235 2109 306 2178 Non
324 2112 418 2190 lixit,
443 2110 575 2176 Verbum
596 2111 723 2188 donnini,
749 2113 800 2176 sed
821 2109 965 2177 Dominus
982 2133 999 2176 a
1017 2113 1146 2176 donnino.
1192 2109 1233 2178 Ut

69 2227 93 2279 et
113 2214 213 2280 David
231 2215 347 2279 looutos
369 2226 432 2280 est:
464 2219 549 2278 Drnr‘t
571 2219 699 2276 dommus
718 2219 831 2278 domr'rm
855 2237 924 2276 meo.
974 2212 1012 2280 Ut
1034 2225 1131 2278 antem
1159 2236 1232 2278 oon·
1252 2229 1291 2274 ra
1306 2231 1385 2288 ros,1

68 2327 122 2380 stet
139 2339 200 2382 non
222 2319 316 2382 sotum
333 2328 400 2404 post
418 2317 651 2380 incarnationem
671 2316 720 2381 utri
743 2337 848 2384 nomen
867 2317 1020 2402 usurpari,
1051 2318 1087 2380 rle
1106 2338 1143 2382 eo
1161 2340 1232 2402 quo·
1284 2285 1333 2327 ἠ’

69 2441 131 2503 qne,
149 2420 259 2506 qnorla
276 2420 421 2505 principio
440 2422 546 2486 laetum
563 2411 622 2498 est,
646 2420 825 2484 mentionem
845 2422 924 2484 lacit.
950 2425 999 2482 En
1017 2432 1108 2496 utero,
1126 2420 1230 2506 inquit,

68 2535 129 2585 aare
142 2525 314 2604 Loerserum
327 2528 421 2604 genui
435 2536 486 2606 te..
521 2519 582 2588 lam
600 2543 672 2586 vero
691 2524 726 2587 de
741 2523 845 2609 spiritu
863 2533 967 2586 sanoto
988 2544 1074 2586 rrerno
1094 2533 1156 2601 est,
1181 2525 1232 2587 bo·

67 2646 110 2688 mo
132 2625 364 2710 loquacissime,
399 2636 429 2688 et
445 2625 522 2690 inter
540 2627 653 2690 otiosos
672 2625 866 2712 ouriososque
884 2626 1080 2704 numerante,
1104 2625 1153 2710 qui
1169 2647 1233 2689 ser-

67 2748 167 2794 mones
187 2738 255 2794 tuos
271 2729 373 2814 nequis
388 2729 509 2792 auribus
528 2729 672 2792 admittat.
718 2725 797 2792 Nom
816 2729 1040 2813 nequemaior,
1065 2749 1161 2814 oeque
1180 2727 1232 2791 mi·

66 2849 118 2892 oor
136 2830 198 2893 diei
219 2841 317 2915 potest
336 2831 456 2916 spiritns
474 2842 607 2895 sanetus.
655 2833 912 2912 Qnr’senr'mloee,
944 2831 1055 2916 inquit,
1086 2837 1389 2914 repulsabitur-atuor.

65 2935 96 2993 de
110 2935 245 2996 monibus
258 2939 383 2996 omnus?
422 2930 593 3018 Quinetiam
610 2934 686 2998 idem
703 2945 731 2996 te
749 2931 967 2998 sarrotissimom
986 2932 1121 3013 verbum,
1145 2929 1233 2998 Chri·

65 3045 124 3098 rtos
140 3036 285 3100 videlieet
299 3036 435 3100 dominns
450 3037 643 3116 oorrdemuat3
667 3035 716 3120 qui
734 3037 769 3100 de
787 3034 892 3120 spiritu
910 3046 1015 3098 sanoto
1032 3036 1075 3100 sio
1090 3037 1231 3120 loquitur,

66 3137 228 3202 divinitatis
258 3149 291 3202 ot
314 3159 386 3202 surae
413 3160 584 3224 germanum
612 3161 647 3202 no
671 3138 840 3224 participem
866 3148 1020 3222 agnoscet.
1065 3139 1119 3202 Ait
1139 3139 1230 3218 enim,
1250 3155 1328 3254 ppo-p.

66 3242 121 3318 Qui
139 3265 182 3304 er
202 3246 452 3324 praemonent,
477 3246 560 3305 etde
581 3264 641 3303 meo
662 3247 792 3322 ocer'pr'et.
1187 3243 1190 3252 '
1279 3241 1286 3265 '
1325 3239 1332 3254 '

147 3341 249 3427 Qunam
266 3345 353 3407 ouulta
370 3355 483 3408 suntet
500 3343 556 3406 alin
575 3344 760 3408 testimonio!
807 3339 894 3426 Quae
911 3344 1046 3408 consulto
1062 3355 1230 3430 praetereo,
1249 3365 1308 3436 up,
1319 3367 1362 3420 vr,

66 3447 205 3530 quoniam
230 3447 346 3532 quidem
366 3458 415 3511 tun
439 3447 574 3510 omuibus
600 3445 805 3530 importunitas
828 3457 874 3511 est
895 3447 1065 3526 mustitana,
1097 3468 1172 3532 quae
1194 3447 1230 3512 ab

65 3567 186 3627 errore,
214 3571 272 3612 noo
291 3551 470 3629 ueritate,
496 3548 708 3636 proboisoitur‚
738 3549 813 3611 adeo
832 3560 864 3612 ut
888 3570 946 3614 non
964 3571 1029 3614 eam
1049 3551 1135 3614 modo
1153 3549 1230 3636 sapi·

65 3653 219 3729 entiores,
251 3653 302 3715 sod
324 3663 356 3716 ut
373 3652 413 3716 illi
435 3651 519 3716 lnoile
540 3652 760 3738 deprehendant
774 3651 823 3738 qui
840 3653 1010 3717 nonnullum
1026 3675 1177 3718 sacrarum
1195 3653 1230 3715 li·

66 3763 196 3818 terarom
217 3774 301 3817 osum
320 3755 484 3819 habuerint.
530 3751 631 3838 Quare
652 3776 710 3819 non
728 3766 775 3819 est
790 3755 865 3841 quotl
885 3755 1016 3840 pluribus
1035 3756 1178 3819 adversus
1196 3753 1231 3818 il·

67 3855 117 3918 lam
133 3857 319 3921 testimoniis
340 3869 389 3920 aut
407 3857 533 3942 longiori
552 3857 730 3921 refutatione
754 3880 828 3944 opus
848 3879 914 3922 esse
936 3857 1021 3922 nobis
1040 3858 1228 3922 arbitremur.

66 3953 144 4024 Nibil
171 3957 254 4023 enirn
281 3959 449 4024 narratione
474 3971 571 4024 tonet
591 3959 762 4024 infidelitate
785 3961 821 4026 od
843 3960 1077 4026 ooruviooenrlum
1101 3959 1228 4024 lucilius.

66 4055 147 4124 tane
165 4081 245 4146 quae
262 4071 365 4124 contra
382 4073 410 4126 te
426 4063 570 4149 disputata
588 4072 655 4128 sunt
679 4060 838 4144 hactenns,
872 4063 945 4128 satis
969 4060 1097 4126 arbitror
1120 4063 1229 4143 tutona,

67 4181 100 4226 ao
122 4164 248 4248 periutle
269 4173 303 4227 ot
320 4161 463 4230 insertum
484 4165 625 4249 quoddam
644 4165 751 4229 animal
774 4176 887 4230 eterra
904 4185 1068 4242 emersum,
1093 4175 1124 4230 ει
1139 4165 1232 4231 imbe-

68 4264 175 4345 eillum,
192 4265 236 4330 sio
252 4276 443 4350 posteaquam
458 4278 486 4331 te
502 4267 592 4330 divini
609 4266 692 4330 verbi
708 4289 743 4332 oo
758 4268 893 4332 veritatis
906 4267 1033 4352 vestigio
1047 4268 1228 4353 proooloavi,

97 4381 120 4437 3
146 4388 272 4448 δωρισιεν
294 4387 442 4437 scribendum
465 4401 513 4438 esre
535 4378 563 4439 ‘lo
589 4381 633 4446 uic.
666 4385 799 4438 maloolum
817 4386 939 4438 innectum
956 4403 986 4438 εε
1002 4385 1127 4455 impotens
1139 4392 1189 4440 ortt.

70 4453 196 4504 Comus
222 4456 289 4504 mrttt
317 4455 477 4521 Quapropter
505 4453 634 4506 anlfioiuot
701 4451 726 4508 4.
742 4457 809 4508 Libri
823 4459 895 4520 vulpe
910 4449 1018 4523 n’rn‘ptou.

68 4517 127 4572 boec
137 4521 261 4574 adamus
273 4531 300 4573 to
313 4519 390 4587 diota,
407 4539 482 4591 quem
494 4521 564 4574 velot
576 4522 633 4574 aoi-
