3042 5016
276 314 939 369 causannru.ur.rou.1.rrana.nxxv1.
1127 303 1189 370 305

32 437 177 501 cniusdam
193 456 227 501 ae
242 436 391 501 secundae
406 435 583 501 conditionis
599 437 686 500 modo
701 435 730 500 in
740 436 872 520 ingenito
890 435 1047 521 primariae
1063 457 1131 502 esse
1146 437 1190 502 vi·

33 541 114 617 dent,
142 539 183 602 ita
205 547 238 602 ut
260 538 367 624 prioris
389 537 518 603 insitae
541 539 716 625 posterioris
739 539 833 604 ordo?

114 636 238 705 Conlut.
257 637 383 705 XXXl.
429 639 455 705 l.
481 639 597 706 Vellem
612 641 759 728 equidem,
784 642 860 727 quud
877 643 1029 706 etinctum
1048 641 1189 728 oportuit,

31 753 62 806 ut
81 743 188 807 Attius
214 754 341 808 mentem
365 765 448 808 suam
474 743 559 808 nobis
585 745 767 831 aperuisset,
799 755 828 808 et
847 742 1097 829 interrogationes
1121 765 1191 808 suas

29 847 178 931 aliquanto
196 846 305 910 clarius
330 846 547 934 proposuisset,
579 846 675 934 potius
698 868 783 931 quam
805 867 840 911 ea
864 846 991 911 dictione
1017 857 1097 912 esset
1121 867 1192 912 usus

28 969 104 1033 quae
122 949 151 1012 in
170 949 431 1036 reprehensionem
458 949 599 1029 incurrit,
632 970 688 1014 uec
713 949 799 1013 ullam
821 948 852 1012 iu
876 947 921 1012 his
947 949 1053 1030 rebus,
1087 948 1191 1034 quibus

29 1052 139 1131 utitur,
172 1051 391 1116 similitudinem
411 1051 515 1133 habet,
548 1073 613 1116 cum
632 1061 768 1116 neutrum
787 1073 888 1116 eorum
909 1073 984 1138 quae
1004 1053 1040 1116 ab
1058 1071 1094 1116 eo
1112 1072 1193 1115 com-

29 1163 192 1218 memorata
205 1163 274 1218 sunt
289 1175 355 1218 cum
370 1155 464 1218 altero
479 1153 642 1240 comparari
660 1165 690 1218 et
708 1153 871 1239 exaequari
887 1153 993 1240 possit.
1039 1151 1191 1238 Siquidem

29 1257 221 1340 plurimorum
242 1277 317 1340 quae
343 1257 438 1321 visum
462 1257 603 1342 effugiunt
627 1256 837 1343 appellationes
862 1257 979 1322 adducit
1002 1256 1031 1320 in
1053 1255 1190 1320 medium.

28 1359 106 1423 Nam
135 1370 166 1423 et
188 1358 284 1423 visum
312 1360 426 1446 lugiunt
449 1360 586 1424 animalia
611 1359 660 1424 illa
680 1359 842 1446 spiritalia,
875 1359 930 1423 hoc
954 1369 1000 1422 est
1022 1355 1190 1445 Seraphim,

30 1457 214 1540 Cherubim,
233 1461 344 1545 angeli,
367 1462 488 1548 spiritus
502 1461 645 1546 denique3
670 1461 699 1525 iu
717 1462 821 1548 quihus
838 1483 940 1526 verum
958 1461 1027 1525 illud
1044 1481 1113 1526 csse
1128 1483 1194 1526 cer-

29 1564 109 1628 nitur
125 1565 202 1649 quod
222 1565 329 1628 Attius
348 1574 467 1646 narrat,
502 1565 573 1628 nihil
591 1575 624 1629 ut
643 1565 674 1628 in
692 1564 799 1649 seipsis
817 1564 847 1629 vi
865 1565 988 1648 quadam
1010 1564 1105 1628 sativa
1123 1586 1194 1629 con·

29 1668 157 1731 tineant.
201 1664 309 1752 Neque
326 1667 402 1730 enirn
423 1687 549 1753 corpora
567 1687 601 1731 ea
621 1689 696 1752 quae
715 1689 773 1732 non
792 1667 982 1753 aspectabilia
998 1677 1067 1732 sunt
1086 1665 1195 1732 dixerit

28 1769 153 1854 aliquis,
178 1789 243 1832 curu
261 1790 355 1854 neque
370 1769 510 1854 gignant,
544 1791 639 1855 neque
662 1768 837 1856 gignantur,
870 1770 922 1833 sed
941 1769 977 1834 de
995 1768 1194 1855 sempiternas

28 1869 194 1935 divinitatis
216 1871 368 1935 uoluntate
393 1872 479 1957 plane
504 1872 621 1936 condita
641 1872 718 1952 siut,
752 1894 786 1938 ac
806 1873 986 1937 tantumdem
1003 1893 1195 1957 unaquaeque

27 1985 197 2038 creatarum
214 1994 312 2038 rerum
329 1974 448 2039 virtutis
465 1973 569 2053 hahet,
595 1985 731 2059 quantum
748 1997 800 2061 pro
815 1975 927 2038 inhnita
945 1995 997 2039 sua
1012 1974 1195 2060 benignitate

27 2087 57 2141 et
77 2076 262 2140 humanitate
280 2077 402 2164 largitus
422 2089 469 2142 est
485 2079 568 2142 deus.
615 2075 717 2164 ltaque
735 2078 881 2162 quaelihet
897 2079 972 2163 qnod
990 2077 1046 2141 sibi
1071 2078 1195 2141 attribu·

28 2192 91 2244 tum
116 2190 164 2244 est
185 2177 329 2260 obtinuit,
362 2181 393 2244 in
414 2201 509 2264 enque
537 2189 705 2266 permanet,
740 2181 812 2244 deus
832 2201 905 2244 vero
928 2180 964 2244 ab
986 2179 1067 2243 omni
1090 2199 1196 2244 caussa

28 2282 184 2346 absolutus
205 2293 269 2362 cst,
301 2283 456 2348 continens
480 2284 509 2347 iu
536 2294 630 2347 semet
648 2283 757 2346 omnia.
805 2283 882 2347 ldem
907 2283 971 2348 aine
995 2282 1054 2347 ulla
1075 2292 1196 2346 cuncta·

28 2387 112 2449 tinne
141 2383 343 2449 mutatioueve
370 2387 503 2465 consilii,
538 2407 633 2470 neque
659 2383 748 2450 hlium
774 2385 864 2471 longo
888 2385 1064 2464 intervallo,
1100 2403 1196 2470 neque

28 2489 168 2574 spiritum
194 2497 328 2552 sanctum
351 2508 435 2554 suum
464 2487 572 2579 hahere
598 2488 705 2572 coepit.
752 2485 812 2552 Sed
836 2510 889 2573 pro
909 2509 945 2553 eo
962 2509 997 2553 ac
1013 2486 1195 2553 conveniens
1244 2476 1253 2494 ⁰

26 2604 74 2655 est
92 2589 184 2654 lilium
207 2589 295 2654 habet
311 2590 347 2654 ab
367 2601 507 2671 aeterno,
542 2611 626 2676 quem
652 2590 768 2655 unicum
794 2591 912 2676 genuitp
947 2589 1023 2655 filius
1048 2611 1122 2655 uero
1145 2610 1195 2676 pa·

28 2704 108 2758 trem
124 2691 236 2756 hahens
255 2691 286 2755 in
304 2685 402 2779 seipso
420 2704 561 2780 perpetuo
579 2714 637 2758 unu
654 2704 684 2757 et
699 2693 832 2780 spiritum
851 2703 984 2757 sanctum
1002 2692 1106 2773 habet,
1141 2695 1200 2772 Qua'
1218 2698 1310 2808 lqupe·

26 2819 45 2858 u
64 2808 157 2880 putre
174 2799 331 2875 procedens
352 2817 370 2858 n
382 2798 452 2878 filio
473 2819 582 2878 semper
603 2801 719 2878 nccr'pa't.

122 2894 164 2961 ll.
211 2895 330 2961 Etenim
354 2918 450 2983 neque
469 2899 499 2963 in
519 2900 716 2981 obscuritate,
750 2921 805 2964 nec
827 2899 858 2962 in
882 2898 1012 2964 uberiori
1037 2897 1195 2985 splendore

26 3024 63 3065 ae
79 3000 179 3086 gloria
197 3000 395 3086 sempiternae
414 3000 576 3066 diuinitatis
602 3001 780 3067 excellentia
801 3012 950 3066 versatur.
998 2996 1074 3065 Cum
1099 3012 1197 3064 autem

25 3113 201 3168 creatarum
223 3123 321 3167 rerum
338 3103 419 3168 nulla
433 3102 528 3168 adhuc
545 3117 642 3187 esset,
666 3117 833 3170 utrumnam
850 3104 967 3168 tandem
986 3102 1125 3168 divinitas
1143 3099 1198 3165 nri·

26 3229 109 3272 nore
125 3225 159 3271 se
177 3207 270 3290 ipsam
286 3206 437 3291 opulentia
458 3207 618 3292 praeditam
636 3207 711 3271 vidit
728 3207 905 3293 aliquando?
935 3215 985 3271 aut
1001 3216 1063 3271 tum
1080 3205 1198 3291 quidem

25 3309 180 3375 eiusmodi
203 3327 271 3372 esse
287 3308 379 3390 vidit,
404 3319 612 3390 runcantem,
647 3311 723 3374 lacta
745 3311 781 3374 ad
799 3309 991 3374 substantiam
1009 3307 1196 3386 accessione,

28 3413 123 3500 quasi
143 3411 303 3496 cuiuspiam
320 3411 364 3474 rei
380 3412 517 3496 indigens
534 3432 602 3476 esse
619 3423 737 3498 posset,
772 3423 963 3498 posteaquam
982 3423 1082 3476 creata
1099 3411 1198 3476 omnia

25 3515 193 3603 produxit,
219 3513 358 3600 ampliore
376 3513 498 3600 quadam
514 3513 607 3599 gloria
627 3515 788 3600 opibusque
806 3536 874 3579 sese
890 3513 1052 3601 praeditam
1069 3515 1199 3580 animad-

25 3619 146 3683 vertit?
190 3613 298 3680 Nullus
314 3617 412 3702 itaque
429 3617 644 3702 tergiversandi
662 3617 745 3684 locus
765 3615 802 3682 iis
816 3617 946 3681 'relictus
965 3618 1078 3705 estqui
1094 3619 1200 3683 adver-

25 3743 82 3786 sus
116 3719 273 3784 veritatem
296 3718 533 3805 syllogismorum
552 3721 683 3804 argutias
702 3719 850 3785 homiuum
870 3719 1054 3807 excogitatas
1072 3719 1200 3804 ingeniis

25 3843 188 3912 opponere
214 3821 364 3901 nituntur,
397 3831 427 3886 et
448 3822 477 3886 iu
497 3823 623 3888 medium
641 3824 761 3890 afferre.
809 3819 959 3910 Siquidem
988 3824 1086 3888 diuina
1110 3820 1199 3886 maie·

24 3939 118 4006 stas,
143 3925 254 4012 patris,
278 3923 414 4009 inquam,
439 3935 469 3989 et
489 3925 559 4006 dlii,
592 3947 627 3990 ac
643 3926 763 4012 spiritus
782 3927 875 3991 sancti
894 3926 1066 4012 angelorum
1086 3933 1201 3988 mentes

25 4049 141 4094 omnes
156 4028 245 4112 longo
262 4025 418 4093 intervallo
434 4039 554 4114 superat
570 4029 677 4093 nedum
694 4027 859 4108 hominurn,
884 4048 1006 4115 quorum
1024 4029 1137 4090 umidae
1152 4047 1199 4087 co-
1220 4043 1274 4103 sap.
1287 4045 1308 4101 a,
1323 4045 1354 4089 n.

21 4135 208 4215 ga’tatr'cnes,
233 4127 324 4192 animi
340 4149 448 4196 sensus
465 4133 612 4196 intereant
627 4131 657 4195 in
675 4129 795 4195 nihilum
811 4131 939 4211 redacti,
965 4151 999 4195 ao
1015 4150 1082 4194 sese
1103 4127 1202 4194 varias

24 4237 58 4300 iu
79 4232 331 4300 ratiocinationes
346 4243 377 4297 et
393 4233 582 4318 quaestiones
599 4234 735 4299 induunt.
782 4229 1035 4316 Quemadmodum
1050 4232 1080 4296 in
1098 4229 1202 4317 pleris-

23 4453 69 4496 ter
85 4439 116 4493 ei
130 4447 159 4491 ut
175 4437 268 4491 habeat
282 4455 382 4508 semper
397 4435 473 4490 hlium
486 4437 606 4508 genitum,
640 4438 684 4490 het
700 4447 783 4489 antem
805 4445 832 4488 et
848 4443 961 4488 asomum
981 4436 1096 4505 spiritum
1110 4453 1141 4489 ex
1156 4453 1204 4506 pa-

23 4512 136 4563 lanbens
150 4507 227 4559 lilium
243 4519 269 4558 et
285 4507 351 4560 hunc
366 4505 534 4574 unigenitum,
559 4507 607 4560 ha·
642 4517 682 4560 tre
696 4505 859 4568 existentem,
878 4516 904 4557 et
918 4505 950 4557 de
964 4504 1016 4558 lilio
1032 4505 1203 4576 accipientem,

24 4582 144 4630 nentem
158 4591 256 4641 semper
271 4587 369 4642 patrem
385 4575 411 4625 in
427 4575 517 4644 seipso.
551 4579 607 4629 lla·-
642 4593 740 4644 semper
758 4576 838 4644 ipsum
855 4571 958 4628 imbrus.

86 4656 184 4714 corpus
198 4655 336 4701 Barousai.
349 4656 379 4700 tt.
392 4657 415 4702 d.
959 4663 1000 4730 20
