3066 5016
304 266 441 319 emano
457 267 523 318 urs.
534 266 579 320 ιιι.
596 253 680 318 hon.
694 265 726 316 rr.
744 262 845 314 anun.
861 263 974 314 cxxx.
1161 247 1223 310 479

69 387 197 472 agnovit,
221 387 358 472 ideoque,
383 398 412 450 ot
429 407 494 451 eam
512 385 728 464 consolaretur,
752 383 837 446 officii
855 383 949 465 legem
967 379 1114 466 paululum
1129 389 1225 442 haos-

69 511 185 574 gressus
204 500 267 567 est,
298 509 333 552 ac
351 499 469 574 propter
483 488 560 552 illius
578 487 731 565 solatium,
764 486 840 569 quud
858 485 895 547 ab
911 505 945 548 ea
961 484 1065 562 hebai,
1097 483 1132 546 ad
1151 491 1224 544 tem·
1289 501 1295 508 ·

69 613 117 677 pus
141 603 187 656 est
213 612 335 678 passus,
370 613 434 655 oum
460 591 549 675 pedes
573 611 644 654 suos
663 608 679 650 a
699 586 821 650 muliero
843 595 962 672 praeter
982 583 1224 650 consuetudinem

69 693 213 757 attrectari
233 693 392 757 calamitati
409 693 501 778 ipsios
519 713 554 756 ao
573 691 662 756 luctui
680 711 732 776 par
749 701 837 774 atquc
854 688 976 772 aequale
994 707 1060 751 esse
1077 686 1222 750 crederet.

69 793 177 858 Verum
193 795 261 879 quid
279 815 336 878 ego
351 795 461 858 diutius
480 794 509 858 in
528 795 585 858 illis
602 792 764 856 refutandis
780 792 940 870 immoror,
969 790 1017 874 qui
1035 809 1138 852 cauum
1157 809 1225 874 por·

68 918 204 960 eorumve
221 898 390 983 spurcitiam
410 897 580 960 imitantur?
623 892 710 977 Quod
731 903 828 958 nutem
852 889 1003 957 Christum
1021 911 1054 955 se
1074 911 1143 954 esso
1161 891 1224 974 qui·

68 999 135 1063 libet
150 1021 190 1064 ex
212 999 277 1062 istis
297 999 422 1078 asserit,
456 997 522 1082 quis
544 999 673 1082 prudens
698 1018 756 1061 oon
776 995 845 1058 illud
868 994 1001 1058 insaniae
1025 991 1224 1079 plenissimum

68 1101 240 1165 arbitretur?
262 1112 313 1164 aut
328 1122 393 1165 cum
411 1121 445 1164 se
461 1101 618 1186 prophetas
635 1119 703 1164 esse
719 1098 860 1162 narrant?
903 1097 989 1182 Quod
1006 1097 1082 1161 enim
1099 1094 1223 1182 prophe·

67 1203 122 1268 tine
138 1223 233 1287 genus
249 1205 326 1289 apud
344 1203 409 1266 illos
426 1205 567 1289 apparet?
611 1200 767 1284 Quodnam
783 1221 873 1277 vero,
906 1212 939 1263 ut
957 1221 974 1264 a
994 1196 1116 1264 Christo
1132 1219 1225 1284 quon·

67 1305 147 1386 dam,
177 1305 349 1370 admirabile
376 1316 422 1369 est
444 1306 481 1368 ah
509 1305 565 1369 illis
592 1325 666 1388 opus
692 1303 821 1367 editum?
865 1298 951 1384 Quod
977 1302 1003 1366 si
1029 1301 1154 1387 ipsemet
1180 1311 1225 1366 est

69 1403 214 1486 Christus,
240 1427 362 1490 ecquem
381 1407 411 1471 iu
427 1408 575 1472 dominum
592 1405 723 1491 speravit
739 1404 932 1469 accredidit?
974 1401 1059 1487 Quae
1076 1413 1145 1466 sunt
1159 1402 1226 1466 illae

68 1512 180 1574 undem
197 1510 308 1573 erroris
321 1509 461 1594 ineptiae,
485 1528 598 1594 quaeve
613 1506 785 1572 stolidorum
801 1507 950 1570 hominum
965 1506 1122 1592 dogmata?
1163 1502 1225 1568 Sed

67 1613 207 1677 adversus
229 1613 316 1676 istam
339 1611 476 1677 haeresin
500 1613 650 1696 hocusque
670 1611 836 1694 disputasse
858 1609 931 1674 satis
954 1618 1011 1672 est.

150 1712 207 1778 Hic
233 1735 289 1798 ego
316 1726 465 1800 postremo
492 1715 545 1778 toti
571 1735 588 1778 a
611 1733 657 1778 mc
679 1714 761 1799 operi
788 1721 926 1796 suscepto
952 1712 1037 1776 linem
1062 1711 1220 1795 imponam.
1241 1719 1302 1788 cip.
1320 1721 1354 1770 x.

68 1813 100 1880 ln
117 1839 175 1901 quo
189 1817 369 1900 singularem
392 1839 464 1901 ergo
475 1827 537 1881 ‘nos
554 1816 645 1880 divini
666 1814 794 1880 numinis
809 1833 895 1899 opem
910 1835 946 1878 aa
961 1813 1158 1898 praesentiam
1175 1833 1226 1877 su-

68 1941 130 1984 mus
154 1920 292 2004 experti,
326 1920 401 2002 quod
429 1941 468 1983 cx
487 1929 550 1982 toto
571 1918 686 1996 animo,
718 1938 753 1980 nc
772 1917 1039 1992 necromantem,
1072 1915 1225 2000 eidemque

67 2020 184 2086 domiuo
202 2023 314 2106 gratias
331 2042 422 2106 agere
441 2009 600 2098 dehemus,
633 2017 865 2102 quandoquidem
884 2019 934 2082 illo
951 2019 1072 2082 iuvante
1091 2018 1226 2102 quicquid

67 2136 216 2210 receptum
231 2147 248 2188 a
262 2125 347 2188 nohis
362 2125 596 2210 promissumque
612 2122 678 2198 luit,
703 2121 829 2184 leliciter
841 2121 878 2184 ad
893 2121 1005 2184 exitum
1021 2121 1224 2205 perduximus,

66 2246 100 2288 ac
122 2248 188 2291 oum
208 2227 347 2291 haereses
373 2247 477 2290 omncs
500 2223 692 2310 exposuimus
718 2221 985 2306 relutavimosquc,
1018 2234 1077 2289 tom
1101 2221 1168 2306 quid
1190 2221 1226 2284 ab

67 2347 240 2414 unaquaque
263 2341 385 2414 geratur
407 2349 459 2415 pro
485 2327 589 2393 uirium
616 2335 783 2390 nostrarum
806 2323 1004 2388 imbecillitate
1024 2325 1225 2410 patclcoiuaus.

66 2424 207 2494 Ceterum
230 2454 295 2496 oum
313 2431 463 2516 octogiuta
487 2430 669 2507 haereseon,
703 2447 777 2512 quas
793 2425 824 2491 in
839 2426 940 2490 orbem
964 2437 1110 2492 terrarum
1133 2428 1226 2492 iutro·

65 2533 169 2598 ductas
186 2536 222 2598 nd
241 2533 316 2598 hano
334 2534 411 2598 diem
430 2533 612 2608 audivimus,
637 2550 817 2614 quarumque
837 2550 988 2594 numerum
1008 2541 1039 2594 et
1056 2515 1226 2616 appellatio·
1351 2549 1353 2558 ’

66 2655 138 2713 nes,
171 2636 377 2700 nonnullarum
400 2634 488 2700 etiam
513 2634 633 2698 decreta
650 2643 680 2696 et
703 2643 894 2716 argumento,
926 2632 1155 2718 affectionesque
1178 2655 1227 2696 co-

65 2738 242 2820 gnovimns,
274 2759 358 2815 oum,
388 2736 527 2822 iuquam,
563 2736 677 2800 illarum
705 2733 836 2819 origines
864 2755 1043 2820 caussasque
1070 2737 1149 2800 nulla
1181 2756 1226 2815 re,

65 2841 163 2922 quoad
182 2841 244 2904 heri
260 2840 371 2925 potuit,
396 2839 604 2925 praetermissa
618 2837 817 2917 docuerimus,
843 2838 1033 2904 vehementer
1050 2839 1118 2903 illud
1137 2839 1228 2902 admi-

45 2944 125 3006 'rari
152 2942 230 3008 subit
254 2943 331 3026 quod
354 2943 382 3004 in
404 2942 498 3006 sacris
515 2942 608 3006 literis
622 2943 806 3006 continetur:
840 2944 1000 3022 Secogrhtu
1013 2954 1082 3003 suat
1095 2947 1224 3023 regiano,
1240 2947 1335 3006 uanas,
1347 2951 1369 2994 l·

64 3056 93 3108 et
107 3050 276 3125 ortdogairto
294 3047 482 3119 coaeubiane,
513 3057 541 3106 et
562 3048 788 3106 adolescentulae
810 3065 930 3124 pacorum
953 3047 1050 3106 nullus
1070 3056 1115 3106 est
1131 3067 1228 3108 nume

63 3167 134 3223 ram·
168 3170 226 3210 uno
240 3160 285 3210 est
298 3149 426 3210 columbo
448 3169 524 3220 meo,
553 3149 681 3230 perform
706 3169 777 3208 aneu.
824 3144 870 3208 lle
898 3145 943 3208 his
965 3146 1056 3232 igitur
1078 3148 1228 3232 octogiuta

63 3249 220 3332 pellicibus
243 3251 383 3315 hacteuus
411 3249 556 3332 egimus,
577 3247 785 3328 Barbarismo,
809 3247 1009 3328 Helleoismo,
1043 3246 1227 3336 Scytbismo,

64 3346 235 3431 ludaismo,
258 3361 289 3416 et
306 3350 529 3431 Samaritismo‚
562 3371 636 3436 quae
663 3373 788 3416 unorum
813 3351 931 3415 minime
956 3350 1151 3436 legitimarum
1176 3375 1229 3418 no·

63 3454 146 3518 mina
163 3465 250 3534 suot,
284 3453 446 3520 cuiusmodi
471 3475 564 3538 oeque
582 3456 618 3519 ab
636 3475 707 3538 rege
727 3453 825 3518 dotem
850 3465 1043 3536 acceperunt,
1076 3475 1172 3539 oeque
1198 3457 1228 3520 iu

62 3557 236 3620 testamenti
264 3557 371 3622 tabulis
395 3579 459 3621 cum
480 3556 545 3620 filiis
569 3557 694 3621 heredes
713 3555 840 3642 scriptae
859 3565 940 3619 suut.
985 3553 1104 3622 Etenim
1121 3557 1145 3620 si
1162 3579 1229 3643 pro-

62 3659 129 3743 prie
149 3659 230 3744 loqui
248 3661 390 3737 volimus,
421 3655 544 3724 LXXV
562 3670 631 3722 suot
647 3658 805 3736 haereses,
836 3679 959 3743 quarum
977 3671 1084 3723 matres
1102 3659 1228 3748 quinque

62 3773 147 3840 sunt,
174 3775 241 3847 puta
259 3760 471 3840 llelleoismus,
495 3761 559 3825 sive
577 3761 730 3846 gentilium
749 3772 842 3836 secta,
867 3782 884 3825 a
901 3782 956 3845 qun
973 3763 1098 3844 gentiles
1114 3761 1229 3825 oriundi

62 3877 156 3944 aunt,
189 3863 374 3945 Iudaismus,
406 3864 482 3928 uude
506 3865 603 3928 ludaei
627 3875 658 3928 οι
679 3863 837 3942 haereses,
871 3885 906 3928 ac
931 3862 1107 3928 Samaritica
1132 3874 1226 3944 scota,

62 3969 145 4032 unde
163 3963 403 4045 Samaritismus,
434 3979 463 4030 et
480 3963 736 4031 Christianismos.
784 3968 833 4030 Ab
856 3965 900 4030 his
917 3967 998 4031 velot
1019 3965 1093 4030 rami
1112 3965 1228 4051 quidam

62 4081 226 4157 separatae
244 4069 382 4134 haereses
397 4070 518 4134 avulsae
537 4081 617 4134 suut.
663 4066 748 4152 Quae
767 4069 836 4132 licet
854 4064 965 4134 Christi
985 4089 1092 4132 nomen
1111 4090 1180 4154 prae
1195 4089 1228 4133 se

64 4175 187 4250 lerant,
220 4171 290 4234 nihil
313 4183 410 4236 tamen
437 4173 472 4235 ad
497 4173 577 4236 illum
600 4171 764 4257 pertinent,
797 4173 849 4234 sed
869 4171 974 4256 partim
992 4169 1109 4254 longius
1125 4171 1162 4236 ab
1179 4171 1228 4235 illo

62 4276 191 4351 distant,
214 4273 317 4358 partim
331 4275 478 4338 minimam
492 4275 529 4338 ob
545 4295 681 4340 caussam
696 4273 733 4338 oh
749 4273 828 4338 omni
842 4273 920 4336 illius
940 4273 1102 4337 hereditate
1117 4273 1228 4339 alienas

61 4399 98 4444 ae
116 4377 294 4467 peregrinas
319 4397 352 4442 se
378 4377 503 4457 laniunt,
536 4399 592 4442 nna
614 4399 679 4442 cum
698 4376 827 4461 ipsarum
851 4375 971 4456 liheris;
1002 4397 1068 4440 cum
1092 4376 1230 4441 videlicet

96 4517 123 4570 5.
144 4507 213 4569 ctu’rti
230 4515 282 4566 cod.
298 4515 396 4578 Μία.
