3060 5026
275 257 412 310 rauuuu
429 258 492 308 ern
506 258 550 309 m.
567 257 651 310 ron.
663 256 694 308 u.
712 255 812 310 nanu.
832 255 976 310 uxxvm.
1146 245 1208 310 403

48 383 193 459 tironem,
233 379 288 443 lune
313 387 361 442 est
383 377 536 442 collectam
558 398 574 440 e
594 375 727 440 lideliltus
751 375 927 453 eeclesiam,
961 377 1042 442 velut
1066 377 1209 462 quandam

46 483 194 566 uirginem
211 480 372 566 anneperit,
397 481 472 544 aden
487 490 518 544 ut
533 479 779 564 praestantiorem
795 478 896 558 alium,
921 479 1057 542 nimirum
1074 499 1211 544 eonsum-

46 599 191 649 malorem
211 581 326 661 lesum,
351 583 444 665 legis,
476 582 519 646 sio
537 591 674 665 tanquam
691 579 870 666 paedagogi,
902 581 1045 645 beneficio
1063 603 1212 666 coguove-

45 690 160 765 rimus,
193 707 291 768 nonne
316 705 428 748 summa
452 704 493 748 ex
513 683 624 766 ingenii
649 683 747 768 inopie
769 704 805 746 ae
829 683 953 748 stultitia
969 686 1131 768 prolentum
1154 695 1211 762 est,

46 791 127 875 quod
140 789 177 854 ab
189 789 267 852 illius
283 789 427 872 dogmatis
443 787 574 870 patronis
589 784 746 862 asseritur,
766 796 831 869 post
846 787 982 850 nullatum
997 787 1075 850 illem
1091 809 1108 850 a
1126 783 1214 851 Chri-

44 905 96 957 sto
115 891 325 978 perfectionem
343 889 512 974 paedagogo
529 889 634 951 iterum
655 909 728 971 opus
742 907 821 965 esse,
847 897 880 952 ut
895 888 930 952 ad
948 889 1045 973 priora
1062 889 1111 954 illa
1128 893 1358 967 milidunense.

45 1009 79 1058 et
92 999 244 1068 stomoma,
269 991 490 1074 doctrinamque
507 1011 541 1054 ae
559 1010 694 1054 manuum
711 989 928 1081 impositionem
944 995 1148 1056 reuertamur?
1181 1004 1213 1056 ut
1246 969 1271 1007 ἰ
1283 967 1334 1019 “²¹

46 1097 158 1162 alieubi
174 1097 313 1180 seriptum
330 1105 394 1173 est;
418 1115 483 1156 uum
500 1104 597 1156 tamen
616 1092 767 1177 apostulus
784 1093 895 1156 diserte
912 1114 966 1158 nos
983 1096 1103 1174 duoeat,
1129 1097 1291 1172 (lure-meur.
1304 1121 1325 1174 s,
1337 1119 1368 1164 m,

46 1203 121 1282 quid
141 1203 323 1261 muemntum
348 1208 406 1270 eet,
438 1200 563 1258 ucrensi)
578 1197 753 1276 consectum,
780 1200 914 1275 proseriae
935 1200 974 1258 nd
988 1196 1133 1258 :interitum
1151 1220 1214 1278 spe-

46 1317 146 1365 ctare:
180 1299 254 1386 qued
280 1301 315 1364 de
339 1307 441 1363 vetere
468 1307 645 1362 testamento
669 1319 704 1360 an
722 1298 787 1381 lege
813 1298 1030 1382 pronuntiavit:
1066 1303 1216 1364 Translate
1229 1325 1300 1370 110ss,
1309 1327 1330 1381 u,
1339 1327 1371 1368 rt.

46 1411 141 1476 entire,
170 1401 280 1486 inquit,
313 1405 488 1475 sacerdotri),
519 1405 678 1462 necessario
696 1403 740 1480 fit
755 1412 785 1462 et
806 1403 878 1480 legis
894 1405 1057 1464 translatae.
1112 1399 1214 1484 Quare

48 1530 118 1571 oum
139 1517 241 1569 vetere
260 1515 436 1568 testamento
454 1503 597 1568 translate
617 1524 725 1567 nouum
743 1502 938 1568 instauratum
956 1505 1063 1582 luerit,
1088 1506 1154 1590 quis
1172 1517 1219 1568 est

47 1609 174 1674 audania
195 1617 274 1672 tauta
299 1604 448 1691 praeditus
473 1605 522 1689 qui
540 1615 627 1670 vetus
651 1605 687 1668 ad
706 1625 790 1668 usum
811 1605 908 1669 denuo
931 1627 1073 1671 revocare
1096 1619 1219 1672 euerten-

50 1712 113 1786 dat,
140 1731 248 1776 nouum
266 1720 363 1772 autem
378 1708 414 1771 ad
430 1707 517 1771 situm
536 1717 772 1791 vetustatemque
789 1710 965 1788 transiens,
990 1720 1022 1774 ut
1038 1721 1068 1776 et
1084 1731 1218 1774 caussam

49 1814 139 1878 uobis
156 1811 298 1898 praebeat
313 1832 366 1874 eur
383 1811 554 1874 excidamus
570 1810 708 1892 agretia,
732 1821 763 1874 et
776 1811 812 1875 ab
828 1831 865 1874 en
880 1813 976 1876 lruetu
993 1813 1041 1896 qui
1060 1833 1113 1898 per
1132 1809 1220 1878 Chri-

49 1929 130 1981 stum
155 1915 241 1980 uubis
263 1923 451 1998 comparatus
474 1924 521 1975 est
542 1923 678 1976 auertere
702 1915 849 1977 coneturl

140 2015 196 2080 llis
214 2017 346 2080 breviter
361 2015 396 2080 ad
423 2035 489 2078 eum
508 2013 625 2078 modum
644 2015 818 2100 explicetis,
850 2037 925 2100 quae
949 2037 1004 2080 uus
1027 2039 1079 2102 pru
1094 2018 1221 2083 instituti

50 2120 154 2208 operis
171 2119 286 2184 ratione
315 2117 388 2181 eatis
412 2137 480 2182 esse
503 2117 667 2196 eredimus,
701 2117 736 2180 ad
758 2118 870 2202 reliqua
894 2129 1099 2201 transeamus,
1122 2122 1220 2186 andei

49 2222 188 2309 inprimis
207 2242 290 2307 opem
306 2219 508 2304 imploremus,
531 2229 563 2282 ut
578 2220 613 2282 ad
628 2229 728 2284 uetera
747 2221 911 2299 tractanda,
931 2222 1110 2303 enarranda,
1134 2244 1222 2288 ever·

53 2325 204 2409 tendaque
228 2323 354 2388 feliciter
376 2323 562 2386 accedamus.

125 2562 436 2642 ADVERSUS
481 2561 1152 2658 Attulntuuetnlttnnttt8‚

223 2709 306 2781 quae
333 2689 385 2757 est
410 2683 559 2758 haeresis
585 2681 734 2777 LVIII,
761 2683 833 2760 sire
859 2683 1056 2760 LXXVIII.

143 2833 225 2900 Idem
253 2836 323 2900 illud
353 2837 458 2922 dogma
488 2837 587 2920 (euius
615 2847 783 2902 assertores
809 2837 898 2901 etiam
921 2835 1104 2902 Dimneritae
1134 2837 1223 2922 vulgo
1253 2862 1314 2930 esp.
1331 2864 1350 2912 t.

53 2947 282 3024 nuncupantur)
298 2942 373 3024 quud
391 2951 546 3026 suseeptae
563 2940 689 3004 heminis
711 2937 869 3006 eCltristo
889 2952 1012 3004 naturae
1029 2950 1156 3006 mentem
1175 2942 1225 3004 de·
1270 2947 1274 2958 '

54 3043 168 3122 trahit,
200 3042 275 3106 alies
292 3043 413 3126 iusuper
432 3043 585 3108 molestiae
602 3065 638 3106 ae
654 3044 772 3128 negotia
789 3043 922 3129 peperit,
957 3053 1045 3128 atque
1064 3043 1095 3107 in
1112 3042 1225 3108 Arabia

52 3147 255 3234 praesertim
287 3145 323 3208 de
340 3145 446 3229 quihus
462 3145 644 3231 irreligiosis
668 3145 840 3230 quibusdam
860 3146 932 3210 viris
952 3165 1054 3210 sumus
1071 3146 1224 3210 admoniti.

53 3251 106 3314 Ao
126 3249 196 3312 lieet
218 3255 307 3312 autea
323 3248 359 3312 de
377 3248 480 3310 endem
503 3260 677 3332 argumento
697 3248 850 3334 epistolam
869 3248 1094 3334 scripserimus,
1128 3260 1225 3314 tamen

55 3354 140 3440 quud
155 3351 228 3415 lmeu
244 3350 378 3416 haeresis
395 3349 499 3414 urdine
516 3371 571 3414 suo
592 3372 772 3435 numeroque
792 3354 949 3429 suecedet,
973 3351 1048 3416 haue
1063 3353 1155 3438 ipsam
1172 3373 1227 3416 nos

56 3454 235 3544 epistolam,
268 3452 438 3538 quibusdam
463 3453 568 3518 merito
585 3454 632 3518 uel
652 3453 757 3518 additis
774 3453 821 3518 vel
839 3455 999 3536 detractis,
1032 3456 1176 3522 adversus
1193 3456 1228 3520 il·

56 3561 121 3625 lam
144 3557 346 3624 subiiciemue.

152 3657 269 3724 Etenim
293 3679 332 3722 ex
354 3657 716 3723 Autidioumariauitarum
745 3678 837 3744 grege
860 3660 1010 3741 nonnulli,
1040 3662 1125 3745 quasi
1144 3682 1227 3747 prae·

58 3767 153 3850 ripun
170 3763 294 3848 quedam
316 3761 345 3824 in
364 3761 508 3844 virginem
527 3761 595 3825 odio
619 3772 776 3846 suscepto,
810 3772 840 3826 ut
857 3763 922 3828 eius
943 3763 1066 3847 gloriam
1089 3765 1228 3830 obseura-

57 3877 152 3945 rent,
183 3862 394 3941 siveinvidie3
427 3863 491 3926 sive
509 3865 619 3928 erroris
636 3865 765 3928 tenebris
784 3866 953 3944 ouuaenati,
986 3888 1044 3950 quo
1063 3867 1227 3930 mortalium

59 3971 183 4035 animos
205 3965 412 4051 inquinarent,
446 3987 483 4030 ee
500 3965 675 4031 temeritatis
700 3971 850 4052 progressi
872 3981 941 4034 suut
964 3980 994 4032 ut
1013 3969 1228 4034 sanctissimam

59 4106 166 4160 tertiam
185 4113 294 4172 purtem,
321 4104 401 4171 ipsene
416 4114 525 4154 mentem
542 4104 568 4154 in
584 4105 632 4154 ed·
666 4107 722 4156 edili
740 4110 801 4157 libri.
837 4109 909 4159 rnui'
927 4109 978 4158 ned.
993 4109 1040 4157 len.
1075 4107 1157 4160 retiret
1176 4113 1229 4163 eod.

59 4186 145 4229 ventu
161 4172 252 4224 Christi
269 4171 294 4222 in
311 4189 385 4223 carue
402 4184 476 4240 nugat
490 4180 539 4226 cett.
668 4179 757 4239 Puris,
774 4182 796 4226 et
811 4178 907 4239 ttudtp.
925 4191 948 4225 n.
964 4189 997 4226 m.
1009 4189 1048 4238 pr.
1057 4212 1066 4240 ‚
1081 4179 1107 4226 iu
1124 4192 1170 4240 que
1185 4184 1231 4231 eir·

98 4247 125 4299 ¹2.
145 4238 227 4310 ταύτῃ
248 4243 402 4292 emendarunt
420 4243 547 4294 Gorunrr'us
569 4251 632 4305 (uer-
667 4247 777 4308 erumpent
809 4249 916 4294 accentus
939 4245 1018 4295 orthem
1048 4250 1136 4296 restent
1164 4252 1233 4298 uesta·-

60 4327 117 4370 um
135 4327 199 4380 queo
217 4339 251 4352 ·-
267 4309 316 4377 ipsi
332 4309 419 4360 addite
439 4314 509 4378 suut)
526 4317 548 4362 el
562 4315 633 4364 Petu-
667 4315 723 4375 pie,
747 4313 899 4374 superaddito
918 4317 999 4374 posteo
1018 4319 1123 4364 erutuet
1140 4319 1232 4378 epttudu

60 4391 136 4445 mne,
160 4395 234 4446 quum
255 4383 413 4443 sumpturum,
436 4383 496 4443 reple
515 4383 547 4430 tt.
565 4387 633 4432 notu·
668 4382 736 4444 fiunti
756 4385 864 4441 mutatu,
888 4383 930 4430 red
954 4383 988 4428 e'te
1010 4389 1037 4430 ut
1058 4385 1116 4444 quid
1134 4387 1233 4436 uolueeril

61 4463 133 4516 tum,
157 4452 252 4502 macuto
273 4452 345 4502 utem
367 4451 392 4498 r'u
411 4452 518 4511 maraine
534 4452 634 4512 exempti
668 4451 779 4500 librarius
795 4451 886 4498 dinosci
901 4451 943 4498 uir
958 4455 1035 4511 quent.

63 4523 209 4584 Sehotltout,
226 4520 290 4581 quud
302 4531 373 4580 perure
386 4531 422 4568 me
436 4519 517 4570 luben.
540 4513 635 4583 ταύτην
703 4517 728 4570 3.
745 4509 787 4570 ἀπ’
806 4509 888 4581 αὐτῆς
904 4518 955 4567 uod.
968 4519 1065 4582 ltnedr'p.

681 4609 684 4620 '
958 4605 999 4672 26
1013 4601 1027 4636 *
