3060 5026
310 217 448 270 causan
464 219 527 270 nra.
542 219 585 269 ιιι.
604 217 686 271 ron.
700 217 730 268 ιι.
747 215 991 268 nnnamxxvn.
1165 201 1227 266 aet

74 333 167 418 guinis
182 335 254 415 luit,
286 347 316 400 et
332 335 484 401 humanam
501 337 622 402 liaberet
637 337 781 415 animam,
814 335 893 399 nullo
914 346 1011 399 tamen
1030 335 1116 398 modo
1138 332 1174 398 ab
1192 353 1227 398 ea

74 447 168 500 mente
183 437 213 500 in
231 437 445 523 captivitatem,
471 451 502 503 nt
517 441 558 504 ita
572 441 677 518 dicam,
702 460 736 503 ao
752 439 923 503 servitutem
943 437 1104 500 redactum.
1148 433 1227 500 Nam

72 537 280 622 siapostolus,
311 541 356 604 oni
374 543 502 628 propria
529 543 671 626 quaedam
696 562 779 605 mens
798 561 815 604 a
834 529 936 603 natura
956 550 1019 604 erat
1036 540 1141 618 insita,
1174 538 1226 603 hu·

71 662 155 705 mana
173 641 310 706 videlieet
324 663 359 707 ao
377 655 495 729 praeter
508 644 601 730 ipsam
619 643 687 722 alia,
712 665 796 728 quam
813 664 852 706 ex
869 642 1006 706 coelestia
1023 642 1091 706 doni
1106 663 1141 706 ac
1158 661 1226 726 gra·

71 744 126 807 tiae
142 743 335 828 beneficiique
362 747 585 831 participatione
614 757 764 825 traxerat,
798 767 856 810 non
880 744 939 808 iam
965 745 1001 808 ad
1026 744 1133 807 mentis
1155 763 1227 808 suae

70 847 279 932 praescriptum
305 848 393 911 uitam
416 848 560 933 dirigebat
579 869 680 927 snam,
715 849 768 912 sed
787 847 945 912 excellenti
963 851 1085 932 quodam
1106 857 1228 911 naturae

69 947 202 1012 instituto
225 950 370 1034 ductuque
388 947 499 1016 Christi
522 961 620 1014 mente
639 951 796 1035 insignitus
815 963 844 1013 et
862 961 984 1014 ornatus
1003 961 1085 1028 erat,
1119 959 1227 1034 quanto

71 1049 162 1135 magis
178 1051 225 1114 dei
242 1052 383 1132 remum,
408 1054 484 1136 qnod
502 1053 532 1116 in
550 1073 618 1117 sese
634 1053 845 1138 perlectionem
860 1073 977 1116 omnem
995 1053 1143 1131 continet,
1168 1052 1227 1115 imo

70 1152 131 1238 ipsa
148 1153 370 1250 perlectio'est,
394 1156 527 1242 ipseper
544 1175 611 1219 sese
633 1157 724 1233 deus,
749 1155 842 1220 virtus
861 1156 940 1240 ipsa,
970 1175 1054 1218 mens
1069 1156 1152 1240 ipsa,
1184 1154 1228 1219 lu·

71 1275 137 1318 men
153 1255 267 1341 ipsum,
292 1267 420 1322 mentem
436 1279 470 1322 ao
487 1269 577 1322 totum
597 1277 703 1343 corpus
719 1256 893 1342 complevit,
918 1257 965 1320 vel
981 1258 1104 1341 perfecit
1117 1257 1225 1343 potins,

71 1369 99 1420 et
116 1379 172 1422 ana
189 1359 274 1423 nobis
296 1359 501 1424 incarnatione
525 1359 698 1424 cumulatam
717 1359 797 1423 omni
816 1380 856 1424 ex
871 1369 953 1445 parte
968 1359 1093 1424 salntem
1112 1360 1228 1424 attulit?

69 1458 124 1524 Est
139 1459 232 1546 igitur
245 1461 361 1525 illorum
378 1461 436 1526 isto
449 1482 549 1526 sermo
565 1461 774 1548 repudiandus,
798 1462 846 1547 qni
864 1461 970 1525 nnllam
990 1461 1134 1545 dogmatis
1151 1462 1228 1526 illins

70 1563 313 1647 significationem
328 1563 434 1645 habet,
467 1565 689 1648 cavendumque
713 1586 750 1628 ne
775 1585 834 1628 non
857 1566 955 1628 omnia
972 1566 1002 1629 in
1023 1561 1144 1630 Christo
1162 1585 1228 1650 per·

69 1667 166 1747 lecta,
199 1677 502 1753 praeterpeocatnm,
535 1687 715 1732 asseramus.
760 1664 910 1752 Siquidem
929 1668 1057 1732 divinum
1074 1667 1143 1732 illud
1160 1687 1228 1731 ver-

70 1767 136 1832 bnm
156 1768 254 1832 omnia
277 1788 310 1833 re
334 1770 398 1854 ipsa
419 1770 583 1855 praestitit,
616 1781 646 1833 et
672 1790 746 1855 quae
764 1770 801 1834 de
819 1790 853 1834 se
877 1769 941 1855 ipso
965 1769 1013 1834 din
1032 1782 1100 1834 ante
1121 1771 1229 1856 scripta

70 1871 189 1934 inerant
201 1870 348 1955 impleuit,
373 1871 413 1935 uti
432 1891 548 1936 sacrum
563 1872 631 1936 illud
650 1872 819 1936 vaticinium
838 1873 1033 1953 demonstrat,
1055 1877 1131 1935 Ecce
1145 1877 1227 1953 otigo
1240 1885 1368 1944 aratam.

69 1977 208 2054 marrpr'et
229 1983 288 2036 etc.
341 1970 418 2036 Tum
447 1995 520 2037 vero
545 1995 577 2038 rc
602 1974 684 2060 ipsa,
718 1995 776 2037 non
804 1975 904 2059 specie
929 1987 1015 2040 tenus
1036 1986 1170 2060 gestatus
1199 1976 1228 2039 iu
1378 1981 1384 1990 '

70 2087 174 2155 utero,
199 2075 228 2139 in
245 2095 302 2159 quo
318 2085 349 2138 et
365 2095 471 2140 revera
487 2075 605 2160 genitus
621 2088 704 2156 erat,
728 2078 888 2140 secundum
904 2099 979 2162 quae
996 2098 1067 2142 vere
1083 2079 1162 2142 inter
1177 2078 1228 2140 ho·

69 2178 165 2242 micres
179 2198 245 2240 cnm
262 2197 352 2240 carne
368 2189 502 2242 versatus
519 2190 576 2257 est,
602 2199 732 2260 carnem,
749 2179 873 2244 animam
890 2200 925 2244 ao
940 2189 1080 2258 mentem,
1105 2189 1135 2242 et
1148 2180 1229 2262 quic·

69 2281 136 2365 qnid
159 2279 236 2344 aliud
254 2277 341 2343 homo
358 2291 421 2360 est,
454 2291 571 2367 praeter
589 2293 758 2367 peecatum,
789 2282 901 2346 insese
918 2283 1102 2367 complexus.
1148 2279 1228 2344 ldem

70 2404 107 2447 ex
124 2381 252 2468 virginis
269 2393 374 2461 utero,
406 2395 648 2462 sancrosancta,
679 2383 816 2468 inquam,
847 2385 981 2470 virgine,
1011 2405 1070 2449 non
1094 2405 1134 2449 ex
1150 2383 1229 2448 virili
1317 2381 1321 2390 '

69 2496 152 2566 satu,
179 2507 283 2552 revera
305 2489 434 2574 genitus.
481 2483 559 2570 Qui,
591 2498 622 2550 nt
645 2487 724 2568 dixi,
755 2508 863 2566 carne,
895 2489 992 2551 anima
1016 2499 1046 2552 et
1071 2497 1170 2552 merite
1195 2507 1228 2550 re

69 2588 131 2674 ipsa
155 2601 315 2669 constans,
347 2611 401 2675 per
427 2589 576 2653 naturales
598 2591 821 2675 parturientium
844 2601 957 2654 meatus
982 2611 1086 2655 revera
1109 2591 1228 2674 prodiit,

69 2702 97 2754 et
120 2692 152 2754 in
178 2693 311 2778 praesepi
335 2692 435 2756 lasciis
457 2691 630 2775 obvolutus,
663 2715 680 2756 a
702 2691 798 2758 Maria
822 2703 971 2778 gestatus,
1009 2703 1075 2778 post
1103 2693 1176 2756 haoc
1198 2691 1228 2755 in

70 2795 239 2880 Aegyptum
255 2795 438 2859 descendens
462 2795 588 2859 indidem
614 2806 780 2882 reportatus
795 2806 859 2878 est3
893 2797 997 2861 deinde
1014 2794 1160 2859 Nazareti
1179 2795 1229 2859 de·

68 2917 160 2981 gens,
194 2907 280 2982 atque
309 2897 376 2961 hinc
402 2898 438 2960 ad
457 2894 609 2962 iordanem
628 2900 790 2978 accedeus,
822 2897 970 2964 aloanne
991 2897 1175 2984 baptizatus,
1200 2907 1230 2961 et

69 2985 202 3065 tentatus
218 3021 235 3064 a
251 2999 396 3079 idiabolo,
429 3021 501 3064 vere
521 3000 578 3063 sibi
600 3002 758 3088 discipulos
777 3001 917 3080 adscivit,
949 3023 984 3066 ac
1009 3001 1157 3064 coelorum
1182 3020 1230 3062 re·

68 3125 159 3186 gnum
176 3100 350 3167 denuntiare
368 3102 482 3187 coepit,
515 3105 753 3187 quemadmodum
773 3115 803 3167 ct
818 3104 875 3168 alia
892 3103 990 3168 omnia
1008 3103 1138 3190 reipsa,
1170 3122 1229 3166 non

68 3206 135 3269 ficte
151 3207 294 3292 suscepit.
341 3201 432 3270 Velut
445 3227 510 3269 cunr
526 3217 557 3270 et
569 3227 586 3270 a
600 3203 669 3270 luda
684 3206 815 3292 proditus
829 3218 860 3270 et
874 3227 891 3270 a
906 3204 1023 3271 ludaeis
1037 3205 1230 3290 comprehen-

67 3329 138 3388 ιιι,
164 3308 278 3374 oblatus
295 3307 402 3373 Pontio
420 3305 528 3387 Pilato,
553 3319 583 3372 et
599 3307 635 3371 ab
654 3330 691 3372 eo
707 3321 802 3374 morte
817 3311 971 3374 damnatos
989 3322 1076 3394 atque
1091 3311 1121 3373 in
1141 3327 1230 3372 cruce

67 3413 195 3477 suffixus
212 3424 269 3478 eat.
315 3411 442 3476 Perinde
468 3410 546 3474 bona
569 3421 599 3474 et
620 3412 689 3475 illud
708 3411 874 3493 fidedixit,
905 3417 996 3489 Sr'tr'o,
1020 3413 1227 3477 dctemcltu'br'·
1269 3437 1348 3485 town

67 3516 152 3592 tere,
190 3528 220 3580 et
244 3516 320 3599 qnod
339 3516 467 3578 oblatum
492 3526 555 3578 erat
571 3526 686 3610 acetum
703 3537 769 3579 cum
791 3516 857 3580 lello
876 3517 970 3602 cepit,
1002 3538 1036 3581 ac
1050 3514 1228 3600 degustavit,
1269 3491 1344 3549 Μ

67 3639 166 3704 neque
183 3617 336 3703 quicquam
363 3627 447 3702 potus
468 3618 592 3703 amplius
608 3618 734 3681 admisit.
782 3615 842 3682 Sed
861 3630 891 3681 et
906 3621 1011 3683 affixus
1024 3619 1105 3682 cruci
1123 3637 1229 3681 revera

68 3719 111 3786 sic
125 3721 318 3799 exclamavit,
342 3724 402 3796 Eli,
427 3725 486 3796 Eli,
510 3723 785 3784 lammasabactani:
810 3721 896 3799 inde,
919 3735 1006 3804 eaput
1020 3725 1161 3784 auctuum
1176 3743 1227 3781 ea·
1260 3728 1345 3827 {Q

67 3829 200 3906 parant.
249 3821 328 3887 Tum
352 3822 482 3888 eiusdem
499 3844 605 3910 corpus
631 3845 702 3889 vere
721 3826 757 3888 de
774 3845 862 3888 cruce
880 3827 1059 3902 detractum,
1094 3823 1227 3887 manibus
1291 3813 1299 3839 ’

69 3937 307 4007 contrectatum,
330 3948 346 3990 a
364 3924 488 4012 losepho
507 3926 603 3991 linteis
619 3927 781 3991 involutum
799 3939 829 3991 et
843 3927 874 3991 in
890 3938 1107 3992 monumentum
1123 3945 1230 3989 revera

69 4029 252 4115 depositum,
285 4028 331 4092 cui
350 4029 423 4113 lapis
445 4029 481 4091 ad
504 4030 724 4094 custodiendum
749 4031 891 4094 obductus
911 4040 968 4094 est.
1014 4025 1182 4112 Quinetiam
1202 4039 1232 4092 et

70 4132 104 4195 ad
123 4133 239 4196 inlesos
262 4132 353 4216 ipsius
370 4131 507 4196 divinitas
525 4154 590 4196 cum
609 4135 705 4197 anima
722 4133 890 4210 deseendit,
923 4153 1050 4217 eosque,
1076 4130 1123 4216 qni
1140 4130 1232 4195 vincti

68 4235 130 4298 illic
145 4233 364 4314 attinebantur,
395 4235 425 4298 vi
447 4255 501 4299 sua
522 4257 558 4299 ac
581 4237 710 4322 potentia
733 4237 887 4316 liberavit,
922 4247 980 4299 tum
1004 4234 1081 4298 idem
1101 4233 1148 4298 dei
1164 4255 1233 4298 ver-

69 4337 138 4402 bum
166 4359 230 4402 cnm
253 4336 351 4402 anima
376 4359 429 4402 sua
450 4338 638 4404 sanctissima
662 4361 777 4404 sursum
801 4360 975 4425 emergens,
1000 4349 1031 4402 et
1050 4337 1232 4424 captivorum

102 4475 129 4528 8.
148 4474 347 4543 acherontinum
362 4477 454 4538 pluent
470 4479 570 4530 Pctaott
704 4475 729 4530 9.
748 4475 821 4544 λόγος
838 4479 902 4530 otest
917 4493 933 4527 o
949 4479 1001 4530 cod.
1019 4478 1117 4542 ltdedtp.
