3082 5006
327 278 467 333 PbNdel
483 278 547 331 ΜΒ.
560 280 603 332 lll.
620 279 702 334 TOM.
716 281 737 332 l.
753 278 853 332 ttsEu.
868 280 963 332 uxttt.
1187 268 1226 330 ¹ss

77 412 103 468 et
121 399 308 481 coelestium,
340 421 415 486 quac
438 420 578 464 sermone
597 399 738 486 explicari
762 411 927 486 nequeunt,
952 398 1113 464 dimensor.
1159 395 1230 464 Fuit

77 505 119 570 bic
133 516 262 591 pmmpta
279 505 315 569 ad
333 504 509 589 loquendum
527 524 562 568 ac
578 504 697 567 volubili
713 504 825 588 lingua,
849 505 923 568 adeo
941 514 972 566 ot
986 505 1143 589 plerosque
1160 523 1228 567 ver·

76 608 170 672 boram
193 609 256 692 ipsa
279 606 518 693 pronuntiatione
541 617 572 670 et
601 605 716 671 dicendi
739 607 892 672 celeritate
914 607 942 670 iu
976 607 1107 672 lraodem
1128 615 1229 690 posset

75 712 231 797 inpellere.
277 708 375 795 Saepe
403 710 481 774 onim
497 732 515 773 a
534 709 632 775 rnrrdtis
655 711 797 775 refutatus
818 720 883 788 cst,
916 720 982 796 post
998 709 1074 774 illam
1094 709 1138 773 soi
1160 729 1228 795 pur·

74 814 214 896 gationem
238 833 323 898 quam
338 812 367 877 in
387 809 559 887 Sardiceosi
576 814 691 898 synodo
704 812 849 897 suscepit,
881 834 945 877 cum
963 812 998 876 ab
1017 812 1161 898 episcopis
1179 832 1229 896 pc-

75 916 189 980 stilerae
209 919 378 995 doctrinae,
404 937 489 1000 quam
505 926 716 1001 proposuerat,
747 915 890 979 rationem
909 915 1032 980 reddere
1050 926 1097 979 cst
1115 915 1226 978 iussos.

75 1016 183 1084 Etenim
202 1017 410 1084 Constantium
428 1018 635 1104 imperatorem
653 1019 774 1094 adiens,
805 1027 941 1104 tanquam
961 1019 1060 1102 inique
1077 1018 1229 1102 depositus

76 1134 162 1202 esset,
195 1143 306 1188 causae
329 1143 401 1186 suae
428 1121 540 1185 iudices
563 1142 598 1186 ac
622 1121 836 1204 disceptatores
859 1121 957 1204 petiit,
989 1120 1093 1206 quibos
1121 1124 1229 1184 trustra

75 1225 122 1290 sibi
137 1226 309 1311 abrogatum
334 1245 402 1289 esse
421 1224 618 1288 sacerdotium
638 1225 787 1307 probaret.
834 1219 882 1288 tlt
898 1224 924 1288 id
944 1223 1105 1310 imperator
1117 1222 1229 1288 indices

77 1328 162 1407 misit,
198 1329 275 1415 apod
302 1349 376 1412 quos
402 1327 602 1392 illaoaussata
626 1336 746 1411 ageret,
778 1323 966 1390 Thalassium
992 1338 1024 1391 et
1056 1325 1227 1406 Datiaonm,

77 1427 257 1511 Cerealium,
299 1429 450 1507 Taurum,
490 1427 713 1508 Mareellinam,
749 1427 943 1510 Evantbium,
978 1426 1166 1516 Olympiam,
1200 1438 1231 1494 el

76 1529 244 1614 Leontium,
269 1535 425 1619 datumque
449 1530 559 1598 basilio
576 1534 739 1618 Ancyrano
755 1532 925 1616 negotium,
957 1543 988 1598 ut
1003 1533 1083 1598 illam
1102 1534 1231 1598 interro·

75 1647 163 1719 garet,
187 1647 218 1700 et
235 1657 311 1722 quae
328 1636 364 1700 ab
382 1657 419 1700 ro
435 1647 632 1722 purgarentur
647 1646 698 1700 aut
713 1635 939 1700 admitterentur
953 1637 1115 1700 relelleret.
1161 1633 1232 1700 Fuit

78 1760 139 1802 rerc
156 1739 234 1804 baud
256 1739 413 1804 mediocris
432 1739 482 1802 illa
506 1761 571 1802 com
588 1735 702 1802 basilio
725 1748 862 1824 suscepta
881 1739 1051 1823 disputatio.
1097 1737 1156 1804 Sed
1178 1759 1231 1803 ue·

77 1843 226 1926 quissimae
243 1841 433 1908 mulierculae
446 1863 540 1921 more,
558 1862 633 1926 qttae
649 1842 723 1906 locis
737 1842 865 1907 colorem
883 1841 1040 1922 adulterat,
1065 1842 1231 1906 sententias

78 1942 101 2006 in
114 1945 289 2030 disputando
304 1945 460 2010 nonnullas
474 1944 636 2025 inliciebat,
661 1965 733 2029 quas
749 1966 766 2008 a
781 1965 872 2010 setoso
887 1944 1020 2010 veritatis
1036 1945 1230 2010 abhorrentes

77 2045 227 2132 depravata
244 2069 298 2114 sou
314 2047 508 2134 intelligentia
524 2059 708 2133 corruperat.
755 2044 815 2112 Sed
835 2048 982 2112 sermonis
1002 2049 1171 2126 calliditate,
1196 2070 1230 2113 ac

78 2147 204 2234 loquendi
229 2152 371 2216 facilitate
393 2153 429 2215 ad
453 2151 498 2214 sui
522 2152 746 2236 auditorumque
771 2151 972 2236 deceptionem
996 2151 1164 2236 curnprimie
1186 2151 1232 2216 iu·

78 2263 215 2332 structus,
250 2255 338 2318 etiam
356 2255 425 2318 illud
447 2253 560 2317 iactare
575 2266 750 2338 arroganter
768 2275 857 2320 ausos
877 2264 939 2332 est,
969 2264 1086 2318 acutam
1107 2275 1141 2318 se
1157 2253 1232 2318 suri·

79 2365 170 2438 ptorae
196 2357 376 2422 testimoniis
397 2357 565 2443 opinionem
592 2377 674 2421 suam
700 2378 768 2422 esse
796 2357 997 2443 probaturum.
1041 2353 1129 2420 Multi
1153 2355 1231 2422 enim
1312 2346 1316 2354 ¹

81 2461 212 2524 adversos
228 2461 309 2525 illum
325 2459 356 2524 in
371 2473 521 2524 certamen
538 2460 766 2541 descenderunt,
786 2471 817 2524 ut
832 2461 861 2524 in
879 2459 953 2524 actis
969 2459 1135 2525 collationis
1154 2459 1232 2525 illius

81 2581 134 2624 cum
149 2559 263 2626 llasilio
280 2563 462 2648 reperimus,
495 2583 602 2647 qoaea
622 2563 744 2627 notariis
764 2575 888 2649 excepta
908 2574 970 2641 est,
1004 2561 1121 2648 Artysio
1140 2562 1232 2646 impe·

81 2666 176 2728 ratoris
189 2665 346 2743 orianistro,
370 2675 401 2728 ct
418 2661 577 2730 Callicrate
593 2675 755 2751 exceptore
773 2665 874 2731 ttonm
894 2664 1053 2753 praelecti,
1078 2662 1230 2752 Olympio,

80 2761 194 2844 Nicetes,
220 2765 352 2844 Basilio,
377 2768 425 2852 qui
443 2776 529 2831 erant
544 2789 561 2830 e
578 2768 735 2846 memoria,
761 2767 915 2855 Eutyche,
949 2779 978 2832 et
997 2768 1154 2834 Theodolo
1173 2767 1231 2833 Ba·

81 2867 127 2930 rilii
143 2869 278 2934 notoriis.
325 2866 441 2953 Quibus
456 2871 592 2934 omnibns
608 2870 779 2957 perscriptis
799 2883 895 2937 tonnus
911 2893 986 2936 uaros
1004 2872 1175 2957 obsignatus
1195 2873 1232 2936 ad

82 2969 275 3056 imperatorem
301 2970 531 3038 Constantinum
554 2972 660 3038 missus
686 2985 748 3052 est,
781 2974 856 3039 alius
881 2995 972 3061 penes
990 2977 1151 3062 synodum,
1184 2976 1231 3040 cui

82 3068 198 3140 Basilius
231 3077 394 3155 intererat,
436 3075 595 3154 remansit,
638 3076 755 3140 tertium
787 3077 908 3163 perinde
939 3077 1124 3163 obsignatam
1154 3079 1229 3162 opud

83 3195 109 3238 se
131 3181 251 3244 comites
280 3180 461 3257 babuerunt,
496 3179 544 3243 ubi
570 3189 630 3243 totu
653 3179 730 3244 illios
755 3181 899 3266 dogmatis
924 3181 1072 3268 expositio
1096 3181 1230 3247 contine·

83 3276 165 3346 batur.

155 3381 249 3450 Porro
272 3406 338 3448 cum
361 3386 397 3449 de
422 3385 471 3448 illo
494 3381 863 3464 basiliusaoiscitaretor,
899 3387 1043 3469 quomodo
1067 3387 1232 3470 scripturae
1258 3391 1318 3461 esp.
1335 3394 1366 3445 ll·

83 3505 171 3552 sacrae
193 3489 229 3552 de
255 3486 374 3553 domiuo
397 3509 432 3553 ac
450 3489 506 3552 deo
524 3486 616 3551 verbo
635 3487 792 3564 docerent,
824 3499 893 3552 ante
913 3490 1010 3554 omnia
1029 3491 1146 3555 saecula
1167 3490 1230 3553 oni·
1243 3507 1372 3566 temnat.

84 3589 196 3670 genitum
223 3591 316 3671 illam,
347 3600 377 3654 el
403 3601 569 3676 compatre
593 3589 703 3669 luisse,
734 3587 879 3656 Photinus
898 3592 1026 3656 adbibita
1043 3593 1231 3658 distinctione

86 3688 117 3752 ita
132 3696 203 3777 qood
222 3695 373 3759 dicebatur
391 3694 545 3780 probabat,
570 3693 674 3779 partim
692 3703 723 3756 ot
738 3695 774 3757 ad
794 3690 964 3773 Cbristum,
989 3697 1093 3781 partim
1109 3695 1145 3760 ad
1164 3715 1232 3759 ver·

87 3864 232 3928 mumadlmc
249 3867 285 3916 ed.
303 3869 383 3918 Petua-
414 3865 575 3932 μεμοραρῑοις
593 3881 633 3916 aa·
669 3865 781 3916 Pctoutus
803 3869 853 3918 loco
868 3869 1052 3919 succurrendum
1069 3881 1116 3918 esse
1139 3869 1233 3929 potavit

86 3933 145 3988 tplcta
160 3935 251 3984 ratam
263 3940 321 3983 erat.
340 3932 510 4000 μιμοριαλίοις
523 3937 633 3984 emendo·
666 3936 771 3982 restituto
783 3927 846 3988 daeo
860 3951 904 3998 pra
920 3931 972 4000 (ἃς,
988 3943 1009 3987 et
1022 3942 1069 3986 tato
1082 3947 1157 3998 poene
1171 3937 1233 3985 coeto

86 4000 113 4044 til
125 4001 200 4052 Frons.
217 4005 325 4054 Francus
349 4005 508 4068 (satanacam)
530 4005 556 4052 la
571 4004 633 4052 Con·
666 4004 801 4065 obcrroctt,
817 4017 871 4054 com
882 4010 963 4066 notem
979 4007 1109 4066 certabas,
1127 4006 1232 4066 Epipbc-

88 4065 247 4122 lot-tammo.
259 4072 353 4120 Antonii
364 4073 473 4120 Cerccetia‘
484 4087 507 4131 p.
518 4073 558 4119 aa.
576 4071 633 4120 ltcm
666 4072 732 4120 nium
748 4073 807 4120 adbit
826 4075 894 4122 atiud
917 4075 1017 4123 uotratsae
1039 4085 1111 4135 quom
1126 4077 1232 4122 ortorum

88 4131 117 4180 dt
131 4137 241 4200 coaptas,
266 4153 335 4201 qoem
359 4153 381 4188 o.
401 4142 427 4188 ln
451 4140 577 4188 Glcasctiit
599 4141 633 4189 od
667 4143 856 4189 lmraumtcrtlum
871 4144 985 4191 mansisse
998 4141 1177 4203 opoatcomttm,
1190 4153 1232 4204 pe·

89 4199 166 4264 Sapo.
181 4208 241 4256 llud.
258 4212 279 4256 et
294 4208 340 4269 lud.
355 4209 494 4257 Graecitatis
506 4211 527 4257 el
540 4207 633 4258 bullat·
666 4207 734 4256 mode
747 4209 893 4268 obsignatum
903 4215 972 4272 utque
982 4210 1058 4270 impia
1071 4209 1164 4258 Pbottm'
1174 4224 1231 4272 pao

90 4271 160 4322 tultae
176 4289 197 4324 a.
668 4288 711 4337 pue
726 4276 844 4337 ommate
864 4279 993 4327 Carnarius
1006 4280 1072 4327 uertit
1089 4287 1163 4344 prout
1177 4278 1232 4344 ipsc

117 4339 148 4390 l'd.
164 4341 285 4409 βασιλέως
297 4346 432 4402 suspicatae
448 4350 481 4394 cst
497 4345 617 4396 Ptlttvt'tts.
668 4359 699 4392 ex
715 4343 840 4393 scatentis
856 4359 900 4394 sca
919 4342 1100 4410 pronuntiarat.

119 4403 150 4484 ll·
165 4411 228 4462 Libri
243 4416 314 4476 uulgo
332 4411 526 4478 ummmetop.
705 4409 764 4460 Cae.
781 4411 811 4460 tt.
826 4439 860 4452 -
895 4414 918 4464 l.
935 4416 1117 4467 llercrlbeadum
1139 4416 1232 4468 otdeoa

118 4471 151 4524 ¹³·
187 4479 352 4547 βεβηλωμένα
366 4483 538 4532 decondectoro
551 4485 635 4545 κῆρε(
666 4475 764 4536 Ὁπότε
780 4474 840 4550 γὰρ.
1317 4479 1319 4484 '

90 4551 124 4597 tw
185 4547 349 4614 malampnum
362 4553 509 4613 uulpoectut
523 4553 634 4604 taltorta.
