3068 5008
502 263 827 319 annoseuanaaosrs.
1179 246 1241 310 ιιι

82 387 217 474 privatim
234 389 337 460 eodem
355 409 411 472 quc
430 385 529 452 ludaei
551 396 684 470 tempore
704 383 868 448 celebrant.
917 379 971 444 list
988 391 1017 444 et
1036 380 1171 464 quiddam
1192 401 1241 464 pa-

82 489 191 554 culiare
211 490 300 575 ipsis,
327 492 400 574 quod
418 489 578 553 defenduut
595 508 706 550 summa
727 483 927 550 contentione.
975 479 1090 568 Quippe
1108 484 1183 568 qnod
1204 482 1240 546 ad

79 592 236 676 imaginem
260 593 399 678 scriptum
424 604 470 656 est
492 591 593 656 durius
615 589 860 673 interpretantur.

165 692 346 759 Photiniani.
391 693 536 759 Photinus
553 693 608 756 isle
627 691 736 756 Sirmio
751 691 893 754 oriundus
909 689 944 754 ad
961 688 1132 754 hodiernum
1150 707 1241 772 usque

3 859 4 864 ,
80 809 194 882 tempus
219 810 385 883 supererat.
432 794 491 881 Qui
511 795 626 879 quidem
645 795 747 858 eadem
765 815 830 856 cum
850 789 940 856 l'aulo
958 790 1155 856 samosateno
1174 809 1243 852 sen-

3 885 4 892 *
79 899 127 962 tit.
172 897 323 964 Nonnulla
339 909 409 962 ιιιιιι
426 909 523 962 tamen
540 897 569 962 in
586 897 691 981 quibus
706 897 741 958 nb
759 897 861 958 eodem
877 893 1011 960 dissidet.
1058 889 1243 958 llemellla·

79 1003 124 1066 ria
149 999 298 1066 Christum
322 1001 435 1065 initium
460 999 575 1085 penitus
598 999 750 1084 accepisse
774 1008 865 1083 putat.

165 1099 363 1170 Marcelliani.
410 1103 524 1168 llorum
539 1100 701 1166 Marcellus
718 1111 821 1164 auctor
836 1101 952 1177 estitit,
977 1100 1118 1185 Ancyrae
1134 1098 1163 1160 in
1180 1095 1241 1162 Ga·

78 1208 151 1271 latia
169 1210 336 1293 episcopus.
384 1203 442 1288 Qui
467 1228 531 1268 cum
553 1204 637 1268 initio
661 1225 712 1288 pro
731 1201 901 1268 Sabelliano
925 1201 1071 1268 communi
1089 1205 1164 1267 lama
1185 1211 1242 1264 tra·

77 1311 185 1374 ductus
205 1321 302 1388 esset,
326 1309 455 1395 seipsum
473 1311 560 1370 ctiam
576 1307 686 1392 scripto
705 1326 919 1390 saepenumero
939 1315 1112 1390 purgasset,
1143 1327 1159 1366 ιι
1180 1305 1238 1389 ple-

77 1413 180 1497 risque
197 1421 295 1476 tamen
315 1411 457 1476 creditum
475 1421 519 1474 est
538 1410 573 1474 ad
592 1410 709 1473 easdeur
728 1408 822 1492 ipsum
840 1407 994 1492 opiniones
1012 1408 1237 1472 adhaerescere.

76 1511 164 1578 Fieri
182 1525 278 1600 potest
297 1526 328 1578 ιιι
344 1515 391 1578 vel
413 1514 476 1598 ipse
502 1522 612 1576 ructata
637 1511 785 1576 sententia
810 1511 961 1574 meliorem
980 1511 1014 1576 ad
1032 1520 1158 1576 merrtem
1174 1529 1241 1574 sese

76 1616 285 1696 revocaverit,
320 1617 367 1680 vel
393 1615 456 1678 eins
483 1615 628 1700 discipuli.
674 1610 751 1678 Nam
770 1634 822 1696 pro
847 1614 978 1697 tetrisque
996 1612 1154 1677 orthodoxi
1179 1612 1241 1696 qui·

77 1721 146 1782 dam
170 1739 237 1782 sese
259 1719 434 1782 defensores
457 1717 708 1802 interposuerunt.

167 1819 356 1886 semiariani.
403 1815 554 1886 Christum
578 1817 620 1880 illi
646 1829 810 1882 creaturam
836 1839 904 1882 esse
927 1817 1044 1897 dicunt,
1076 1818 1127 1881 sed
1153 1818 1243 1882 cavil-

75 1926 168 1990 lando
187 1934 283 1988 tamen
299 1935 409 2008 uegant
423 1934 589 1986 ceterarum
607 1931 808 1984 creaturarum
827 1939 894 1984 esse
909 1921 1046 1997 similem,
1069 1921 1120 1984 sed
1141 1920 1241 1999 hlium,

75 2025 233 2111 inquiunt,
264 2025 342 2090 illurn
362 2025 504 2099 dicimus,
539 2043 639 2086 rerunt
660 2043 696 2086 ne
720 2043 760 2085 ex
777 2023 969 2106 generatione
990 2023 1052 2108 ipsa
1073 2023 1130 2086 ulla
1145 2023 1173 2086 iu
1193 2045 1243 2107 pa·

76 2141 157 2194 trem
175 2128 292 2195 affectio
312 2127 479 2203 derivetur,
505 2126 629 2188 eundem
648 2135 778 2188 creatum
799 2126 984 2188 eonfitemur.
1031 2123 1121 2188 lidem
1137 2137 1167 2188 et
1184 2126 1241 2208 spi·

76 2233 171 2296 ritum
189 2243 321 2296 sanctum
339 2229 459 2294 omuino
477 2238 642 2291 creaturam
660 2247 726 2292 esse
745 2227 904 2304 deliniunt,
929 2247 1052 2313 eumque
1070 2220 1241 2307 ipocaicmv,

76 2335 108 2399 id
130 2346 178 2397 est
199 2331 477 2396 consubstantialem
503 2329 675 2414 repudient,
708 2322 899 2408 o‘pomaiomr,
930 2329 985 2392 hoc
1010 2339 1057 2392 est
1078 2330 1241 2394 substantia

76 2435 207 2502 slmilem
231 2435 396 2500 admittunt.
444 2429 530 2516 Quod
555 2433 648 2516 ipsum
673 2440 770 2496 tamen
800 2432 915 2516 quidam
946 2453 985 2496 ex
1006 2430 1065 2497 illis
1087 2445 1240 2518 respuunt.

167 2536 437 2601 Pneumatomachi.
486 2531 531 2600 be
555 2531 676 2598 Christo
701 2535 748 2598 isti
775 2555 833 2598 noo
856 2535 931 2598 male
955 2535 1104 2613 sentiunt,
1137 2535 1242 2600 sedin

74 2641 215 2726 spiritum
239 2650 372 2704 sanctum
399 2637 593 2702 contumelias
615 2635 742 2714 iaciunt,
775 2659 839 2701 curn
863 2648 893 2700 et
910 2651 1040 2702 creatum
1057 2649 1241 2718 asseverent,

76 2755 113 2810 ct
129 2765 147 2804 a
165 2742 317 2805 divinitate
338 2739 491 2818 reiiciant,
526 2740 676 2806 imovero
700 2737 842 2804 abusione
870 2741 992 2824 quadam
1017 2741 1099 2804 vocis
1125 2752 1244 2827 propter

74 2843 228 2910 actionem
245 2843 339 2928 ipsam
356 2855 486 2906 creatum
504 2863 570 2908 esse
588 2842 697 2920 dicant,
723 2863 778 2905 nec
793 2841 952 2906 aliudesse
967 2844 1132 2930 quicquam,
1158 2865 1242 2930 praa·

75 2947 211 3012 terrim
234 2947 448 3011 sanctificandi.

168 3049 302 3112 A'e'riani.
348 3047 458 3112 Atrius
474 3069 490 3110 e
505 3045 601 3112 Ponto
617 3047 758 3112 oriundus
774 3047 917 3132 hodieque
935 3069 1038 3134 magua
1055 3049 1172 3114 humaui
1189 3074 1241 3137 ge·

73 3150 165 3218 ueris
197 3151 361 3216 calamitate
391 3160 538 3235 superest.
590 3145 703 3214 Fuerat
733 3150 800 3214 olim
832 3149 979 3214 Eustatbii
1011 3153 1159 3238 episcopi,
1192 3155 1240 3240 qui

74 3253 190 3320 Ariani
218 3254 329 3318 erroris
352 3252 538 3316 insimulatus
564 3273 598 3314 ac
621 3252 769 3337 depositus
795 3263 858 3330 est,
890 3252 1061 3338 presbyten
1094 3257 1142 3340 qui
1164 3258 1240 3340 quod

74 3356 240 3442 episcopus
259 3377 312 3440 pro
332 3353 488 3418 Eustathio
507 3364 623 3418 creatus
643 3376 701 3418 non
723 3365 819 3434 esset,
851 3356 939 3422 multa
959 3358 1102 3422 adversus
1119 3358 1241 3424 catholi-

74 3481 146 3524 cam
172 3457 326 3522 eeclesiam
353 3458 487 3541 dogmata
514 3466 696 3520 commentus
722 3467 778 3520 est.
825 3458 890 3536 Ac,
920 3460 997 3542 quod
1017 3459 1052 3524 ad
1070 3461 1152 3526 fidem
1173 3462 1240 3528 atti-

73 3573 149 3642 net,
181 3581 340 3646 germanus
367 3559 432 3623 trit
456 3570 587 3623 sectator
601 3566 659 3622 cst.
705 3555 765 3624 Sed
782 3561 905 3643 amplius
924 3562 1057 3644 quiddam
1076 3565 1238 3649 profitetur.

74 3661 258 3730 Oblationes
282 3684 334 3748 pro
359 3663 483 3726 mortuis
505 3683 563 3726 non
583 3681 650 3724 esse
670 3659 838 3740 iaciendas,
871 3662 979 3728 ieiunia
1003 3676 1123 3750 quartae
1150 3667 1240 3730 leriae

73 3779 111 3832 ct
130 3763 314 3829 Parasceuas
333 3787 368 3828 ac
385 3762 657 3848 Quadragesimae‚
683 3783 737 3825 nec
755 3785 813 3828 nou
830 3777 858 3828 ct
870 3763 1043 3845 Paschatis,
1074 3767 1239 3847 interdicit3

71 3889 186 3936 rerum
204 3869 332 3932 omnium
349 3866 597 3931 reumrtiatiuoem
613 3865 778 3949 praedicat,
812 3869 943 3932 carnium
964 3891 998 3932 ac
1016 3867 1185 3934 deliciarum
1204 3875 1239 3935 a'd
1332 3945 1334 3950 ,

72 3973 176 4038 vitam
194 3989 281 4034 omne
299 3991 393 4055 genus
413 3967 542 4032 adhibet.
588 3964 675 4051 Quod
700 3968 725 4034 si
742 3969 807 4052 quis
823 3981 1001 4034 sectatorum
1024 3991 1144 4036 suorum
1166 3973 1239 4040 ieiu-

113 4173 158 4230 76.
177 4172 201 4228 ci
216 4173 239 4227 οἱ
252 4176 321 4226 codd.
336 4188 393 4225 mss.
411 4177 432 4223 et
445 4175 499 4224 edit.
519 4177 594 4236 princ.
610 4176 646 4222 ut·
713 4173 753 4224 eu.
773 4167 834 4226 eriri
848 4175 915 4224 hahet
930 4177 1086 4226 summarium
1104 4177 1204 4230 Panorti
1217 4187 1239 4231 ct

69 4249 147 4298 stou.
678 4243 759 4292 loono.
777 4243 889 4294 Demeae.

114 4311 157 4365 77.
177 4305 254 4365 cericis
267 4309 363 4377 κτίσμα
379 4313 471 4362 invertit
485 4311 535 4360 cod.
546 4309 645 4374 llhedip.
712 4309 753 4360 81.
770 4311 881 4374 Suspicor
895 4311 940 4364 τοῦ
958 4308 993 4372 lu,
1028 4313 1065 4376 Cf.
1082 4319 1237 4368 summarium

114 4379 157 4432 itt
177 4381 242 4432 Libri
257 4383 367 4442 praebent
384 4381 453 4442 culpo
470 4371 610 4444 ἑμοοιῖσιοι.
680 4373 780 4428 Penlarii
794 4393 818 4440 p.
835 4375 891 4430 auu.

113 4445 156 4502 79.
174 4451 212 4501 tte
235 4449 402 4498 restituendum
423 4451 473 4496 erot
491 4461 520 4496 ec
538 4447 645 4498 Ponurio
711 4446 752 4497 tte.
769 4443 871 4511 τετράδι
893 4449 962 4500 codd.
984 4463 1040 4502 nass.
1059 4453 1148 4503 ιιιιιιι.
1160 4456 1238 4516 princ.

68 4523 97 4570 et
115 4517 205 4568 locam
219 4517 331 4566 vesamae.
365 4517 430 4564 Libri
443 4517 513 4578 uiclpo
528 4509 643 4581 incedebas
