3058 5014
322 343 384 408 25⁰
712 395 714 400 .
745 359 869 412 εειιοτι
886 359 1057 414 mama

323 473 433 552 δόσεως
457 472 594 542 ηαότόν
614 479 723 566 νομίση
749 474 946 562 δημιουργόν,
977 478 1029 542 καί
1046 477 1156 566 ἐκπέση
1172 484 1226 560 τῆς
1243 477 1396 559 ἀληθείας.
1440 479 1475 542 El

323 573 379 662 γολρ
395 579 444 642 καλ
460 576 602 658 ἐφύτευσε
620 584 690 644 Νῶε
709 577 849 661 ἄμπελον,
873 578 910 644 οὗ
927 580 1086 664 γέγραπται
1104 578 1151 645 ὅτε
1167 571 1204 662 ἦν
1221 575 1402 664 φυτουργὸς,
1423 575 1474 644 ἄλλ’

184 704 238 751 με·
250 691 295 739 ⁸⁴²·
323 681 436 764 ἐγένετο
452 677 528 764 α’νήρ
542 679 679 766 γεωργός.
700 679 824 764 Ἕτερος
840 680 896 766 γάρ
912 684 990 747 ἐστιν
1006 678 1074 747 ότοί
1091 679 1255 747 αόθεντικό
1272 684 1409 766 παρέχων
1421 691 1475 759 τοῖς

323 783 488 863 ἐσομένοις,
518 783 616 867 ίτερος
635 787 667 849 δέ
686 787 764 850 ἐστιν
780 781 799 850 ό
818 783 852 850 τό
872 781 948 850 είναι
970 782 1038 868 παρ’
1056 782 1149 850 αὐτοῦ
1173 782 1304 866 είληφῶς
1320 781 1476 868 ῶνθριιπος

321 887 372 949 καὶ
389 883 442 968 τήν
462 887 575 952 ἐκείνου
592 891 735 972 γεωργίαν
751 888 999 969 πεπιστευμένος,
1030 890 1081 954 ἵνα
1097 883 1182 968 δμὲν
1197 893 1312 976 γεωργῇ
1330 885 1368 950 τοί
1384 886 1475 953 ἐπιδό·

322 1009 395 1062 σεως
410 990 452 1064 είς
464 993 608 1054 τελείωσιν
624 988 809 1072 έπιδεόμενα,
832 986 850 1054 ό
863 990 896 1055 δὲ
912 987 967 1071 τήν
983 989 1146 1071 τελειότητα
1161 991 1283 1072 παρέχοι
1299 986 1350 1054 διδ
1362 995 1417 1072 τῆς
1429 987 1476 1054 αδ-

322 1098 376 1155 τοῦ
396 1090 558 1167 ἐπιδόσεως
574 1098 633 1156 τῶν
652 1088 703 1156 ὑπ’
720 1091 814 1157 αὐτοῦ
834 1093 1009 1175 έκτισμέυων
1032 1095 1083 1158 καί
1103 1090 1308 1166 Ηέπιδόσεως
1324 1093 1367 1167 είς
1380 1091 1476 1157 τελειό-

307 1199 393 1274 ’τητα
406 1192 623 1276 αὐξανομένων.
658 1193 705 1258 Ου’
709 1222 745 1260 τω
759 1196 809 1259 καλ
825 1196 873 1260 ἐπὶ
889 1201 948 1260 τῶν
962 1193 1046 1274 ζαέων
1060 1196 1111 1260 καί
1124 1195 1174 1261 ἐπί
1188 1201 1246 1260 τῶν
1260 1201 1419 1260 πετεινῶν·
1433 1193 1477 1259 οδ-

321 1320 363 1362 τω
380 1298 432 1361 καλ
446 1299 496 1362 έπί
513 1303 573 1362 τῶν
590 1303 706 1378 κτηνῶν
722 1298 773 1362 καὶ
784 1299 914 1381 έρπετῶν
929 1299 978 1362 καί
998 1299 1130 1364 ἐναλίων.
1176 1294 1281 1362 Πάντα
1300 1299 1331 1362 ἐν
1348 1294 1424 1384 όργή
1440 1297 1475 1360 τέ

321 1406 385 1464 λεια
402 1401 502 1486 γέγονε
518 1396 568 1465 διδ
583 1407 637 1464 τοῦ
652 1398 879 1482 προςτοίξαντος.
924 1399 1070 1482 Βουλήσει
1084 1400 1115 1465 δέ
1131 1404 1239 1480 σοφίας
1255 1406 1309 1464 νῦν
1321 1398 1478 1474 ἐπιδόσεως

323 1505 429 1580 δεῖται,
453 1501 501 1568 διαί
515 1499 569 1584 τήν
587 1507 641 1567 τοῦ
658 1503 708 1567 ἐπί
725 1509 779 1587 γῆς
795 1500 989 1580 δεσπόζοντος
1003 1501 1171 1590 δνθροόπου
1190 1499 1254 1568 κατ’
1269 1503 1391 1567 έννοιαν
1407 1499 1477 1582 ῶφέ·

322 1612 417 1684 λειαν,
448 1607 491 1680 είς
504 1603 538 1670 τό
549 1602 752 1691 ἐπιγινώσκειν
769 1601 821 1671 τόν
835 1602 936 1670 ἐπάνω
952 1602 1073 1670 πόντων
1087 1601 1177 1684 θεόν,
1207 1603 1261 1670 τόν
1275 1602 1407 1689 χορηγόν
1425 1609 1479 1668 τῶν

322 1715 528 1788 σπερματικῶν
542 1709 592 1772 καί
609 1713 661 1789 τής
679 1705 840 1783 ἐπιδόσεως
862 1713 923 1772 τῶν
937 1704 1089 1791 αόξήσεων
1115 1705 1188 1772 ὄντα
1201 1704 1276 1772 θεόν
1297 1708 1350 1772 καί
1369 1704 1477 1786 κόριον.
1517 1781 1518 1784 ¹

324 1807 438 1894 Διόπερ
457 1807 494 1874 τό
510 1810 563 1891 μέν
578 1807 642 1874 κατ’
659 1807 790 1895 οὐρανόν
804 1812 855 1874 καλ
872 1807 910 1874 οό
926 1808 976 1874 διδ
1000 1816 1106 1894 χειρῶν
1120 1805 1290 1894 όνθρῶπου
1306 1808 1479 1892 σπειρόμενα

321 1908 408 1991 ὄντα,
438 1914 486 1977 καί
505 1912 541 1978 οδ
562 1919 706 1997 γεννῶντα
723 1912 795 1978 οὗδέ
815 1911 999 1999 γεννῶμενα,
1032 1915 1127 1978 είασεν
1142 1909 1159 1977 ό
1175 1909 1249 1987 θεός
1259 1913 1297 1976 έν
1317 1910 1477 1991 τελειότητι
1517 1933 1518 1982 ι

325 2011 372 2078 Οό
385 2012 440 2100 γόρ
456 2016 633 2098 ἐνίσκηπτον
647 2021 684 2104 τή
696 2018 813 2103 διανοίᾳ
829 2022 884 2080 τοῦ
900 2013 1070 2100 εἰνθροόπου
1085 2017 1127 2090 είς
1141 2010 1304 2096 ἐπιβουλήν
1317 2014 1369 2078 καί
1384 2020 1477 2091 τῦφον
1517 2007 1518 2098 η

322 2121 502 2197 κενοδοξίας,
525 2115 567 2194 ῶς
579 2114 646 2184 οίον
662 2119 711 2183 ἐπί
727 2113 813 2200 ήλίου
827 2119 930 2197 εἰπεῖν,
952 2119 1004 2183 καί
1019 2116 1150 2200 σελήνης,
1173 2118 1223 2182 καὶ
1236 2113 1359 2200 ἄστρων.
1409 2113 1480 2180 Οόεε
1517 2101 1518 2168 ί

322 2218 377 2306 γόρ
395 2218 445 2285 διαί
461 2219 493 2286 τό
512 2228 673 2307 γεννᾶσθαι
688 2217 743 2302 τήν
760 2218 898 2304 σελήνην,
928 2218 1103 2303 ήφθίνειν,
1126 2218 1146 2302 ή
1166 2217 1282 2297 αὔξειν,
1313 2217 1479 2284 ἅλλοιοΐιταε
1517 2299 1518 2304 ¹

322 2319 375 2388 τόν
392 2323 519 2404 τρόπον,
547 2331 580 2372 ¹⁴
592 2320 663 2388 εἰλλθ
679 2320 728 2388 διό
743 2321 776 2389 τό
793 2330 907 2407 καιρῶν
920 2319 995 2388 είναι
1012 2322 1153 2388 σόστασιν
1167 2323 1218 2386 καί
1234 2324 1427 2406 ἐπιγορηγίαν
1442 2311 1480 2385 ῶν

321 2423 394 2502 θεός
408 2435 472 2502 τοῖς
494 2433 647 2512 φωστήρσι
666 2423 826 2503 διετάξατο.
873 2431 947 2502 Πῶς
966 2417 1021 2490 οὖν
1037 2423 1074 2490 τό
1091 2423 1244 2507 σωματικαὶ
1258 2421 1348 2501 θεός,
1378 2426 1433 2490 καὶ
1448 2419 1480 2485 τό
1517 2481 1518 2490 ,

321 2533 471 2607 φθίνοντα
493 2530 544 2592 καί
565 2526 602 2592 τό
623 2527 791 2608 φθινόμενα
813 2527 945 2611 θελήσας
965 2526 1062 2605 εὖθός
1082 2529 1175 2594 τέλεια
1194 2526 1368 2614 είργείσατο,
1401 2525 1437 2592 δν
1454 2525 1483 2589 δέ

321 2632 352 2707 ἐξ
371 2628 506 2696 Ι*αὐτοῦ
524 2631 696 2717 ἐγέννησεν,
726 2633 778 2696 ἕνα
793 2633 823 2709 ἐξ
842 2628 907 2706 ένός
922 2629 973 2696 τόν
988 2628 1061 2696 όντα
1077 2627 1123 2696 del
1138 2636 1316 2716 γεννητικῶς
1337 2627 1425 2714 παρὰ
1445 2633 1482 2713 τῷ
1517 2633 1518 2658 ³

321 2729 386 2799 όντι
399 2731 559 2808 ἐπιδόσεως
584 2734 686 2819 ἐγέννα
702 2733 908 2814 έπιδεόμενονς
953 2734 1098 2799 Πέπαυσο
1116 2725 1194 2811 οὖν,
1218 2725 1362 2810 ῶἈέτιε,
1398 2727 1483 2804 κενός
1517 2767 1518 2770 “

321 2833 394 2918 ήμῐν
412 2835 464 2900 καί
483 2833 713 2920 Ἀριστοτελιιεός
734 2837 825 2913 λέξεις
848 2838 964 2921 φέρων,
992 2831 1123 2920 α’ριιετῶς
1149 2834 1276 2919 ἐχόντων
1299 2831 1406 2916 ήμῶν,
1434 2833 1482 2897 καί

321 2935 362 3020 μή
378 2937 580 3020 ιἰπατωμένων
601 2935 699 3020 ιθτήν
722 2946 775 3004 τοῦ
792 2943 900 3023 κυρίου
916 2935 1003 3023 ήμῶν
1019 2934 1168 3021 α’ληθινήν
1187 2939 1397 3014 διδασκαλίαν,
1430 2931 1483 3015 τήν
1517 2955 1518 3020 η

320 3042 463 3126 λέγουσαν
476 3038 527 3122 τό,
547 3038 598 3105 Ἐκ
614 3047 669 3106 τοῦ
685 3037 798 3128 πατρός
810 3039 867 3126 ἐγῶ
884 3043 1025 3123 ἐξῆλθον,
1046 3043 1098 3106 καί
1112 3039 1194 3123 ήκω,
1215 3041 1267 3105 καί
1286 3035 1324 3104 αὖ
1341 3063 1482 3120 καταχρη-
1517 3037 1518 3124 ί

321 3149 428 3218 στικῶς
446 3142 570 3225 ἐγοόσης
587 3151 639 3226 τῆς
660 3144 763 3219 λέξεως
783 3141 837 3226 τήν
858 3141 1001 3226 δύναμιν,
1031 3141 1103 3208 ἄλλό
1126 3138 1305 3224 τελειότητος
1328 3143 1382 3207 καί
1401 3137 1484 3218 α’ξίες
1517 3127 1518 3150 ¹

322 3251 400 3311 θεοῦ
422 3244 625 3329 σημαινούσης
645 3243 701 3328 τήν
723 3241 834 3310 οόσίιιν.

407 3707 520 3774 Ἀετίου
541 3705 646 3789 κεφοὶλ.
665 3708 691 3774 ι’.
720 3710 764 3774 El
777 3709 886 3773 τέλειον
904 3698 943 3789 ἦν
967 3703 1024 3770 1τό
1043 3706 1184 3790 γέννημα,
1207 3705 1238 3769 έν
1255 3699 1408 3792 οίγεννήτηο
1426 3703 1485 3789 γίν-

322 3810 404 3898 νημό
423 3813 498 3890 ἐστι,
521 3813 571 3876 καί
589 3808 644 3876 οόιι
663 3814 694 3888 ἐξ
711 3803 754 3875 ῶν
770 3807 788 3876 ό
804 3810 961 3894 ἆγέννητος
977 3805 1049 3874 αότό
1069 3808 1211 3892 ἐγέννησε.
1258 3803 1412 3888 Γεννητήν
1434 3801 1486 3890 γόρ
1517 3855 1518 3898 ¹

323 3916 417 3997 φύσιν
438 3916 471 3980 έν
492 3911 639 4002 ἆγεννήτρο
659 3910 746 4001 οόσίιγ
764 3912 820 3977 οὐκ
837 3913 978 3996 ἐνδέχεται
996 3907 1080 3976 είναι.
1130 3909 1170 3976 Τό
1193 3907 1250 3994 γείρ
1269 3905 1344 3974 αὐτό
1368 3904 1446 3973 είναί
1461 3905 1489 3969 τέ
1517 3927 1518 3998 η

323 4021 381 4086 ἐστι
403 4019 453 4083 καί
471 4015 511 4099 μή
529 4013 612 4081 εἶναι.
657 4022 687 4079 Γ
683 4017 794 4096 ἐννημα
815 4011 872 4100 γοίρ
896 4008 1059 4099 α’γέννητον
1080 4009 1136 4077 οόκ
1152 4015 1227 4092 έστε,
1256 4013 1308 4076 καί
1330 4007 1489 4096 οίγέννητον
1517 4011 1518 4098 ¹

200 4146 253 4192 τιτι
265 4137 311 4182 ⁰⁴⁸·
326 4119 360 4187 όν
376 4123 505 4207 γέννημα
521 4116 576 4184 οόκ
594 4111 649 4200 ήν,
671 4124 725 4183 τοῦ
738 4115 884 4199 ἀνομοίου
901 4118 1009 4202 μέρους
1026 4115 1075 4180 ἐπί
1091 4121 1169 4181 θεοῦ
1185 4118 1379 4198 βλασφημίας
1393 4111 1490 4177 τόπον

324 4225 374 4288 καί
396 4223 484 4309 ὕβριν
507 4223 668 4304 ἐπέχοντος.
1517 4223 1518 4286 λ

362 4345 400 4396 12.
418 4339 494 4398 αότδν
511 4345 580 4396 codd.
597 4359 653 4394 οεεε.
670 4348 692 4393 ελ
708 4344 762 4393 ασελ.
778 4343 853 4403 princ.
960 4335 998 4391 14.
1015 4339 1061 4390 aed
1077 4356 1108 4390 eo
1126 4337 1193 4408 quod
1210 4348 1352 4405 temporum
1369 4349 1410 4389 αττ
1429 4355 1490 4388 con·
1517 4337 1518 4350 ³

362 4414 399 4464 13.
419 4410 567 4475 ἐπιδόσεως,
581 4414 702 4474 ηυοδποπ
716 4414 829 4462 sincium
846 4425 890 4459 un·
924 4407 1022 4458 stitutio
1041 4406 1266 4475 εειορρτσὶειτίο,
1291 4423 1357 4474 ηυιε
1376 4417 1491 4472 tempora
1517 4423 1518 4474 γ

325 4483 385 4532 αι’πίε
396 4485 485 4530 notavit
494 4483 614 4540 Ρεεουίυτ,
628 4485 671 4528 aut
684 4480 808 4530 δτλειισυιπ
820 4479 892 4540 plano
924 4475 986 4526 deus
1000 4475 1162 4526 luminaribus
1172 4475 1315 4534 adornavit,
1337 4478 1395 4527 λσεα
1412 4478 1493 4536 vebo,
1517 4513 1518 4532 ¹

324 4555 366 4598 ουτ
378 4541 508 4600 ἐπιδόσεσι
522 4551 569 4612 (ντί
579 4543 702 4614 ἐπιδόσει)
718 4547 892 4598 ascribendum
925 4559 985 4607 ρυσε
1008 4547 1101 4596 Ρεεουα·
1126 4547 1201 4596 uenio
1222 4547 1294 4605 ρλοπε
1311 4547 1433 4609 mum,
1459 4549 1492 4592 τι·
1517 4589 1518 4608 ¹

324 4623 366 4670 εει.
924 4618 1061 4678 ammam
1078 4617 1111 4664 εει
1130 4615 1266 4664 σοπιστίαε.
1517 4641 1518 4676 ¹
