3072 5002
344 289 384 354 76
768 299 1082 354 ειιιοτιιιεινιιιιιιι
1513 257 1514 348 ί

344 415 433 484 πάλιν
450 417 638 502 ἐκβάλλοντες
651 415 706 501 τήν
720 419 751 496 ἐξ
766 416 909 496 άπαθοῦς
926 426 980 485 τοῦ
996 421 1153 498 κτίζοντος,
1175 419 1226 484 καί
1240 419 1353 484 τελείου
1368 441 1399 483 τε
1416 415 1484 480 Ηυί

344 524 469 608 παγίου,
499 523 551 586 καί
570 517 636 588 οίον
653 520 788 604 ἐβούλετο
806 518 880 588 είναι
897 520 930 587 τά
948 525 1073 606 κτίσμα,
1103 519 1200 604 μόνην
1215 520 1440 604 λαμβανομένην
1454 520 1486 583 ἐν·
1513 503 1514 562 ί

218 651 270 700 μσς.
283 639 329 688 ελι
343 649 438 702 νοιαν,
461 621 633 690 άκύλουθύν
649 626 729 704 ἐστιν
746 623 808 690 αἰπύ
825 631 878 690 τοῦ
893 621 1006 710 πατρῦς
1022 625 1071 694 καλ
1086 631 1141 689 τοῦ
1158 627 1228 690 υίοῦ
1243 621 1412 706 δνομάτυν,
1427 623 1485 687 ἐτεν

342 726 381 809 δή
399 725 523 809 μάλιστα
539 729 582 804 είς
600 730 713 811 πατέρα
729 728 779 792 καί
798 725 866 793 υίύν
879 725 1026 794 πιστεύειν
1041 725 1256 810 ἐδιδάχθημεν,
1289 730 1361 809 μίαν
1376 717 1487 791 οῦντινι

348 829 522 913 Ιἐὐσεβῶς
542 829 704 914 λαμβάνειν
725 827 805 914 ήμᾶς
825 832 943 896 ἔννοιαν
966 832 1064 896 ι’δεῖ

214 1046 280 1118 Κεφ.
293 1047 326 1105 δ’.
428 1031 486 1102 Auo*
500 1037 551 1101 καὶ
567 1037 614 1101 ἐπλ
638 1034 749 1124 1ταύτην
767 1037 983 1120 ἐκβαλλομένσυ
995 1041 1051 1100 τοῦ
1065 1031 1140 1102 κατά
1155 1031 1189 1100 τῦ
1205 1031 1342 1117 πάθοςῆ
1356 1029 1489 1117 άποβηίοήν
1513 1065 1514 1076 ¹

341 1135 392 1204 τδν
408 1139 523 1220 πατέρα
537 1139 651 1223 πατέρα
669 1147 803 1204 νοεῖσθαι
818 1145 872 1206 τοῦ
890 1141 974 1216 υίοῦ,
1006 1139 1058 1203 καί
1078 1136 1130 1203 τδν
1153 1136 1220 1203 υίῦν
1245 1136 1286 1221 μή
1302 1137 1490 1221 σπερματιιῶς
1513 1165 1514 1168 “

340 1240 595 1324 καταβεβλημένον
614 1250 793 1322 σωματικοῖς
814 1240 934 1323 φύσεως
950 1247 1152 1319 τελειοῦσθαι,
1185 1241 1235 1305 καλ
1253 1242 1441 1323 κινουμένοις
1454 1235 1490 1302 άελ

342 1341 419 1428 πράς
444 1341 536 1426 αὔξην
556 1345 608 1409 καλ
632 1341 772 1429 φθοράν,
804 1342 847 1421 ῶς
868 1343 904 1409 τά
931 1341 1083 1427 σωματικά
1107 1345 1192 1426 ’ἔχει
1213 1339 1285 1419 τοῦς
1308 1347 1490 1426 χαρακτῆρας,

342 1445 421 1531 μόνη
444 1445 711 1531 παραληφθήσεται
736 1451 836 1514 ἐννοιυ
858 1439 913 1513 τοῦ
936 1444 1052 1530 ύμοίου.
1095 1442 1147 1522 Ὡς
1166 1443 1221 1532 γάρ
1239 1443 1300 1511 άπδ
1314 1455 1374 1511 τοῦ
1392 1449 1491 1527 κτίσμα

343 1575 410 1627 τος,
432 1549 524 1615 πάλιν
538 1551 678 1634 ἐροῦμεν,
700 1549 821 1616 πάντων
840 1551 1062 1634 ἐκβεβλημένον
1080 1546 1260 1632 παρελήφθη
1276 1545 1297 1632 ή
1311 1546 1491 1630 άπαθήςμίν

343 1658 398 1718 τοῦ
418 1656 580 1731 κτίζοντος,
612 1657 717 1732 τελεία,
747 1654 798 1718 καί
820 1656 889 1719 οῖαν
906 1651 1067 1737 ἠβούλετο,
1096 1653 1146 1717 καί
1166 1648 1187 1733 ή
1205 1654 1297 1737 παγία
1315 1659 1373 1717 τοῦ
1390 1655 1491 1731 κτίσμα·

342 1779 408 1834 τος,
432 1753 512 1820 οῦτω
535 1756 586 1820 καλ
609 1756 658 1822 ἐπί
678 1763 733 1822 τοῦ
750 1753 863 1840 πατρδς
883 1757 934 1821 καί
949 1758 1036 1832 υίοῦ,
1067 1755 1289 1838 ἐκβεβλημένον
1304 1761 1366 1819 τῶν
1383 1775 1491 1836 σωματι-
1513 1841 1514 1848 ρ

265 1882 269 1893 “
342 1863 407 1922 κῶν
431 1856 566 1939 πάντων,
589 1858 856 1944 παραληφθήσεται
877 1855 956 1941 μόνη
981 1855 1003 1941 ή
1024 1853 1131 1940 ύμοίου
1153 1859 1205 1923 καί
1224 1854 1287 1921 κατ’
1305 1855 1415 1922 ούσῖαν
1431 1851 1491 1933 ζῶον

342 1965 552 2046 γενεσιονργία.
594 1957 715 2044 Ἐπειδή
733 1968 792 2038 πᾶς
807 1959 904 2043 πατήρ
921 1957 1026 2043 δμοίας
1044 1956 1148 2037 ούσίας
1162 1956 1257 2025 αύτοῦ
1273 1968 1385 2026 νοεῖται
1402 1955 1490 2036 πατήρ·

343 2066 387 2129 Et
399 2065 432 2131 δέ
448 2063 520 2147 μετά
535 2071 594 2131 τῶν
610 2071 723 2130 λοιπῶν
740 2060 879 2130 άπάντων
894 2067 927 2130 ἐκ
943 2089 973 2129 τε
986 2071 1041 2128 τοῦ
1053 2061 1166 2147 πατρός
1179 2065 1231 2128 καλ
1246 2065 1317 2128 υίαῦ
1329 2063 1491 2145 σωματικῶν

343 2163 499 2249 ὀνομάτων
531 2169 750 2252 ἐκβαλλομένων
779 2169 902 2233 ἐννοιῶν
931 2164 1156 2250 συνεκβάλλοιτο
1184 2162 1278 2248 καλή
1302 2161 1420 2247 8ύμοίιι
1444 2153 1492 2226 ναιΙ

341 2267 446 2336 ούσῖαν
469 2268 547 2349 ζῶον
569 2269 682 2355 πατρὸς
700 2271 870 2353 παρέχουσα
893 2266 966 2353 ήμῖν
989 2277 1088 2346 νοεῖν,
1118 2265 1217 2334 οῦκ-ἐτι
1234 2270 1314 2334 ἐσται
1340 2266 1439 2350 πατήρ
1454 2263 1492 2327 καί

343 2370 410 2448 υίδς
428 2371 656 2454 πιστευόμενος,
684 2369 756 2436 άλλά
780 2370 898 2456 κτιστής
919 2373 969 2438 καί
992 2376 1112 2455 κτίσμα,
1144 2373 1195 2436 καὶ
1220 2369 1339 2456 περιττά
1364 2369 1490 2452 dudm«,

343 2474 436 2557 μηδέν
461 2472 532 2558 παρ’
558 2476 673 2541 εὀυτῶν
696 2476 905 2560 είςφερύμενα,
937 2476 988 2540 καλ
1012 2477 1092 2540 ἐσται
1120 2471 1216 2550 ούτως
1232 2471 1351 2556 κτιστής
1369 2475 1437 2557 μὲν,
1462 2465 1492 2541 ύί

342 2575 427 2654 θεάς,
450 2574 513 2641 κατ’
532 2575 648 2643 *οὐδέν
665 2575 741 2654 ίίλως
753 2577 860 2662 πατήρ.
895 2575 965 2644 Ὅτι
982 2575 1037 2663 γάρ
1055 2574 1110 2642 ούιι
1126 2577 1269 2663 ἐνεργείας
1282 2578 1398 2662 λέγεται
1413 2568 1491 2654 πατήρ

341 2675 360 2746 ά
381 2676 495 2764 πατήρ,
523 2675 583 2746 άλλ’
605 2675 711 2763 ύμοίας
731 2682 826 2768 ἐαυτῷ
849 2677 954 2756 ούσίας
977 2686 1031 2763 τῆς
1055 2677 1130 2745 κατά
1149 2678 1204 2760 τήν
1226 2678 1343 2744 τοιάνδε
1363 2681 1493 2764 ἐνέργειαν

339 2778 522 2866 ύποστάσηςν
554 2786 645 2866 δῆλον
668 2785 702 2849 ἐκ
724 2790 782 2848 τῶν
804 2789 968 2862 ιφυσικῶν
991 2784 1158 2864 καθέστηκε
1178 2788 1338 2867 λογισμῶν.
1388 2773 1492 2848 Παλλάς

340 2881 396 2970 γάρ
414 2887 560 2970 ἐνεργείας
582 2888 655 2970 ἐχων
676 2883 798 2964 ύθεδς,
829 2883 900 2975 άλλη
919 2885 971 2967 μέν
987 2888 1117 2974 ἐνεργείᾳ
1135 2883 1254 2966 κτιστής
1267 2893 1396 2964 νοεῖται,
1425 2875 1490 2950 καθοΙ

342 2985 490 3072 ούρανοῦ,
519 2989 570 3054 καί
589 2996 661 3074 γής,
690 2989 742 3054 καί
761 2986 884 3054 πάντων
897 2995 956 3053 τῶν
974 2990 1006 3054 ἐν
1025 2985 1159 3067 τούτοις,
1182 2985 1253 3052 άλλά
1271 2988 1321 3052 καί
1338 2993 1401 3053 τῶν
1418 2977 1492 3066 ἄορί·

341 3115 401 3154 των
423 3090 541 3178 κτιστής
564 3091 639 3168 ἐστι,
670 3089 768 3174 πατήρ
788 3091 821 3155 δέ
844 3097 1021 3175 μονογενοῦς
1037 3087 1146 3174 ῶνούγ
1163 3087 1205 3166 ῶς
1221 3087 1357 3172 κτιστής,
1393 3080 1492 3158 ἄλλ’ύί

341 3189 438 3275 πατήρ
455 3191 598 3277 γεννήσας
611 3201 729 3258 νοεῖται.
759 3195 802 3257 Εί
818 3192 850 3257 δέ
867 3190 917 3256 διά
932 3190 986 3274 τήν
1002 3190 1150 3260 ὑπόνοιαν
1166 3191 1221 3275 τήν
1236 3193 1304 3278 περί
1321 3191 1396 3270 τούς
1413 3211 1491 3272 σωμα-

340 3293 443 3370 τικούς
468 3297 598 3381 πατέρας
614 3320 645 3359 τε
661 3297 711 3361 καί
728 3293 829 3374 υίούς,
859 3302 919 3360 τῶν
937 3302 1048 3361 παθῶν
1065 3293 1170 3370 δεδιῶς
1186 3293 1227 3378 μή
1245 3320 1274 3360 τι
1289 3293 1381 3384 πάθη
1400 3297 1493 3382 γεννῶν

343 3392 361 3462 ύ
380 3395 553 3479 άσῶματος,
583 3401 610 3464 εί
625 3395 667 3480 μή
684 3397 779 3474 άτελές
793 3401 838 3481 είη
855 3395 887 3464 τά
903 3397 1107 3482 γεννῶμενον,
1123 3401 1174 3464 καί
1190 3397 1246 3463 ὅσα
1263 3400 1424 3480 συμβαίνει
1440 3391 1492 3476 περί

341 3496 395 3563 τῶν
419 3496 587 3577 σωματικῶν
609 3503 726 3583 πατέρα
741 3527 772 3566 τε
787 3502 838 3566 καί
862 3498 930 3565 υῖδν
945 3497 1178 3585 εύλαβούμενος,
1207 3497 1348 3578 άφέλοιτο
1370 3498 1427 3584 τήν
1441 3521 1494 3585 ym-

340 3605 407 3667 σίαν
431 3603 481 3667 ἐπὶ
504 3599 616 3686 πατρύς
640 3605 691 3667 καὶ
712 3606 782 3669 υίοῦ
807 3605 939 3681 ἐννοιαν,
973 3601 1080 3670 ύποῖον
1103 3601 1142 3670 άν
1163 3603 1243 3687 λέγοι
1260 3604 1362 3686 ἕτερον
1382 3609 1492 3684 ποίημα,

213 3719 322 3776 ενταῦθα
340 3706 392 3770 καί
414 3701 557 3771 υύδέποτε
581 3706 643 3790 ἐρεῖ
666 3703 719 3771 τύν
744 3703 813 3772 υίύν
846 3702 922 3772 υίάν.
974 3710 1048 3772 Είτε
1068 3705 1125 3794 γάρ
1147 3707 1265 3792 μεγέθει
1286 3701 1494 3790 ύιτερβάλλοντν

377 3912 415 3965 ίΙ.
433 3911 478 3968 καὶ
500 3915 587 3964 excidit
603 3915 633 3964 ab
656 3915 692 3964 αλ
709 3916 803 3966 Petam
827 3917 906 3968 Gelon.
977 3911 1036 3964 Gn.
1051 3915 1092 3964 w.
1112 3941 1144 3953 -
1181 3913 1202 3966 1.
1222 3915 1377 3965 διαλανθάνοι
1393 3922 1449 3978 μου
1463 3905 1494 3963 ίσλ

340 3987 411 4044 τερα.
942 3981 979 4052 τῷ
998 3976 1073 4036 οῦτοι
1109 3987 1137 4036 λιι
1158 3983 1210 4034 ωδ
1233 3983 1334 4046 media.
1359 3989 1393 4034 ωε
1419 3977 1492 4038 τοῦτον

379 4052 416 4100 ίὶ.
435 4048 572 4120 λαμβάνειν
590 4045 707 4121 εύσεβῶς
721 4051 773 4102 υοδ.
794 4051 889 4114 amaia.
940 4066 984 4114 μευ
1001 4049 1090 4120 τούτῳ.

378 4117 416 4169 13.
435 4121 542 4170 mserum
559 4122 619 4173 δεῖν.
656 4122 733 4182 Ouum
751 4126 908 4170 ουττεσίιιτυτπ
976 4121 999 4168 ¹2.
1020 4116 1073 4187 ἔχει
1094 4117 1193 4188 reposui
1210 4133 1238 4170 ετ
1256 4119 1308 4170 οοδ.
1327 4120 1426 4184 ίίλτδῖρ.
1443 4117 1494 4186 ἐχειν

340 4183 458 4248 είρπῖμταί
468 4191 538 4237 etiam
550 4191 624 4238 υττιλο
634 4191 744 4238 Camurii
754 4204 908 4256 consequens
941 4188 1025 4250 εελῖηιιί
1040 4191 1103 4238 nm

342 4261 380 4302 est
396 4269 410 4299 ιι
428 4253 503 4318 patris
521 4266 546 4303 et
568 4254 610 4304 filii
633 4255 773 4306 nominibus
791 4255 908 4334 quando·
976 4257 1000 4306 ὅ.
1020 4258 1201 4308 &scribendum
1216 4261 1273 4319 μειίο
1291 4249 1385 4322 ἔμετον-

343 4318 443 4438 fidem
459 4321 563 4372 maxime
575 4323 600 4374 in
617 4335 715 4392 patrem
727 4335 753 4372 ει
769 4323 845 4374 finum
855 4342 908 4374 σετ-
976 4317 999 4372 -λ,
1015 4327 1185 4387 (affluendum
1198 4328 1305 4386 ειιεμίυυτ
1319 4319 1377 4378 κατ’
1391 4319 1458 4382 ούδλι
1472 4313 1494 4373 δέ

363 4403 405 4436 ενα
421 4385 504 4437 edocti
520 4407 618 4447 numus.
639 4409 712 4442 unum
729 4391 851 4459 quandum
869 4392 907 4442 ἱει-
943 4385 1011 4450 ὅλως
1028 4389 1123 4458 πατήρ.

344 4453 510 4524 telligeutium
529 4474 574 4508 nos
591 4459 633 4526 pie
651 4459 765 4528 accipere
781 4471 907 4528 oportere.
976 4462 1001 4510 ὀ.
1019 4461 1127 4527 λογικῶν
1146 4463 1196 4516 ωδ.
1215 4462 1314 4525 ίίλτδῖρ.
