3060 5026
334 249 396 316 386
757 262 880 316 nmen
896 263 1070 316 ινινιιιειιι
1117 321 1119 324 ,

334 405 411 456 τινες
428 381 568 462 νομίσωσι
592 377 642 444 διό
660 377 693 446 τό
710 378 805 466 σόριια
824 377 915 446 αότόν
939 379 1128 463 ἆνειληφίναι
1147 381 1256 446 τελείαν
1275 379 1318 463 μή
1339 379 1430 466 *όρα
1446 383 1495 448 ααὶ

312 495 316 502 “
333 481 369 548 τό
384 489 437 564 τῆς
454 480 563 568 σαρκός
580 479 670 567 όλογα
691 485 823 568 ἔπραξεν.
872 482 981 559 Οίιθελς
997 480 1053 569 γόρ
1074 489 1134 548 τῶν
1149 479 1278 566 ετίσεβοῖς
1293 483 1496 550 τιιστενόντον

332 587 374 662 είς
388 583 481 651 αὐτόν
501 591 589 651 τοῦτο
614 593 691 664 νοεῖ,
722 581 841 671 ήλίγει.
885 589 928 650 Et
942 587 974 651 όέ
990 584 1091 661 ου’όείς
1107 593 1171 650 νοεῖ
1189 586 1257 670 ιτερί
1278 583 1375 652 αὐτοῦ
1392 585 1433 650 τό
1449 594 1496 668 τῆς

332 685 443 772 σαρκός
457 685 548 774 όλαγα
564 690 757 772 τιειτραχίναι,
786 686 854 754 οὔτε
870 685 907 752 τό
923 695 976 754 τοῦ
994 694 1050 753 νοῦ
1072 684 1165 773 όίλογα
1184 685 1278 752 αὐτόν
1300 691 1495 772 πεποιηκότα

333 788 473 874 νοήσειεν.
518 791 580 854 Καί
601 789 647 856 ὅτι
669 790 721 871 μίν
737 794 850 867 τελείας
875 788 1105 875 ἐνηνθροίιτησεν
1126 787 1224 854 ἐλθοίν
1239 785 1260 856 ό
1274 789 1379 876 λόγος,
1411 799 1494 857 τοῦτο

332 898 432 976 δῆλον.
477 893 539 956 Καί
556 888 610 958 ἐόν
627 895 755 975 είιιοηιεν
777 897 912 972 Τελείας,
935 892 972 958 οὐ
990 891 1047 958 δύο
1068 890 1218 978 Χριστοός
1233 895 1353 976 ἔχομεν,
1382 893 1426 960 οὗ
1446 893 1495 960 όόο

333 995 471 1079 βασιλέοις
495 992 582 1072 οίοός
602 1000 694 1075 θεοῦ,
724 993 796 1060 ἄλλό
818 993 871 1062 τόν
891 992 984 1062 αιἰτόν
1008 993 1098 1074 θεόν,
1129 991 1181 1060 τόν
1206 991 1296 1060 αὐτόν
1318 993 1495 1080 ἅνθρωποι,

333 1098 388 1182 οὗγ
403 1095 445 1173 οἱς
465 1099 498 1164 ἐν
515 1095 671 1186 ιἰνθροόιτρι
688 1097 891 1180 5οίιιήσαντα,
922 1095 980 1164 ἄλλ’
1004 1093 1096 1164 αὐτόν
1120 1094 1189 1163 όλον
1207 1097 1494 1184 ἐνανθροτττήσαντα,

334 1201 391 1268 αιἀι
408 1199 573 1286 όνθραιτον
592 1197 679 1277 ὄντα,
701 1200 829 1266 ἐλθόντα
846 1202 889 1276 είς
903 1197 1063 1286 ιιροιιοττήν
1078 1197 1235 1282 θεότητος,
1265 1196 1338 1266 όλλᾶ
1354 1199 1437 1266 θεόν
1450 1198 1495 1266 ἆτ’

332 1303 471 1390 οὖρανῶν
486 1301 629 1382 ἐλθόντα,
657 1304 709 1368 τιολ
726 1306 769 1379 είς
788 1301 894 1368 ἓατιτόν
916 1299 1162 1384 όναττλασοίμενον
1177 1301 1230 1384 τήν
1246 1305 1325 1368 ίόίαν
1339 1303 1495 1386 ἐνανθροί-

331 1426 422 1490 ιτησιν
444 1403 521 1471 ιιατό
545 1402 600 1488 τήν
624 1400 717 1472 αότοῦ
736 1402 867 1488 δυνατήν
893 1403 1031 1486 θεότητα.
1073 1400 1126 1480 Ὡς
1150 1405 1225 1490 λίγει
1248 1403 1296 1470 ότι
1323 1401 1390 1470 0‘0
1411 1405 1495 1490 λόγος

204 1559 207 1568 s
332 1506 404 1596 σόρξ
421 1509 542 1594 ἐγίνετο.
591 1504 631 1573 Τό
649 1507 698 1586 δέ,
730 1505 832 1593 Λόγος
848 1504 921 1592 σόρξ
939 1509 1065 1593 ἐγίνετο,
1094 1509 1146 1572 ἵνα
1169 1505 1210 1589 μή
1234 1531 1310 1583 τινες
1333 1511 1496 1591 νομίσωσιν

329 1609 377 1678 ότι
394 1617 511 1696 πρῶτος
527 1606 691 1695 όνθροιτιος
707 1602 754 1694 ἦν,
777 1611 828 1676 καί
842 1602 918 1692 ήλθε
937 1606 1066 1695 Χριστός
1079 1610 1122 1685 ελς
1134 1605 1315 1690 όνθραττον,
1338 1607 1394 1674 διό
1408 1618 1495 1676 τοῦτο

329 1711 420 1798 λόγον
437 1719 556 1798 πρῶτον
572 1715 654 1790 ίταξε
669 1709 702 1780 τό
718 1721 805 1780 θεῖον
818 1710 1004 1798 εόαγγέλιον,
1028 1707 1089 1778 εέτα
1108 1709 1164 1794 τήν
1179 1709 1275 1798 σόριια
1292 1709 1495 1799 ιόμολόγησετ,

189 1840 243 1892 εει·
257 1827 316 1873 1⁸¹⁴·
330 1813 392 1896 ότι,
422 1811 457 1879 ‘0
472 1814 560 1900 λόγος
579 1813 652 1900 σόρξ
669 1816 790 1900 ἐγίνετο.
838 1811 883 1880 Ου’
904 1812 961 1900 γόρ
985 1811 1081 1894 είτιεν,
1111 1810 1149 1878 ‘H
1165 1812 1237 1899 σόρξ
1259 1813 1350 1901 λόγος
1370 1817 1494 1900 ἐγίνετο,

329 1921 380 1986 ἵνα
397 1920 476 2007 όείξη
494 1923 612 2002 πρῶτον
625 1916 714 2002 λόγον
729 1914 780 1982 ἅττ’
802 1914 939 2002 οὐρανῶν
958 1915 1101 1996 ἐλθόντα,
1131 1919 1174 1993 είς
1188 1914 1294 1982 ἐααιόν
1312 1917 1347 1982 δὲ
1364 1914 1494 1998 ότιοστή-

328 2041 421 2086 σαντα
437 2018 491 2102 τήν
505 2023 601 2106 σόρτια
616 2017 677 2086 όιιό
694 2027 748 2103 τῆς
762 2019 875 2105 μήτρας
890 2026 944 2100 τῆς
958 2015 1044 2105 όγίοις
1057 2021 1231 2105 παρθένον,
1253 2021 1305 2084 ιιαὶ
1321 2025 1429 2085 πᾶσαν
1447 2018 1495 2101 τίγ

330 2121 558 2210 ἐνανθροόισησιν
576 2127 689 2200 τελείως
713 2125 755 2198 είς
773 2120 879 2188 ἑαυτόν
903 2120 1157 2204 όναττλασόμενον.
1204 2119 1271 2186 Κόν
1285 2145 1318 2186 τι
1332 2119 1394 2208 γόρ
1414 2125 1493 2210 εέτιη,

326 2223 360 2292 Ὁ
374 2225 461 2312 λόγος
480 2223 552 2310 σόρξ
569 2225 697 2311 ἐγίνετο,
728 2224 783 2307 οὐχ
806 2222 851 2290 ότι
866 2223 977 2310 ἐτρόιιη
996 2220 1014 2288 ό
1032 2223 1121 2310 λόγος
1139 2226 1180 2301 είς
1194 2222 1308 2310 σόριια,
1340 2227 1397 2290 καὶ
1414 2227 1493 2311 γέγσ-

327 2353 377 2396 νεν
397 2325 415 2395 ό
429 2325 518 2413 λόγος
531 2324 620 2414 σόρξ,
641 2323 663 2411 ή
679 2324 824 2412 ήθεότης
838 2325 1005 2409 μετεβλήθη
1018 2329 1061 2403 είς
1075 2326 1182 2414 σόριια,
1204 2323 1277 2394 α’λλοὶ
1294 2325 1352 2392 σόν
1368 2334 1406 2416 τῇ
1425 2325 1492 2392 θεό-

328 2457 393 2516 τητι
414 2431 500 2513 ίλαβε
521 2429 576 2512 τήν
600 2433 681 2495 ίόίαν
702 2427 795 2496 αὐτοῦ
817 2428 1047 2515 ἐνανθροόιτησιν
1068 2427 1166 2496 ἐλθόν
1187 2425 1205 2495 ό
1226 2425 1301 2504 θεός
1324 2427 1428 2516 λόγος.

188 3159 256 3228 Κεμ
269 3155 317 3213 λα’.
414 3147 476 3226 Καί
500 3137 681 3228 προέιιοτιτε,
714 3146 805 3228 φησί,
839 3146 871 3210 ἐν
893 3140 990 3232 ήλιιιίρι
1011 3137 1138 3226 Ἰησοῦς,
1169 3144 1221 3208 ιιαλ
1243 3145 1346 3232 σοφίᾳ.
1402 3143 1435 3211 ‘0
1459 3145 1486 3209 όέ

324 3253 398 3314 νοῦν
417 3245 459 3331 μή
475 3248 548 3330 ἐγαν
567 3244 764 3330 όνθροίιιινον
781 3253 846 3323 ιιαλς
871 3248 1050 3331 προέκοιιτες
1079 3242 1187 3321 ιιαθοίς
1207 3242 1267 3328 ήόη
1290 3271 1340 3328 μοι
1366 3251 1484 3332 είρηται
1526 3281 1527 3302 ι

322 3345 376 3427 Ὡς
389 3351 441 3414 καὶ
458 3358 601 3436 μαρτυρεῖ
615 3347 711 3438 ταύτην
727 3357 769 3438 τῷ
783 3347 860 3438 λόγῳ
878 3345 895 3414 ό
912 3347 997 3433 ἅγιος
1016 3354 1070 3413 τοῦ
1087 3353 1164 3412 θεοῦ
1189 3346 1347 3433 προφήτης
1366 3345 1486 3422 Ἡσαΐας

325 3449 442 3536 φήσας,
462 3448 556 3533 Yam),
578 3450 698 3534 σανήσει
714 3449 731 3518 ό
747 3461 818 3528 παῖς
831 3476 891 3534 μου
907 3448 1098 3538 όόγατιητός,
1121 3446 1168 3532 ἐφ’
1182 3439 1206 3538 ρό
1221 3448 1383 3532 εὐδόκησα.
1428 3451 1485 3514 Καὶ

324 3551 400 3643 όρᾷς
418 3552 463 3620 ότι
486 3551 519 3618 τό
538 3553 669 3636 Συνήσει
684 3556 734 3620 ἐιτί
750 3559 860 3620 τελείαν
884 3552 1113 3638 ἐνανθροίιιησιν
1138 3553 1273 3638 οιίρεται,Ι
1303 3549 1340 3618 οιί
1361 3552 1485 3618 θόναται
1525 3579 1526 3586 “

322 3655 379 3744 γόρ
396 3681 441 3732 τις
459 3657 592 3722 συνιέναι
607 3663 678 3724 νοῦν
695 3655 737 3740 μή
752 3659 841 3741 ἔχων,
863 3657 932 3723 οὔτε
949 3657 998 3724 ίτιλ
1012 3662 1049 3745 τῇ
1066 3653 1188 3738 θεότητι
1205 3661 1291 3721 τοῦτο
1310 3661 1484 3742 πληροῦται

322 3755 386 3825 Οόιι
406 3756 525 3840 ίιιιθεής
548 3755 604 3844 γόρ
626 3762 771 3838 σανέσεοις
797 3755 818 3843 ή
837 3752 912 3825 οὖσα
936 3757 1141 3840 αὐτοσόνεσις,
1172 3756 1245 3824 αὖθί
1270 3758 1420 3823 ἐπιδέεται
1437 3779 1485 3822 σο-

322 3865 396 3943 φίας
413 3858 434 3946 ή
451 3853 528 3927 οὖσα
541 3858 721 3942 αότοσοφία·
745 3859 816 3928 α’λλό
830 3859 863 3928 τό
883 3861 1012 3946 Συνήσει
1030 3862 1079 3928 ἐιιλ
1094 3865 1136 3950 τῷ
1154 3867 1197 3949 νῷ
1212 3857 1400 3949 όνθρατιίνφ
1415 3868 1485 3940 λαμ·
1524 3871 1525 3940 γ

323 3963 452 4047 βαίνεται.
499 3962 606 4032 Πόθεν
624 3966 656 4030 όέ
670 3967 783 4044 ἐντείνας
812 3966 888 4051 λέγει
908 3990 969 4047 μοι.
1014 3967 1056 4028 Et
1069 3963 1123 4046 μὲν
1145 3960 1202 4049 γόρ
1223 3960 1296 4046 σόρξ
1318 3957 1416 4044 μόνον
1437 3955 1484 4044 ήτ,

323 4071 388 4143 τιός
411 4064 541 4151 ήσόνατο
565 4075 735 4151 μνησθῆναι
759 4072 875 4152 τιείνηςς
907 4068 958 4132 ml
984 4068 1011 4131 εί
1028 4069 1060 4134 ἐκ
1079 4073 1195 4152 ψυχῆς,
1225 4065 1276 4130 καί
1291 4055 1484 4146 σοίματαςήτ

323 4167 433 4254 μόνης,
455 4173 555 4253 ψὐχής
569 4168 610 4254 μή
626 4168 749 4254 ἐχούσης
763 4168 796 4236 τό
812 4167 932 4256 λογικόν
948 4176 1002 4236 τοῦ
1015 4175 1071 4235 νοῦ
1077 4219 1086 4249 ,
1109 4167 1162 4234 τόν
1175 4163 1315 4254 λογισμόν
1329 4163 1385 4249 ιής
1402 4169 1482 4232 ἐναν-

355 4301 632 4390 mammio.
666 4298 887 4376 εἶραοοιλίιιιεί
921 4309 1310 4369 σαντιλίλτααιιεελιαιλμοαα.

322 4376 385 4426 editt
952 4375 977 4430 6.
995 4371 1318 4431 Λτλίοαλιιεόοθεελοίιειέ.
1335 4375 1481 4426 MC*

357 4443 380 4493 5.
398 4441 537 4508 οἰκήσαντα
550 4447 810 4510 τιιιινιλαολλΡτιοοῐιιι,
830 4447 885 4497 σοι·
919 4447 966 4496 λονι.
982 4451 1051 4508 repet
1306 4485 1312 4490 .

320 4513 385 4564 ιιοτλι·
405 4517 534 4564 vermem
549 4515 662 4566 λαλλιιαοι
683 4521 781 4566 ιτοιιλαι.
815 4507 886 4580 οίιιή·
