3058 5014
274 248 413 303 rsuuuu
430 249 550 303 ursus.
565 247 648 302 rom.
661 250 680 300 r.
696 247 797 304 nasu.
807 249 927 300 nxxvr.
1120 234 1179 298 tlt

264 472 437 535 sunut'rtttt
456 473 546 524 hll'l'll
565 471 717 523 ΔΝΟΜΟΕΙ
734 470 948 524 OPUSCULUM.

116 571 259 658 Quoniam
278 574 493 661 persecutionis
508 574 584 638 illius
602 585 751 659 tempere,
776 594 861 659 quam
880 583 982 638 contra
999 593 1053 638 nos
1072 583 1183 658 tempo·
1204 578 1262 647 cap.
1279 579 1325 630 Xt.

47 676 105 740 rarii
120 675 232 761 quidam
250 676 382 740 homines
403 676 589 755 excitarunt,
614 676 745 740 nonnulli
763 697 802 740 ex
820 677 856 740 iis
874 695 946 760 quos
963 675 1091 740 diximus
1109 675 1186 739 inter

46 779 92 843 alia
107 780 192 844 multo
209 779 379 865 opusculum
396 778 539 862 quoddam
557 778 691 862 privatim
707 799 724 841 a
739 778 823 842 nobis
842 777 1041 842 elucubratum
1055 779 1091 840 de
1104 778 1186 862 iuge-

47 884 97 945 nito
111 884 162 946 dec
179 903 215 946 ac
231 880 333 966 genito
351 880 564 966 surripientes,
599 880 746 966 plerisque
765 880 870 946 additis
887 890 937 942 aut
954 879 1111 959 detractis,
1143 881 1188 943 in-

46 985 203 1070 terpolatum
234 1005 270 1048 ac
298 983 489 1068 depravatum
519 982 689 1061 ediderunt,
730 982 898 1068 perturbata
927 981 1049 1066 insuper
1077 981 1189 1046 ordinis

46 1089 126 1166 serie,
157 1097 246 1172 atque
271 1086 339 1149 illud
366 1085 442 1149 idem
467 1095 568 1169 postca
593 1085 744 1149 literarum
769 1085 883 1170 quidam
904 1084 939 1148 ad
961 1103 1015 1148 nos
1038 1083 1188 1150 studiosus

45 1191 142 1267 attulit,
166 1209 293 1254 necesse
309 1188 413 1266 habui,
438 1197 539 1272 utpote
556 1187 635 1252 illius
653 1199 773 1267 auctor,
805 1186 982 1252 recensitum
998 1207 1032 1250 ac
1048 1207 1188 1272 repurga-

46 1301 94 1356 tum
109 1313 179 1378 opus
193 1292 271 1356 istud
290 1292 325 1354 ad
344 1311 399 1355 uos
418 1289 547 1366 mittere,
571 1289 745 1375 quicumque
761 1289 877 1374 pietatis
896 1290 1022 1355 athletae
1038 1291 1189 1378 utriusque

45 1415 124 1458 sexus
146 1394 237 1471 estis,
269 1405 301 1457 ut
326 1392 496 1476 intelligatis
519 1390 590 1454 nihil
616 1413 673 1455 non
699 1392 730 1455 in
754 1414 790 1456 eo
808 1413 847 1456 ex
867 1413 1018 1456 sacrorum
1039 1392 1189 1458 literarum

44 1517 169 1579 germano
193 1516 261 1560 esse
287 1513 378 1558 sensu
402 1493 559 1579 prolatum.
606 1490 700 1558 Cuius
721 1493 834 1579 quidem
851 1494 999 1580 praesidio
1018 1515 1070 1559 ens
1087 1515 1190 1559 omncs

44 1598 85 1681 qui
98 1599 300 1664 contradicere
317 1597 484 1674 volueriut,
508 1596 607 1680 paucis
623 1597 793 1680 quibusdam
811 1596 943 1662 breviter
959 1597 1099 1679 obiectis,
1124 1618 1192 1684 pro-

44 1701 132 1766 bibere
150 1701 303 1786 poteritis,
328 1720 365 1763 ne
381 1699 418 1762 de
434 1698 565 1782 ingenito
583 1698 639 1761 deo
655 1699 805 1784 negenite
823 1719 989 1783 sermonem
1006 1700 1192 1786 impudenter

43 1803 204 1882 instituant,
238 1823 273 1866 oc
297 1799 491 1886 temporarios
512 1799 578 1864 illos
600 1799 733 1885 inprimis
758 1823 831 1885 quos
857 1802 953 1886 attigi.
997 1799 1094 1867 Porro
1116 1802 1193 1868 banc

43 1905 256 1989 disputationem
282 1904 311 1968 in
337 1903 431 1989 capita
455 1923 594 1968 versuum
620 1903 649 1966 iu
666 1904 781 1968 modum
800 1903 841 1967 ita
856 1904 1032 1988 digessimus
1052 1915 1083 1968 ut
1096 1915 1126 1969 ct
1141 1903 1193 1968 ob-

44 2007 176 2074 iectioncs
199 2007 271 2071 alios
296 2027 335 2070 ex
359 2005 445 2084 aliis,
476 2015 506 2068 ct
530 2004 733 2088 quaestionum
761 2005 969 2070 dissolutiones
992 2018 1191 2086 necteremus,
1268 1994 1271 2008 ⁸

43 2131 92 2194 quo
111 2122 141 2175 et
164 2114 201 2176 ad
226 2107 529 2194 comprehendendum
556 2106 687 2172 laciliora
710 2119 740 2171 ct
760 2107 909 2192 planiora,
944 2107 1049 2193 quibus
1069 2109 1190 2188 utimur,

45 2224 206 2296 argumenta
231 2210 315 2276 vobis
340 2221 453 2275 essent.
501 2209 546 2272 Ab
568 2208 702 2295 ingenito
724 2230 796 2273 vcro
814 2210 871 2309 deo
892 2208 1056 2295 disputandi
1078 2211 1191 2276 initium

44 2314 168 2380 lecimus.
1125 2376 1126 2379 ,

118 2420 139 2480 Ι.
164 2415 199 2482 st
215 2417 365 2501 ingenitus
383 2415 454 2479 deus
471 2416 546 2498 qnod
565 2413 695 2499 genitum
713 2427 760 2478 est
776 2418 872 2481 lacere
895 2415 1059 2500 ingenitum
1083 2425 1191 2501 potest,

44 2519 178 2604 siquidem
204 2517 368 2584 substantia
394 2517 489 2580 omnis
504 2515 634 2599 ingenita
651 2526 714 2596 est,
746 2529 868 2597 neutra,
893 2519 969 2603 qnod
988 2519 1024 2582 ad
1042 2539 1107 2583 eam
1124 2539 1195 2582 con·

44 2620 174 2694 ditionem
191 2624 314 2699 attinet,
347 2620 455 2684 nullius
470 2629 502 2684 ot
518 2619 676 2684 dominatui
695 2619 807 2701 subsit,
837 2621 873 2684 ab
893 2621 986 2690 altera
1005 2620 1194 2707 discrepabit.

44 2720 161 2804 Quinam
186 2725 277 2808 igitur
294 2721 351 2788 dici
371 2731 470 2806 potest
489 2721 595 2786 mutari
614 2721 729 2807 quidem
752 2722 892 2802 alteram,
925 2726 1049 2789 alteram
1067 2736 1194 2805 mutare,

44 2845 101 2889 curn
117 2847 157 2890 cx
177 2825 258 2890 nulla
272 2824 404 2889 subiecta
420 2824 542 2887 materia
560 2823 712 2908 quicquam
729 2826 785 2889 deo
808 2827 971 2911 producere
992 2815 1111 2892 minimo
1129 2848 1196 2913 per·

43 2929 170 2993 mittant?

120 3033 156 3094 ll.
171 3027 206 3096 Si
224 3029 372 3113 ingenitus
388 3029 461 3094 deus
475 3047 579 3093 caussa
592 3039 639 3094 cst
653 3028 733 3092 omni
748 3030 957 3114 praestantior,
971 3031 1029 3096 erit
1046 3031 1132 3096 etiarn
1145 3052 1197 3116 ge-

43 3134 191 3198 neratione
207 3132 271 3218 ipsa
294 3132 503 3216 praestantior.
550 3127 603 3209 Si,
627 3130 761 3215 inquam,
786 3133 899 3198 caussis
917 3132 1052 3197 omnibus
1069 3133 1198 3198 antecel-

42 3233 86 3316 lit,
108 3233 299 3321 generctiooi
314 3234 414 3298 itidem
429 3233 597 3299 airmoellet.
642 3230 749 3317 Neque
766 3235 844 3298 enim
859 3244 911 3300 aut
927 3235 962 3298 ab
980 3233 1073 3299 altera
1092 3247 1197 3300 natura
1246 3291 1249 3299 .

44 3349 71 3398 nt
91 3349 175 3404 esset
196 3337 331 3422 accepit,
356 3346 407 3399 aut
427 3335 496 3401 illud
520 3334 581 3418 ipse
603 3334 659 3398 sibi
683 3336 817 3400 contulit.

118 3443 171 3504 lll.
185 3439 249 3506 lam
267 3459 352 3518 vero,
377 3438 402 3501 si
419 3437 483 3524 ipse
497 3435 553 3501 sibi
569 3447 600 3500 ut
617 3448 698 3500 essct
714 3436 832 3502 minime
852 3439 986 3518 contulit,
1002 3461 1062 3505 non
1078 3453 1199 3526 propter

41 3543 121 3606 ullam
146 3552 276 3608 natum
300 3540 548 3619 imbecillitatem,
579 3541 632 3602 sed
653 3540 729 3624 quod
753 3561 857 3605 caussa
882 3541 920 3604 sit
946 3543 1024 3606 omni
1049 3543 1198 3628 superior,

42 3645 99 3728 quis
118 3644 333 3710 subsistentem
351 3654 483 3707 naturam
503 3641 540 3705 cb
558 3662 605 3719 ca,
629 3662 704 3726 quae
721 3642 929 3708 subsistentem
949 3646 1132 3730 produxerit,
1157 3645 1201 3709 ni-

43 3746 77 3810 bil
103 3749 134 3812 in
157 3746 326 3812 substantia
348 3743 524 3810 discriminis
548 3743 657 3809 babere
672 3744 830 3825 fatebitur,
861 3767 925 3812 curn
945 3747 1087 3814 eiusmodi
1105 3746 1201 3812 subsi-

42 3853 146 3916 stentia
169 3849 396 3936 generationem
419 3867 535 3912 omnem
558 3846 715 3910 excludat?

12 4017 16 4030 ,
124 3956 175 4018 tv.
188 3949 224 4018 Si
238 3961 379 4037 perpetuo
391 3971 427 4016 ac
439 3949 506 4016 sine
520 3947 579 4013 ullo
596 3949 653 4013 bne
663 3950 735 4015 deus
749 3950 778 4014 in
793 3951 922 4036 ingenita
938 3964 1044 4018 natura
1058 3949 1200 4038 persistit,

43 4231 160 4290 memb,
178 4225 339 4290 quodverttm
355 4237 402 4276 test
415 4227 480 4288 puto.
516 4224 605 4274 Cornu·
641 4223 760 4284 foctnrus,
775 4221 847 4274 initio
861 4223 894 4272 de
907 4221 956 4274 deo
968 4223 1082 4291 ingenito
1094 4234 1204 4292 sumpto.

42 4296 88 4344 rins
101 4297 171 4345 uertit
184 4293 210 4343 in
224 4309 339 4344 versuum
354 4289 438 4359 specie
452 4288 607 4358 pronuntiati
673 4289 698 4342 9.
716 4289 879 4357 προςιεμένης
894 4295 984 4343 restitui
1000 4307 1030 4342 ec
1046 4295 1123 4356 Resnt.
1159 4295 1203 4344 Ge·

43 4359 295 4426 pronuntiationem,
327 4369 354 4411 et
377 4358 509 4410 solutionis
535 4357 606 4410 soln—
639 4362 726 4410 nuloce
740 4363 871 4422 scriptione
886 4363 1018 4422 corruptele
1034 4367 1067 4412 est
1081 4360 1205 4426 πρωιῑμέ-

41 4427 153 4496 tionern,
189 4445 240 4498 quo
265 4427 362 4479 facilius
385 4426 554 4490 retineantur,
581 4436 607 4476 et
641 4443 701 4492 νης,
724 4428 787 4488 quod
803 4429 886 4491 lenitur
901 4432 925 4478 tn
940 4429 1009 4478 codd.
1027 4445 1082 4480 mss.
1100 4435 1204 4493 utroque,

42 4497 215 4565 aggressiones
229 4507 255 4548 et
269 4496 452 4566 epicheremata
467 4496 532 4546 clarc
547 4495 607 4557 sint,
641 4495 703 4544 node
721 4497 819 4546 editores
837 4497 978 4558 effinxerunt
994 4497 1152 4566 προϊεμένης.

918 4581 988 4649 tt*
