3082 5006
294 281 336 346 32
438 307 442 314 ·
719 290 844 344 εεαστι
860 290 1034 344 εειειιιαα
1071 313 1076 328 ·

294 408 348 492 τήν
365 405 506 490 τοιαύτην
522 403 670 474 ῦπόθεσιν
686 408 816 490 ἐχουσιῖν
833 405 887 489 τήν
902 410 1058 488 διοίκησιν.
1089 401 1167 472 Οῦτε
1176 403 1238 492 γάρ
1252 408 1283 485 ἐξ
1301 407 1453 485 'teum
1532 420 1533 450 ί

293 508 388 593 κότης
410 509 582 592 δυνάμεθα,
605 505 674 574 οῦτε
691 505 751 574 άπό
775 507 905 591 δένάτης
918 506 1042 590 σελήνης
1058 506 1216 590 δυνάμεθα
1237 507 1387 592 ἄρξασθαι
1402 517 1455 592 τής

293 609 463 694 ἑβδομάδος
483 617 536 694 τής
558 614 744 695 ξηροφαγίας
768 613 820 676 καλ
843 611 950 694 Πάσχα
973 611 1157 692 καλουμένης
1170 605 1272 695 άγίας,
1299 605 1373 678 άλλά
1394 609 1454 676 άκδ

296 713 423 795 δεκάτης
438 715 495 790 δας
508 709 740 795 διαφωσκούσης
754 711 1028 794 πεντεκαιδεκάτης,
1050 710 1231 795 μεσαζούσης
1241 718 1301 777 τοῖν
1316 711 1372 780 δύο
1387 711 1456 798 δρό-

167 843 220 892 ⁹²!-
237 832 283 878 αι.
297 839 376 898 μαν,
409 813 515 890 νυκτός
537 839 568 880 τε
588 816 640 880 καί
662 811 783 898 ήμέρας.
828 817 890 880 Καὶ
915 815 1254 896 συναναλαμβανομένου
1278 821 1333 880 τοῦ
1356 813 1457 880 αῦτῦν

295 915 446 1001 άριθμοῦ,
475 925 535 983 τοδν
551 913 905 1003 δεκατεσσάρανήμεροῖν
920 922 973 998 τής
988 914 1126 998 σελήνης,
1148 911 1208 980 κάν
1221 939 1252 980 τε
1267 915 1456 1000 παράπτηται

296 1021 338 1095 είς
354 1022 514 1100 ἐπίψαυσιν
529 1025 583 1100 τής
599 1018 876 1100 πεντεκαιδεκάτης,
899 1015 949 1084 διά
964 1016 1019 1101 τήν
1034 1020 1064 1094 ἐξ
1081 1015 1214 1103 άνάγκης
1229 1015 1385 1100 άιτρίβειαν
1403 1025 1456 1084 τοῦ

296 1145 326 1186 τε
349 1118 478 1203 ἡλιακοῦ
505 1119 621 1206 δρόμου
644 1119 715 1203 μετά
732 1118 785 1203 τήν
806 1122 975 1205 ίσημερίαν,
1003 1121 1055 1185 καί
1076 1125 1131 1186 τοῦ
1147 1126 1324 1202 σεληνιακοῦ
1341 1119 1457 1204 δρόμου

295 1221 346 1290 διά
368 1222 423 1307 τήν
445 1223 777 1304 τεσσαρεςιιαιδεκάτην,
807 1223 934 1304 ταύτης
956 1221 1126 1305 ἑβδομάδος
1150 1223 1306 1308 θιτλήρους
1329 1220 1380 1289 διά
1406 1221 1458 1304 τήν

295 1323 442 1410 κυριακήν
464 1327 515 1392 καί
539 1323 590 1390 τόν
611 1321 672 1390 άπό
696 1323 823 1406 δεκάτης
846 1321 958 1408 ήμίρας
978 1323 1100 1406 σελήνης
1124 1321 1274 1410 άριθμόν,
1312 1323 1376 1407 ήτις
1399 1325 1457 1390 ἐστὶ

215 1450 217 1454 ’
296 1427 442 1510 σύλληψις
458 1433 511 1492 τοῦ
524 1424 679 1510 προβάτου
696 1428 748 1491 καί
763 1423 931 1509 άιτροστιχλς
946 1433 1000 1491 τοῦ
1019 1423 1164 1509 ὀνόματος
1180 1431 1234 1492 τοῦ
1247 1423 1358 1509 Ἰησοῦ,
1381 1428 1458 1492 ἐπει·

297 1529 337 1614 δή
358 1535 398 1618 τηῖ
422 1525 545 1611 όνόματι
569 1523 662 1592 αύτοῦ
691 1527 765 1594 ιθεοῦ
790 1526 953 1594 άντίτνπον
975 1525 1071 1593 αύτοῦ
1091 1527 1244 1613 πρόβατον
1268 1526 1459 1611 ἐλαμβάνετο,

297 1630 360 1699 άπό
380 1627 506 1713 δεκάτης
522 1628 619 1705 οῦτοις
633 1625 822 1713 δραξάμενον·
858 1627 1001 1696 ιιούκέτι
1016 1631 1049 1695 δὲ
1066 1629 1297 1712 δπιφοοσκοῦσης
1319 1631 1459 1708 ηἑξκαι-

264 1779 271 1790 -
299 1732 435 1816 δεκάτης,
457 1729 525 1798 οῦτε
539 1728 601 1797 άπό
626 1729 793 1815 1’ἐννάτης
808 1731 930 1815 σελήνης
945 1731 1102 1814 δυνάμεθα
1119 1731 1174 1814 τήν
1190 1728 1284 1817 άρχήν
1298 1734 1374 1814 ἐχειν
1390 1731 1412 1814 ή
1427 1730 1460 1797 τό

213 1889 218 1902 .
297 1837 388 1912 τίλας.
436 1837 476 1899 Οῖ
493 1831 551 1919 γάρ
573 1836 722 1914 δνιαυτοδ,
751 1831 994 1921 άνθνπερβάτας
1011 1831 1201 1919 ύστεροῦντες
1223 1833 1275 1899 διά
1296 1829 1367 1909 τούς
1380 1837 1460 1916 διηλ-

216 1986 221 1995 -
297 1938 460 2024 λαγμένους
477 1933 554 2021 πρός
568 1932 712 2018 άλλήλους
727 1935 878 2022 δρόμους,
899 1933 986 2019 ήλίου
999 1961 1030 2001 τε
1043 1937 1093 2000 καί
1108 1935 1246 2019 σελήνης,
1273 1933 1386 2018 ταύτην
1407 1932 1460 2019 τήν

299 2037 457 2122 άνισότητα
474 2040 654 2119 ἐκτελοῦσιν,
676 2037 714 2104 οῦ
745 2038 954 2105 Ησκάνδαλον
977 2037 1059 2125 παρά
1082 2046 1161 2107 θεοῦ
1179 2035 1358 2126 α’ρισμένον,
1389 2035 1461 2104 άλλά

297 2148 351 2226 τῆς
367 2138 518 2230 άκριβείας
533 2138 641 2224 ταύτης
663 2143 696 2208 ἐκ
719 2147 796 2206 θεοῦ
810 2142 1001 2227 τεταγμένης,
1031 2139 1102 2222 μετά
1118 2139 1174 2224 τήν
1187 2138 1348 2220 πάνσοφον
1366 2137 1461 2206 αῦτοῦ

299 2249 460 2328 διοίκησιν,
489 2243 528 2327 ἣν
543 2245 699 2329 ἐχαρίσατο
724 2249 765 2331 τρῖ
788 2246 855 2332 ίδίηο
873 2245 976 2324 αίοῖνι,
999 2241 1069 2319 τοῦς
1084 2239 1228 2328 δρισμούς
1242 2240 1330 2319 τάξας
1342 2240 1463 2326 φαστή-

298 2372 359 2432 ρων
373 2370 404 2413 τε
418 2347 469 2412 καί
487 2351 599 2429 καιρῶν
619 2347 669 2410 καί
686 2351 790 2427 μηνοῖν
807 2346 859 2410 καὶ
878 2348 1023 2412 ἐνιαυτοῖν
1038 2347 1091 2410 καί
1104 2352 1240 2431 τροπαῖα,
1271 2346 1321 2410 καί
1344 2351 1460 2430 ι’τερα

299 2444 440 2532 νοητικήν
462 2443 638 2531 άνθροῖποις
660 2447 693 2512 ἐκ
714 2453 768 2528 τῆς
789 2445 885 2513 αύτοῦ
904 2451 1135 2534 φιλανθρωπίας
1156 2447 1328 2530 ἐπιμέλειαν.

161 2668 282 2740 [ςφηης
390 2656 450 2716 Τοῦ
473 2648 530 2736 γάρ
556 2652 695 2716 ἐνιαυτοῦ
721 2647 797 2716 κατά
821 2649 875 2716 τόν
902 2648 1026 2734 ήλιακόν
1054 2650 1170 2737 δρόμον
1193 2649 1401 2738 πληρουμένον
1432 2653 1465 2717 ἐν

303 2755 508 2838 ιτριακοσίαις
530 2751 672 2835 ἐξήκοντα
698 2753 784 2818 πίντε
806 2749 932 2838 ήμέραις
956 2755 1006 2819 καλ
1026 2751 1117 2840 ῦραις
1139 2755 1215 2839 τρισί
1233 2756 1394 2835 συμβαίνει
1411 2749 1464 2818 διά

297 2851 332 2919 τό
357 2850 412 2938 τήν
435 2853 558 2937 σελήνην
577 2861 673 2920 ποιεῖν
697 2852 751 2919 τόν
774 2853 911 2921 ἐνιαυτόν
934 2851 1059 2940 ήμίραις
1080 2853 1103 2919 τ’
1123 2853 1305 2938 πεντήκοντα
1327 2856 1464 2940 τέσσαρσι

298 2958 452 3022 λείπεσθαι
470 2963 513 3045 τρῖ
530 2957 583 3040 μέν
600 2953 676 3024 κατά
690 2954 746 3038 τήν
759 2954 882 3040 σελήνην
899 2956 1002 3046 δρόμῳ
1019 2959 1123 3023 ἐνδεκο
1137 2953 1251 3043 ήμόρας
1264 2957 1316 3022 καὶ
1332 2954 1415 3042 ῦρας
1428 2954 1463 3043 μ’.

300 3059 363 3122 Καὶ
388 3065 430 3147 τῷ
455 3058 509 3140 μὲν
532 3057 641 3148 πράττη
668 3060 795 3147 ἐνιαυτῷ
818 3062 948 3143 γίνονται
968 3061 1003 3124 αί
1014 3058 1195 3142 καλούμεναι
1214 3060 1341 3124 ἐπακταλ
1356 3059 1464 3124 δνδεκα

298 3159 350 3224 καὶ
363 3151 440 3245 οῖραι
453 3168 548 3245 τρεῖς,
570 3161 697 3248 δευτέρῳ
715 3161 772 3225 ἐτει
789 3155 898 3245 ήμίραι
912 3163 1007 3226 είκοσι
1020 3159 1076 3227 δύο
1095 3153 1170 3247 (δραι
1183 3165 1233 3240 ἐξ,
1262 3164 1350 3248 τρίτην
1365 3162 1465 3226 ἐνιαυ-

299 3267 341 3349 τρῖ
355 3257 463 3347 ήμόραι
478 3270 711 3347 τριακοντατρεῖς
730 3261 781 3326 καὶ
796 3251 873 3347 άραι
887 3260 928 3327 θ’.
974 3265 1035 3328 Καί
1056 3264 1190 3345 τέμνεται
1206 3260 1224 3328 ό
1238 3259 1281 3338 είς
1296 3260 1355 3345 μήν
1372 3261 1465 3346 ἐμβό-

299 3369 386 3444 λιμος
407 3362 598 3447 καλούμενος.
641 3360 902 3448 Ἐμβαλιμεύονται
928 3363 983 3449 γάρ
1007 3368 1041 3430 αῖ
1053 3363 1214 3451 τριάκοντα
1235 3361 1357 3450 ήμέραι,
1387 3360 1464 3430 ύιεο·

300 3466 449 3530 λείπονται
465 3465 498 3530 δέ
514 3463 622 3550 ήμέραι
635 3474 729 3549 τρεῖς,
751 3457 829 3551 δραι
844 3463 887 3544 θ’,
911 3469 1020 3544 αἵτινες
1034 3469 1263 3551 προςτνθέμεναι
1278 3474 1343 3542 ταῖς
1357 3467 1465 3532 ἐνδεκιι

299 3574 365 3642 ταῖς
387 3563 447 3632 άπδ
466 3565 606 3649 τετάρτου
629 3570 730 3646 ἐτους,
762 3569 813 3632 καί
830 3565 920 3650 δραις
937 3570 1015 3653 τρισί
1030 3574 1161 3654 γίνονται
1180 3565 1286 3655 ήμέραι
1303 3567 1351 3646 ιδ’,
1385 3559 1464 3654 ῦραι

301 3667 350 3751 ιβ’.
394 3664 509 3734 ’Ἁλλαν
534 3670 638 3734 ἐνδικα
661 3669 916 3754 προςτιθιμέναν,
945 3672 995 3734 καί
1016 3667 1107 3755 α’ρῦν
1128 3677 1235 3757 τριῦν,
1265 3674 1397 3756 γίνονται
1421 3669 1464 3736 κε’

301 3771 429 3836 ἐπακταλ
446 3771 497 3834 καί
513 3761 589 3855 ῦραι
608 3768 649 3835 ιε’.
695 3773 754 3836 Καί
771 3776 812 3858 τῷ
829 3772 904 3859 ἐκτφ
920 3773 1043 3860 ἐνιαυτῷ
1059 3773 1300 3860 προςτιθεμέναν
1313 3768 1410 3838 ἄλλων
1425 3771 1466 3838 ια’

302 3877 356 3938 τοῦ
378 3873 479 3948 ἔτους,
507 3874 559 3937 καί
576 3869 664 3958 εῦροῦν
680 3871 717 3959 γ’,
748 3875 879 3959 γίνονται
895 3869 1002 3957 ήμίραι
1017 3873 1057 3950 λς’
1071 3876 1122 3939 καί
1139 3867 1214 3958 δραι
1229 3873 1279 3956 ιη’,
1306 3877 1341 3937 αἳ
1354 3881 1465 3940 ιτοιοῦ-

300 3995 347 4040 σιν
364 3973 525 4057 ἐμβόλιμον
539 3979 618 4056 μῆνα
631 3977 699 4054 ἵνα,
719 3976 772 4039 καί
790 3974 1052 4058 ’ἐνεβολεύθησαν
1067 3977 1118 4042 καί
1128 3975 1207 4042 κατά
1223 3980 1289 4060 τρία
1305 3977 1356 4057 ἐτη
1372 3983 1467 4059 μῆνες

299 4072 372 4155 δύο,
395 4085 458 4152 τοῖς
471 4075 601 4162 πράτοις
618 4079 712 4163 τρισίν
725 4079 800 4142 ἐτεσι
816 4071 875 4159 μήν
893 4071 950 4156 είς,
974 4079 1024 4143 καί
1040 4079 1072 4144 ἐν
1088 4087 1149 4156 τοῖς
1166 4075 1263 4154 άλλοις
1277 4077 1373 4164 τρισὶν
1388 4080 1467 4145 ἐτεσι

332 4244 356 4298 7.
374 4245 557 4316 δξκαιδεκάτης
571 4251 639 4300 mad.
653 4265 706 4301 τιατ.
723 4255 827 4312 umque,
843 4254 864 4300 τί
933 4248 972 4302 10.
988 4248 1032 4303 τοῦ
1046 4253 1129 4302 vitium
1144 4257 1177 4303 εεί
1189 4253 1225 4302 εδ.
1238 4253 1320 4303 Ρείου.
1333 4253 1415 4304 colon.
1426 4265 1466 4304 εε-

300 4313 354 4365 edit.
370 4317 445 4376 ρτλτιι.
481 4311 666 4382 ἐκκαιδεκότης
682 4319 711 4368 εδ
736 4321 816 4368 mu
894 4323 942 4381 ριί.
1028 4363 1031 4374 .

332 4384 357 4432 δ.
375 4378 480 4448 ίιιάτης
494 4387 545 4436 coa.
563 4387 659 4447 λελιδλς.
932 4384 970 4436 11.
987 4378 1090 4438 οῦκίστι
1105 4389 1172 4438 codd.
1191 4400 1247 4438 ποτε.
1264 4393 1368 4451 υλττηιιε.

332 4446 358 4498 9.
375 4441 475 4518 πλήρης
497 4454 566 4506 coda.
583 4467 639 4504 ιιιιι.
655 4457 765 4518 umque,
788 4458 810 4504 τε
825 4453 861 4505 ιδ.
935 4455 970 4502 12.
984 4449 1252 4520 ῖξκαιδτκοὶτηςοοδσ.
1265 4469 1321 4505 τινα.
1335 4461 1466 4519 ααρυτεε

297 4517 375 4584 μείου.
893 4523 948 4573 αιλίλ
964 4522 1041 4584 μήτε.
1075 4517 1263 4590 ίκκαιδειιάτης
1277 4525 1313 4576 ιδ.
1331 4527 1415 4576 Ρτλαυ.
