3072 5002
298 257 437 312 PAMRll
454 259 518 311 [all.
535 259 580 310 ΠΙ.
595 257 679 311 ΤθΜ.
692 259 712 309 l.
727 257 828 310 ΗᾸΕΗ.
845 257 967 309 Lxxttt.
1148 245 1211 307 ill

68 377 248 462 spirarensnr,
274 377 444 444 messario
461 377 598 458 snlieeit‚
621 383 700 441 Ante
714 399 809 440 mea
821 379 909 442 eolles
923 381 1027 456 genuit
1039 397 1091 438 sna.
1140 371 1214 458 Qui·

67 477 114 543 lus
130 479 203 566 marn
220 481 355 546 nobisne
371 481 517 568 passionis
532 479 629 545 omnis
648 489 800 566 expertem
817 479 909 564 ipsius
927 499 967 544 ex
980 489 1062 563 patre
1078 477 1128 542 dlii
1146 499 1214 562 pro·

65 581 208 665 prietatem
225 584 386 670 expressit.
432 581 544 648 Verum
564 583 655 648 semel
672 585 816 647 duntaxat
831 592 933 668 pater,
957 580 1107 664 semelque
1124 579 1211 659 ilius,

65 683 97 746 ol
116 685 191 750 illum
220 708 306 770 quam
329 687 458 752 diximus
489 689 564 771 pium
589 685 634 750 dei
660 684 902 770 germanitatem,
934 682 1026 768 geniti
1048 682 1133 748 nobis
1159 703 1213 748 ro·

64 785 187 852 ealulnus
211 789 376 854 ediderunt.
421 787 464 852 At
481 787 572 872 patris
597 798 627 851 et
645 787 695 851 liiii
715 786 881 852 nominibus
897 785 1015 873 plenum
1033 795 1082 849 est
1101 805 1210 850 nerum

64 907 140 954 omne
163 901 382 954 testamentum.

139 989 200 1057 Sed
219 1004 252 1057 ut
268 992 396 1079 propriis
412 993 475 1057 suis
498 993 576 1056 notis
592 1012 688 1058 noune
705 992 782 1056 illins
799 991 936 1056 haeresis
953 989 1131 1056 nmhiteotos
1153 990 1213 1056 dis·
1225 995 1365 1066 cipxxt.

62 1114 175 1160 seruere
201 1095 359 1181 possimus,
386 1116 426 1160 ex
438 1095 535 1160 multis
553 1115 628 1180 quoe
644 1097 680 1158 do
693 1094 745 1158 illo
759 1104 932 1178 argumento
946 1093 1131 1180 seripserunt
1143 1113 1214 1178 pan·

61 1217 107 1274 ea,
129 1217 165 1261 ne
187 1197 305 1282 longior
320 1197 393 1276 sim,
418 1199 582 1262 nduotoudn
601 1197 713 1283 putori.
758 1194 807 1260 En
827 1195 931 1280 quibus
947 1195 1082 1260 ostholiei
1099 1207 1160 1260 ton
1177 1197 1212 1260 il·

62 1295 110 1362 lius
125 1297 260 1364 haeresis
277 1311 374 1364 mente
390 1310 560 1385 perspeeta,
585 1294 771 1379 neucesarie,
797 1309 827 1362 ut
844 1298 968 1384 opinor,
992 1308 1140 1375 stntaent,
1162 1298 1212 1382 qni

62 1398 124 1464 haee
138 1401 331 1487 scripserint,
362 1403 464 1467 eodem
483 1402 546 1487 ipsa
560 1401 731 1479 damnasse,
761 1413 793 1465 et
806 1402 932 1487 ipssroet
955 1401 1091 1484 dogmata
1107 1421 1161 1465 sun
1176 1401 1212 1465 sb

60 1503 232 1586 apostolieae
254 1504 320 1568 fidei
344 1505 495 1570 consortio
515 1504 660 1580 reiieere,
691 1504 745 1568 sed
763 1515 794 1569 et
810 1525 863 1568 eos
885 1505 1025 1568 damnnre
1043 1502 1091 1588 qni
1110 1504 1211 1568 endem

60 1623 149 1668 seeum
173 1605 305 1670 enudant
332 1627 366 1671 au
389 1607 525 1672 densant.
577 1603 727 1690 Siquidem
752 1605 784 1670 iu
807 1607 880 1671 duee
904 1604 993 1668 verbs
1017 1605 1211 1692 seripserunt.

58 1703 128 1770 Nam
155 1709 308 1793 praeolar'a
332 1708 446 1772 seilieet
468 1707 568 1774 dirius
588 1708 680 1773 verbs
705 1708 922 1773 communiones
949 1706 1098 1771 nobiseum
1126 1729 1211 1793 quam

61 1805 228 1874 durissimo
244 1831 382 1875 sermone
399 1811 550 1876 constitui.
596 1807 780 1896 Qniounqne
796 1807 978 1876 substautias
993 1808 1211 1875 similitudinem

60 1929 171 1976 serrare
185 1933 252 1976 eum
270 1923 353 1998 putre
368 1914 456 1977 lilium
481 1923 601 1998 potunt,
633 1913 792 1978 sueritute
813 1913 928 1996 longius
951 1915 1144 1992 nberrnrnnt3
1175 1933 1212 1977 eo

61 2015 127 2092 qnod
160 2015 358 2100 appellatione
386 2015 449 2100 ipsu
481 2015 603 2099 ingenili
633 2015 727 2079 simile
758 2017 918 2080 secundnm
946 2027 1079 2081 naturum
1105 2016 1213 2078 nonde·

59 2127 161 2182 noant.
211 2115 328 2182 Rursus
346 2117 385 2181 ita
401 2117 566 2202 disputant:
600 2113 693 2182 Filius
715 2137 802 2201 perro
824 2119 1017 2201 generatione
1041 2117 1137 2181 minor
1153 2128 1210 2196 est,

58 2228 83 2280 et
97 2239 163 2284 esse
183 2218 303 2284 dieitur.
347 2217 420 2284 Non
444 2219 534 2303 igitur
552 2229 674 2283 moturae
692 2218 909 2284 similitudinem
936 2239 1060 2284 seruere
1082 2241 1147 2284 oum
1168 2218 1213 2282 in-

57 2320 148 2401 genito
172 2332 284 2407 potest.
329 2318 442 2386 Verum
467 2321 513 2386 dei
535 2321 734 2400 voluntatem,
764 2343 850 2406 quem
873 2321 1038 2408 inproprie
1061 2321 1212 2407 hypostasi

59 2419 195 2507 integrum
216 2423 320 2502 hebet,
353 2445 388 2488 ao
408 2425 574 2503 sineernm,
607 2433 776 2489 senserunt.
821 2421 970 2506 Quooiren
995 2423 1212 2488 similitudinem

60 2523 166 2606 quidem
185 2535 365 2604 conservat,
389 2527 441 2590 sed
456 2547 515 2592 non
532 2527 562 2590 in
579 2536 702 2604 nature,
735 2547 838 2590 rernm
852 2527 882 2590 iu
901 2528 1052 2592 volentate
1070 2527 1211 2611 positam

59 2629 178 2712 eoquod
196 2628 312 2712 qualem
332 2629 425 2694 voluit
443 2629 506 2714 ipse
522 2629 672 2714 produxit.
718 2625 758 2692 Et
777 2648 911 2706 rursum,
936 2626 1092 2713 Quomodo
1109 2650 1167 2692 non
1182 2638 1213 2692 et

59 2747 163 2794 neonus
178 2729 244 2816 ipse
262 2730 365 2794 lutens
388 2731 476 2796 fllium
498 2731 572 2816 patri
596 2741 701 2794 nature
717 2751 774 2794 uon
794 2751 861 2796 esso
879 2729 1025 2796 similem?
1068 2729 1211 2810 llursnrn,

60 2824 127 2896 Cen
141 2833 223 2896 lilius
240 2833 323 2898 exitu
341 2853 444 2897 osrere
467 2833 546 2897 omni
566 2833 701 2912 dicetur,
736 2830 784 2918 qui
802 2832 893 2898 vitum
911 2833 1027 2918 propris
1045 2851 1084 2896 es
1109 2843 1213 2898 natura

59 2951 109 2998 non
133 2935 241 3014 habet,
273 2935 325 2998 sed
347 2955 388 3000 ex
406 2934 531 3020 ingeniti
556 2945 720 3020 potestate,
751 2935 882 3019 ingenito
907 2956 997 3021 porro
1020 2945 1125 3000 nutura
1146 2935 1211 2999 sine

58 3034 108 3100 alle
124 3037 183 3102 due
201 3037 282 3100 omni
299 3037 339 3101 sit
358 3047 504 3122 potestnte
521 3037 676 3124 superior,
700 3057 799 3102 nenne
815 3037 968 3102 manifeste
982 3036 1060 3121 impii
1075 3057 1143 3102 sese
1159 3036 1211 3100 lno-

58 3137 144 3202 nines
160 3139 308 3224 produnt,
331 3141 400 3204 dnm
417 3140 565 3206 essentiae
584 3139 772 3204 similitudine
790 3139 927 3204 diversae
945 3138 1125 3204 substantioe
1139 3140 1210 3223 dog-

58 3259 113 3319 ne,
135 3242 213 3327 quod
234 3241 336 3326 pietati
349 3251 580 3306 consentaneum
596 3251 660 3320 est,
685 3244 885 3306 commutanti
929 3238 1061 3317 Deinde,
1086 3237 1211 3328 Propte-

58 3359 120 3421 rea,
142 3343 299 3428 inquiunt,
324 3345 415 3430 patris
430 3364 536 3409 nomen
551 3343 746 3408 substantium
762 3365 821 3408 non
836 3343 993 3428 signifieat,
1016 3345 1068 3408 sed
1082 3354 1210 3430 potesta·

58 3451 126 3525 ten,
161 3466 240 3531 quse
266 3446 356 3511 lilium
372 3457 441 3511 ente
462 3445 582 3512 sneonla
605 3445 704 3510 omnia
724 3446 811 3510 deum
831 3446 953 3510 verbum
968 3445 1127 3530 produxit,
1161 3445 1210 3531 qui

58 3545 247 3612 animantiam
270 3548 349 3618 illam
373 3569 408 3612 so
429 3557 603 3634 potestatem
624 3546 681 3612 sibi
701 3547 730 3612 in
749 3558 901 3614 oeternum
923 3548 1165 3614 eommnniestam
1180 3549 1210 3613 in

57 3665 117 3712 aeae
141 3651 287 3714 eontinet.
337 3647 471 3735 Pergunt
491 3651 614 3716 iterum:
649 3645 682 3714 Si
706 3651 796 3735 putris
818 3649 993 3716 venabulum
1017 3651 1210 3718 substantiam

59 3749 235 3834 significare,
259 3773 317 3816 non
336 3763 509 3839 potestnem
528 3752 637 3832 velint,
669 3752 772 3817 eadem
789 3752 851 3837 ipsu
871 3753 963 3839 putris
979 3773 1052 3818 roos
1070 3751 1212 3836 unigeniti

60 3871 164 3938 queque
187 3874 345 3940 personum
369 3855 439 3920 lieet
458 3854 615 3940 appellent.

134 3953 197 4023 Sed
214 3957 360 4022 euveum
379 3977 472 4024 noves
490 3957 563 4021 istos
587 3956 751 4024 haereticos
776 3957 852 4022 lnnno
869 3956 899 4022 in
918 3958 1035 4024 modurn
1051 3955 1210 4042 disputeti-
1240 3963 1321 4085 xcppp

88 4154 110 4209 n
127 4157 188 4226 ior-ep
205 4162 245 4212 ed»
261 4163 346 4214 Peleu·
647 4167 680 4212 est
698 4161 743 4214 sed
760 4161 892 4229 poteststis
910 4178 974 4230 qnae
994 4159 1112 4228 produxit
1132 4159 1210 4212 lilium

68 4223 111 4304 ,l
127 4229 216 4292 Seipal
231 4217 264 4294 tls
278 4227 305 4282 ἐν
321 4223 392 4298 adop
409 4229 557 4298 δωρηθιῖσα
570 4245 615 4294 pre
647 4237 705 4280 aute
722 4230 820 4282 ascula
837 4229 912 4282 deum
929 4229 1047 4292 verbnm,
1076 4245 1149 4297 quam
1164 4229 1209 4281 ha·

61 4305 89 4354 *n
103 4291 126 4346 ln
141 4290 213 4366 αὐτῷ
229 4297 407 4363 δυρηθεῖσαν.
431 4301 494 4362 qnod
509 4303 535 4350 tn
550 4301 615 4350 tibris
647 4296 691 4348 bet
707 4296 803 4350 infinite
817 4298 866 4366 ipsi
881 4297 1018 4359 donatam,
1035 4307 1061 4348 et
1077 4313 1150 4366 quam
1165 4313 1209 4348 es-

60 4361 614 4438 wennesweettndnunntomonndrelm-
645 4365 752 4417 sentiam
769 4383 799 4418 ae
813 4375 966 4435 potestatem
983 4365 1076 4420 unbem
1092 4381 1208 4434 perseru-

61 4436 227 4508 teruennenses
246 4435 359 4486 Pelendos
367 4428 614 4501 mnneitrrlsdsml·
646 4443 693 4486 rut.

61 4507 94 4564 τῳ
109 4499 274 4566 umentem.
308 4503 437 4556 omem
452 4506 616 4570 immonni
679 4503 705 4558 ts
722 4497 819 4572 πατρὸς
830 4505 963 4568 uenturo
978 4510 1011 4557 ee
1027 4505 1148 4564 Peneus
