3068 5008
525 293 850 350 tutesruauaeosrs.
1203 279 1264 344 575

112 415 241 501 privatim
257 417 360 490 eodem
379 439 435 502 quo
454 414 552 482 ludaei
574 425 707 500 tempore
729 413 891 478 celebrant.
940 409 994 476 Est
1011 423 1040 476 ct
1059 412 1194 496 quiddam
1216 434 1265 496 po-

110 518 215 582 culiare
235 519 323 604 ipsis,
350 521 424 604 quod
442 518 602 582 deleuduut
618 538 729 580 summa
750 515 950 580 contentione.
998 511 1114 600 Quippe
1131 517 1206 598 quod
1227 515 1263 578 od

107 620 260 706 imaginem
283 623 422 706 scriptum
447 633 494 686 est
516 621 616 686 durius
639 619 883 704 interpretantur.

190 721 369 788 photiniani.
415 721 559 788 Photinus
576 723 632 786 iste
650 721 759 786 Sirmio
775 721 915 786 orirmdes
932 721 967 784 ad
984 719 1155 786 hodiernum
1172 739 1264 803 usquc

108 837 218 910 tempus
242 839 408 912 supererat.
456 824 514 910 Qui
534 826 649 909 quidem
669 825 769 888 eadem
789 845 853 888 curn
873 821 963 888 Paulo
980 821 1179 888 Samosatcno
1197 841 1265 886 sen-

106 927 152 990 tit.
196 926 346 992 Nonnulla
362 939 431 992 sunt
450 939 545 992 tamen
562 928 592 992 iu
610 928 714 1012 quibus
729 927 764 989 ab
782 929 884 990 eodem
900 925 1033 990 dissidet.
1080 923 1153 988 ltem
1169 947 1185 988 e
1200 921 1266 988 tta-

104 1031 150 1094 ria
173 1027 321 1095 Christum
345 1030 458 1094 initium
483 1030 598 1115 penitus
621 1030 773 1114 accepisse
797 1039 888 1114 putat.

188 1129 386 1198 Marcelliani.
432 1132 546 1196 llorum
562 1130 724 1196 Marcellus
741 1141 844 1194 auctor
858 1132 975 1208 estitit,
1000 1131 1141 1216 Ancyrae
1156 1129 1186 1192 in
1203 1127 1263 1196 Ga·

104 1236 174 1299 latia
192 1239 359 1321 episcopas.
406 1233 464 1318 eri
490 1258 554 1298 cum
576 1235 660 1299 initio
684 1255 735 1318 pro
753 1232 923 1298 Sabelliaoo
948 1233 1093 1300 communi
1112 1236 1187 1301 laena
1207 1244 1265 1296 tra-

103 1339 207 1402 ductus
227 1351 324 1418 esset,
348 1339 478 1424 seipsum
495 1340 582 1403 ctiam
599 1337 708 1422 scripto
727 1358 941 1421 saepenumero
962 1348 1134 1422 purgasset,
1165 1359 1182 1398 a
1203 1337 1261 1422 ple·

102 1442 202 1526 risque
220 1452 317 1504 tarnen
338 1440 479 1506 creditum
497 1451 542 1504 est
561 1441 595 1504 ad
614 1442 731 1506 easdem
750 1439 844 1523 ipsum
862 1439 1016 1523 opiniones
1034 1439 1260 1505 adhaerescere.

102 1539 186 1606 Fieri
204 1555 301 1629 potest
319 1555 351 1608 ut
366 1544 414 1607 vel
436 1544 499 1628 ipse
524 1552 634 1608 motata
659 1541 807 1606 sententia
832 1542 983 1605 meliorem
1001 1543 1037 1606 ad
1054 1553 1181 1609 mentem
1196 1559 1264 1606 sese

100 1645 308 1724 revocaverit,
342 1646 390 1710 rel
415 1645 479 1708 eins
505 1645 650 1730 discipuli.
696 1641 773 1708 Nam
792 1665 844 1728 pro
868 1644 1000 1730 utrisque
1018 1643 1176 1710 orthodoxi
1201 1645 1263 1728 qni·

98 1750 167 1810 dam
191 1769 259 1812 sese
282 1749 456 1812 deleusores
479 1747 730 1832 interposuerunt.

188 1847 378 1916 semiariani.
425 1846 576 1916 Christum
601 1849 642 1912 illi
668 1861 832 1915 ereaturam
858 1870 926 1916 esse
949 1848 1065 1928 dicunt,
1098 1851 1149 1914 sed
1175 1850 1264 1914 cavil-

94 1955 190 2018 lando
209 1963 304 2017 tameo
322 1964 432 2037 negant
445 1963 611 2016 ceterarum
629 1962 830 2014 creaturarum
848 1972 916 2016 esse
931 1951 1067 2030 similem,
1091 1953 1142 2016 sed
1162 1953 1262 2032 lilium,

91 2053 255 2140 inquiunt,
285 2053 364 2118 illum
383 2054 525 2128 dicimus,
561 2073 661 2116 rerunt
682 2073 718 2116 ne
742 2073 781 2116 ex
799 2055 991 2138 generatione
1011 2055 1073 2139 ipsa
1095 2055 1152 2118 ulla
1166 2056 1195 2118 in
1214 2079 1265 2140 pa·

91 2169 178 2228 trem
196 2157 313 2222 affectio
334 2156 503 2231 derivetur,
526 2156 651 2218 eundem
671 2167 800 2218 creatum
821 2157 1005 2220 confitemur.
1052 2155 1142 2222 lidem
1159 2169 1188 2222 et
1205 2159 1263 2241 spi·

90 2261 191 2324 ritum
210 2272 343 2324 sanctum
361 2259 480 2322 omuino
499 2268 664 2320 ereaturam
681 2278 748 2323 esse
767 2258 925 2336 deliniunt,
951 2281 1074 2344 utrmque
1092 2253 1263 2340 dpoodeeoa·,

87 2364 123 2426 id
148 2374 198 2425 est
220 2359 499 2425 consubstantialem
525 2359 696 2444 repudient,
729 2354 920 2440 decredetur,
952 2361 1006 2424 hoc
1033 2373 1079 2426 est
1099 2363 1262 2428 substernis

85 2465 229 2530 similem
252 2463 418 2530 admittunt.
466 2459 552 2544 Quod
576 2464 670 2547 ipsum
694 2472 792 2526 tamen
822 2463 936 2548 quidam
967 2485 1006 2528 ex
1028 2463 1086 2528 illis
1108 2479 1261 2551 respuunt.

186 2565 458 2630 Pueumatomachi.
507 2563 552 2630 lle
577 2560 698 2628 Christe
722 2565 769 2629 isti
797 2587 854 2628 non
878 2567 952 2630 male
976 2567 1125 2646 sentiunt,
1158 2569 1262 2634 sedin

77 2668 235 2755 spiritum
260 2679 393 2732 sanctum
420 2667 614 2731 contumelias
636 2666 763 2744 iaciunt,
796 2689 860 2732 curn
885 2680 914 2732 et
931 2682 1061 2734 creatum
1078 2683 1261 2752 assererent,

75 2784 117 2838 et
140 2793 161 2834 a
182 2770 337 2834 divinitate
359 2770 512 2847 reficiant,
547 2770 697 2836 imovero
721 2769 863 2836 abusione
891 2773 1013 2854 quadam
1038 2773 1120 2836 vocis
1145 2786 1263 2860 prepter

68 2873 248 2939 actionem
266 2873 359 2958 ipsam
377 2885 507 2936 creatum
524 2893 590 2936 esse
609 2872 718 2950 dicant,
744 2894 799 2936 nec
814 2872 973 2946 aliudesse
988 2875 1153 2962 quicquam,
1178 2899 1262 2964 prae-

66 2988 137 3041 ter
165 2975 231 3040 vim
254 2975 468 3040 sanctificandi.

188 3077 323 3142 Adriani.
368 3077 479 3142 Atrius
494 3098 510 3140 e
526 3075 622 3140 Ponto
638 3077 779 3141 oriundus
794 3078 938 3164 hodieque
956 3101 1059 3166 magna
1076 3083 1192 3148 humani
1208 3108 1260 3171 ge·

56 3179 181 3246 neris
217 3180 382 3244 calamitate
411 3191 558 3265 superest.
611 3175 724 3244 Fuerat
754 3179 821 3244 olim
852 3178 999 3245 Eustathii
1032 3185 1179 3272 episcopi,
1211 3190 1260 3274 qui

52 3283 210 3348 Ariani
237 3283 349 3346 erroris
372 3281 558 3347 insimulatus
584 3303 619 3344 ac
641 3281 790 3367 depositos
816 3293 878 3361 est,
911 3283 1080 3370 presbyten
1113 3291 1161 3374 qui
1184 3291 1259 3374 quod

49 3384 260 3470 episcopus
279 3406 332 3470 pro
353 3382 508 3448 Ecstathio
528 3394 643 3448 creatus
663 3405 722 3448 noo
743 3395 839 3464 esset,
871 3387 959 3452 molta
978 3390 1120 3456 adversus
1138 3391 1260 3456 catholi-

47 3508 152 3550 cam
189 3485 346 3550 ecelesiam
373 3489 508 3572 dogmata
534 3495 716 3550 commentus
742 3497 799 3549 est.
845 3488 909 3566 Ac,
940 3491 1015 3573 quod
1036 3493 1171 3559 adfidcor
1191 3493 1258 3558 atti·

49 3600 157 3668 net‚
199 3609 360 3672 germanus
387 3589 451 3653 Arii
476 3599 606 3652 sectator
622 3597 679 3652 cst.
726 3584 785 3652 Sed
802 3591 924 3674 amplius
943 3593 1076 3678 quiddam
1094 3595 1257 3679 profitetur.

55 3687 277 3755 Oblationes
302 3713 354 3776 pro
379 3692 501 3755 mortuis
525 3713 583 3756 nort
604 3689 856 3772 essedariorum,
890 3693 999 3760 ieiunia
1021 3707 1142 3781 quartae
1168 3693 1259 3756 leriae

68 3804 113 3857 et
134 3791 333 3858 Parasceoes
352 3814 386 3855 ac
404 3790 677 3876 Quadragesimae,
703 3813 757 3856 uec
775 3815 832 3858 uon
848 3795 1061 3874 ctPaschatis,
1092 3795 1257 3874 interdicit3

76 3914 204 3962 rerum
222 3897 350 3959 omnium
367 3894 617 3958 renuntiationem
632 3894 796 3978 praedicnt,
830 3902 961 3964 carnium
982 3920 1016 3960 ac
1034 3893 1204 3960 deliciarum
1222 3901 1257 3964 a'd
1350 3969 1353 3976 ,

76 3995 194 4063 vitam
213 4015 299 4060 omne
316 4017 410 4080 genus
431 3993 560 4058 adhibet.
608 3993 693 4082 Quod
719 4000 744 4064 si
761 4001 825 4084 quis
842 4011 1020 4066 sectatorum
1043 4017 1162 4062 suorum
1184 3999 1257 4066 iciu-

584 4216 612 4251 tc.
628 4207 663 4253 ot·
731 4205 772 4255 80.
791 4197 853 4255 oded
867 4203 934 4252 hehet
949 4203 1104 4252 sommarium
1122 4203 1222 4258 Panerh'
1234 4216 1256 4260 et

697 4273 777 4322 locnn.
796 4273 908 4320 Demeae.

32 4261 76 4530 ψ
604 4341 663 4402 rdtp.
730 4337 772 4387 81.
789 4339 900 4398 Suspicor
915 4337 959 4392 roh
977 4335 1011 4400 dr,
1046 4341 1083 4404 Cf.
1099 4348 1253 4396 summersam

698 4399 799 4454 Ponbrtt
813 4419 837 4466 p.
854 4401 911 4456 809.

730 4471 770 4523 et.
789 4469 890 4540 τετράδι
912 4477 979 4527 codd.
1003 4490 1057 4528 mss.
1076 4481 1165 4531 etedtt.
1177 4484 1254 4545 patae.
