3058 5014
293 325 571 380 stannaturam.
589 326 672 416 τοτε.
688 329 707 378 r.
726 325 827 377 nasa.
843 325 964 378 unni.
1142 315 1203 380 213

56 467 86 509 εε
99 446 122 510 si
146 446 245 533 genita
263 447 382 512 soboles
401 447 465 512 siue
482 447 541 511 ullo
559 448 617 511 bne
635 446 734 532 genita
757 457 819 526 εει,
852 467 943 532 prava
965 445 1014 510 illa
1042 447 1078 511 de
1101 446 1203 512 bomo-

55 549 129 614 onsio
154 561 187 624 ει,
207 549 398 614 homoeousio
423 551 570 614 sententia
592 548 812 636 prolligabitur:
846 570 911 612 oum
934 547 1003 612 illud
1028 549 1145 613 iuterim
1173 551 1203 614 iu

54 652 197 737 utriusque
221 664 344 717 naturae
368 651 510 737 dignitate
531 663 684 717 ramaneat
699 663 748 734 ut,
779 652 855 737 quod
873 652 909 714 ad
927 650 1119 715 substantiam
1136 653 1203 719 atti·

54 766 114 834 net,
138 755 302 841 comparari
324 754 402 819 inter
424 776 457 820 se
480 765 638 841 nequeant.

125 861 163 920 V.
186 853 221 922 Si
242 857 390 942 ingenitus
406 857 571 922 substantia
589 859 737 937 deusest,
762 857 837 941 quod
855 857 986 942 genitum
1006 867 1052 922 est
1067 879 1126 921 oon
1143 858 1202 922 dis·

52 959 190 1024 traetione
216 961 338 1045 quadarn
364 960 544 1024 substantiae
568 959 698 1046 genitum
727 969 791 1039 est,
830 959 882 1024 εει
909 960 945 1023 ab
964 959 1146 1041 substantia,
1183 983 1201 1026 a

52 1083 98 1144 pra
115 1063 286 1148 productum
309 1073 372 1142 est,
404 1063 547 1126 marravit.
594 1059 709 1148 Quippe
726 1062 847 1126 eandem
865 1062 1057 1128 substantiam
1072 1063 1200 1147 genitam

50 1163 127 1228 simul
150 1175 182 1228 et
203 1165 362 1249 ingenitam
386 1185 455 1229 εεεε
477 1165 556 1228 εεΙΙε
580 1186 644 1228 oum
668 1165 775 1251 pietate
798 1164 953 1228 ooniuuota
981 1165 1056 1229 ratio
1079 1165 1199 1252 patitur.

124 1264 371 1352 Vl.Sigeuituu1
391 1279 438 1331 εει
452 1267 522 1331 illud
538 1267 644 1353 ipsum,
669 1268 744 1352 quod
763 1279 809 1330 εει
824 1267 1004 1352 ingenitum,
1029 1267 1096 1353 quid
1113 1268 1200 1332 etiam

49 1367 177 1452 probibet
205 1371 281 1454 quod
310 1369 439 1455 genitum
470 1381 517 1433 εει
537 1370 699 1455 ingenitum
730 1367 844 1433 suissed
887 1367 921 1434 si
950 1370 1064 1454 quidem
1094 1381 1201 1436 natura

48 1471 133 1535 omnis
150 1471 188 1534 ad
208 1473 236 1536 id
254 1474 329 1558 quod
346 1482 503 1557 cognatum
519 1471 574 1536 sibi
594 1483 640 1536 εει
656 1470 750 1556 magis
766 1492 850 1556 quarn
868 1471 904 1536 ad
924 1472 1050 1544 alienum
1067 1474 1200 1559 peregri·

47 1593 165 1659 numque
188 1575 319 1639 festinat.

121 1679 186 1740 Vll.
212 1674 246 1741 Si
266 1687 345 1743 totus
360 1699 418 1741 non
435 1689 481 1742 εει
497 1678 645 1763 ingenitus
661 1677 746 1756 deus,
771 1677 841 1740 nibil
859 1678 996 1762 estquod
1013 1676 1112 1742 obstet
1126 1699 1197 1763 quo·

46 1778 131 1844 ninus
146 1780 309 1845 seeundum
325 1780 516 1844 substantiam
534 1780 681 1866 genuerit.
728 1776 782 1843 Sia
799 1790 877 1844 totus
896 1779 1044 1863 ingenitas
1055 1790 1114 1858 εει,
1138 1802 1199 1844 oon

45 1889 84 1942 εει
101 1883 263 1946 seeundum
278 1882 470 1948 substantiam
486 1883 679 1967 generatione
696 1883 873 1961 distraetus,
902 1883 954 1948 εει
973 1902 1014 1946 ex
1032 1881 1198 1947 substantia

44 2000 90 2046 sua
110 1985 242 2069 genitam
264 1985 342 2050 illarn
365 2007 382 2049 a
404 2006 437 2050 se
459 1985 589 2049 sobolem
612 1985 763 2070 produxit.

119 2089 199 2150 Vlll.
222 2084 257 2153 Si
275 2089 424 2173 ingenitus
440 2089 512 2152 deus
527 2097 605 2151 totus
622 2097 668 2151 εει
685 2085 805 2171 genitali
821 2087 849 2149 vi
869 2086 1030 2172 praeditus,
1055 2087 1131 2170 quod
1144 2108 1197 2171 ge·

43 2185 125 2250 ritum
148 2200 197 2253 εει
212 2193 372 2254 seeundum
390 2190 582 2255 substantiam
610 2209 669 2254 noo
690 2201 736 2254 εει
754 2189 902 2274 genitum,
937 2209 1003 2252 oum
1033 2189 1088 2252 toti
1115 2187 1195 2254 illius

42 2289 218 2355 substantiae
240 2314 298 2357 uon
321 2304 353 2357 ut
373 2304 550 2377 generetur,
574 2293 625 2356 sed
649 2303 682 2355 ut
703 2304 843 2376 generet,
866 2292 987 2355 insitum
1009 2289 1059 2355 sit.

118 2395 169 2457 tx.
188 2391 274 2478 Quod
292 2395 319 2460 si
338 2397 369 2459 in
394 2396 479 2460 aliam
499 2398 621 2460 formam
640 2405 816 2460 commutata
835 2394 881 2459 dei
897 2395 1061 2460 substantia
1077 2393 1195 2460 soboles

43 2493 151 2576 dieitur,
178 2499 309 2562 nouerit
325 2497 374 2561 illa
389 2497 515 2583 ipsadei
531 2497 694 2562 substantia
711 2498 880 2562 mutationis
897 2517 1018 2584 expers,
1043 2519 1109 2562 oum
1127 2519 1196 2583 pro·

43 2597 97 2680 pria
119 2598 172 2663 lilii
196 2600 326 2664 eonditio
348 2601 509 2665 mutatione
532 2601 691 2666 constituta
714 2601 764 2664 sit.

115 2703 153 2764 X.
179 2698 266 2785 Quod
290 2702 316 2767 si
339 2702 437 2767 divina
461 2703 623 2768 substantia
647 2703 817 2768 mutationis
832 2713 876 2767 εει
894 2702 989 2767 omnis
1007 2723 1133 2788 expers,
1164 2713 1196 2766 ει

40 2804 226 2885 generatione
242 2805 395 2890 superior,
419 2806 553 2892 quioquid
567 2806 603 2870 ad
621 2805 708 2870 lilium
726 2807 870 2892 pertinet,
901 2804 964 2869 sola
981 2805 1125 2871 duntaxat
1143 2825 1194 2892 ap-

40 2905 193 2988 pellatione
215 2907 426 2994 profitebimur.

115 3011 166 3072 xt.
193 3005 227 3074 si
242 3011 272 3074 in
291 3011 424 3096 ingenito
449 3011 503 3074 deo
525 3012 624 3096 genita
647 3011 782 3090 soboles,
815 3009 896 3075 velut
923 3008 1035 3074 semiue
1053 3009 1190 3094 quodam,

40 3111 252 3191 anndnebatur,
277 3125 343 3198 post
358 3114 579 3198 generationem
593 3115 690 3200 aliqua
705 3135 738 3178 re
753 3115 941 3178 extrinsecus
955 3123 1104 3197 assumpta
1122 3135 1193 3177 oon·

39 3210 145 3278 lit-mata
162 3215 412 3300 eorroborataque
429 3217 529 3280 luerit.
576 3214 776 3300 Quamobrem
792 3239 849 3281 non
864 3236 903 3280 ex
918 3213 954 3280 iis
974 3235 1049 3298 quae
1067 3235 1193 3299 genera-

40 3313 111 3379 tione
128 3317 253 3381 sortitus
270 3329 334 3398 est,
364 3321 415 3382 sed
441 3339 479 3382 es
500 3318 653 3383 adscititiis
670 3319 728 3382 illis
752 3317 840 3383 babet
864 3317 958 3396 lilius,
988 3327 1020 3382 ut
1044 3317 1193 3404 perlaetus

38 3413 243 3503 absolutusque
258 3419 308 3484 sit.
344 3417 423 3484 Nam
440 3441 640 3506 quaecumque
659 3421 830 3485 naturaliter
845 3419 1047 3484 aooessionem
1066 3419 1191 3505 aliquam

38 3521 162 3604 capiunt,
188 3531 288 3607 utpote
306 3543 345 3586 ex
364 3523 420 3587 illis
437 3523 510 3610 ipsis
525 3524 697 3602 eonstituta,
721 3523 844 3609 parienti
863 3544 970 3587 nomen
988 3524 1106 3588 diversa
1121 3544 1192 3608 qua-

38 3619 96 3686 dam
117 3623 238 3688 ratione
259 3625 356 3689 solent
378 3626 543 3690 admittere.

113 3727 180 3788 Xll.
202 3723 236 3791 Si
252 3729 382 3812 pertenta
406 3729 436 3792 in
460 3728 590 3815 ingenito
606 3729 706 3814 genita
723 3729 841 3794 soboles
855 3740 930 3808 erat,
954 3729 1054 3813 genita
1072 3728 1190 3793 soboles

37 3837 154 3891 estnon
171 3828 265 3894 exiis
286 3851 360 3914 quae
385 3853 449 3895 oum
467 3831 503 3895 ab
519 3831 651 3916 ingenito
667 3832 840 3916 gigneretur
859 3832 995 3897 obtinuit.
1042 3829 1120 3894 Nam
1139 3851 1191 3916 ge-

37 3929 92 3991 nita
107 3941 217 3995 natura
230 3931 261 3996 in
277 3931 408 4017 ingenita
429 3933 593 3999 substantia
610 3955 677 3999 εεεε
692 3957 750 3999 nou
768 3946 883 4021 potest3
915 3946 997 4000 esset
1011 3934 1087 3998 enim
1103 3933 1191 3998 simul

36 4029 105 4095 idem
123 4044 155 4097 et
172 4056 231 4098 non
249 4047 341 4100 esset.
386 4033 464 4100 Nam
479 4038 555 4122 quod
573 4037 703 4122 genitum
720 4049 783 4117 εει,
815 4037 976 4121 ingenitum
994 4058 1052 4101 non
1071 4046 1135 4116 εει,
1159 4045 1191 4100 ει

37 4137 106 4216 quod
125 4136 286 4221 ingenitum
307 4150 369 4218 εει,
400 4140 530 4224 genitum
551 4162 608 4204 non
632 4141 696 4205 luit.
742 4137 858 4226 Quippe
873 4139 1044 4206 dissimilem
1060 4138 1187 4224 aliquam

36 4236 86 4299 deo
114 4251 227 4324 partem
249 4241 407 4328 affingere,
435 4241 582 4306 maledieti
602 4241 632 4306 io
654 4242 784 4306 divinum
805 4263 912 4308 numen
934 4263 969 4306 ao
992 4242 1187 4307 oontumeliae

35 4341 160 4423 speeiem
182 4345 323 4428 praefert.

64 4511 338 4645 ldmupoleobua
328 4514 471 4582 a-ndpuata
625 4519 749 4601 nutpptorn
770 4515 883 4585 γέννημα
905 4515 930 4570 ἐν
960 4511 1107 4589 ἀγενήτῳ,
1132 4515 1189 4596 pla·

119 4583 366 4654 Ιπιωτγιενημε
383 4587 593 4649 lntemunottoaam
626 4580 696 4653 rapt
714 4584 767 4642 dora
783 4590 876 4639 euram
892 4601 922 4638 ea
938 4588 1013 4652 anun
