3198 5000
372 349 508 401 raanan
526 349 589 402 ure.
606 351 649 400 ru.
666 347 747 402 ron.
762 333 911 401 rrfiuaun.
926 348 1068 400 uxxvru.
1237 335 1295 396 tlt

137 479 224 554 patre
241 467 357 552 liliaque
373 489 552 552 nequaquam
570 469 683 532 alienus
702 489 741 531 rx
759 469 859 531 eadem
875 481 921 531 est
939 469 1107 546 divinitate,
1139 489 1193 530 nec
1213 467 1248 529 ab
1264 487 1299 529 ea

137 571 272 656 separari
292 574 418 655 potest),
443 571 483 634 ita
500 573 555 634 deo
575 569 777 654 praescribere
793 593 878 655 qnam
896 571 960 634 eius
979 571 1168 656 praescriptis
1187 570 1299 633 obtem-

137 693 246 760 perare
268 673 400 736 malunt?
441 671 512 736 Nou
538 673 616 736 euim
641 673 708 738 illos
731 675 819 758 pudet
844 673 969 737 alienum
997 672 1130 757 spiritum
1153 682 1299 750 sanctum,

136 797 275 850 servum,
300 785 484 854 creaturam,
509 775 704 838 recentiorem
724 797 758 838 ae
773 778 879 839 lactum
899 776 1014 853 dicere,
1047 775 1123 838 acsi
1140 774 1206 859 qnid
1224 773 1301 837 aliud

138 880 177 942 de
197 879 246 942 illc
261 877 387 961 contingi
404 889 487 962 turpe
505 887 620 962 potest,
655 879 736 941 eoin
755 879 848 963 ipsum
865 878 1003 942 libentius
1018 877 1202 960 excogitare.
1250 873 1302 939 Sic

137 981 230 1064 igitur
241 981 364 1044 mundus
380 979 437 1042 iste
456 981 669 1043 vehementiori
685 991 715 1043 et
730 981 884 1044 insanabili
899 980 1078 1043 infidelitatis
1093 980 1214 1042 relinere
1231 999 1302 1042 con·

139 1085 317 1160 lossnsest,
350 1093 381 1144 nt
400 1083 554 1166 iniquitas,
590 1083 941 1167 quaehnmanumgeuus
965 1083 1092 1147 luoditus
1112 1080 1225 1166 perdit,
1258 1081 1302 1144 ui·

140 1185 180 1250 bil
197 1186 232 1248 ad
252 1205 394 1248 summam
420 1184 596 1268 nequitiam,
630 1186 777 1270 perfidiam
801 1185 1055 1270 ignorantiamque
1073 1171 1299 1269 praetermittat.

140 1287 209 1372 Qua
225 1288 338 1350 ratione
358 1288 483 1350 miseros
503 1287 593 1366 istus,
618 1288 665 1371 qni
687 1287 815 1372 priorem
835 1288 912 1350 illam
931 1288 960 1350 iu
981 1297 1200 1350 sacrosanctam
1219 1285 1302 1348 trini-

140 1400 229 1454 tatem
249 1390 453 1454 contumeliam
472 1390 649 1474 effugerant,
674 1391 770 1454 otiosa
787 1412 822 1453 ac
840 1390 1018 1475 nequissima
1037 1411 1088 1453 sua
1110 1389 1249 1472 cogitatio
1266 1388 1301 1452 ad

139 1492 197 1556 alia
216 1493 357 1576 quaedam
379 1501 568 1556 transversos
588 1491 731 1578 abripuit,
757 1513 795 1555 ue
811 1493 875 1576 quis
893 1503 1043 1576 peccatum
1061 1513 1146 1554 suum
1168 1491 1303 1554 dissimu-

139 1595 202 1658 lare
220 1595 324 1678 possit.
372 1592 488 1658 Etenim
507 1595 609 1658 nescio
633 1616 718 1678 quem
737 1595 825 1658 audio
841 1596 984 1659 adversus
1002 1593 1215 1658 sanctissimam
1236 1614 1302 1678 per-

139 1707 315 1782 petuamque
332 1696 477 1779 virginem
491 1693 617 1761 Mariam
638 1698 771 1762 meditari
788 1697 931 1776 nonnibil,
956 1718 990 1760 ac
1007 1696 1219 1760 contumeliosa
1232 1716 1302 1780 qna·

140 1799 206 1862 dam
238 1798 376 1883 opinione
405 1799 483 1861 illius
514 1799 655 1862 bonorem
686 1801 847 1863 incessere.
902 1798 951 1863 Ex
981 1821 1037 1883 quo
1068 1799 1137 1862 illud
1168 1809 1299 1883 apparet,

139 1913 270 1964 nostram
289 1901 364 1965 hauc
382 1911 583 1986 tempestatem
600 1902 717 1965 letifero
736 1903 849 1966 cuidam
867 1903 996 1985 serpenti
1014 1923 1048 1964 ac
1068 1913 1214 1967 venenato
1234 1921 1300 1964 esse

140 2005 334 2084 simillimam,
359 2004 451 2088 quiin
471 2005 602 2068 tenebris
619 2005 813 2082 delitescens,
837 2006 953 2068 intectis
970 2025 1072 2066 omncs
1088 2004 1234 2067 morsibus
1252 2025 1302 2089 ap·

140 2118 232 2191 petat,
257 2117 345 2191 atque
361 2108 390 2169 in
410 2107 494 2172 buius
512 2107 623 2170 vultum
641 2106 719 2170 illins
736 2111 858 2186 calcem,
883 2125 1000 2170 manum
1018 2106 1139 2169 alterius
1157 2106 1299 2182 incurrat,

141 2220 173 2272 ut
188 2229 225 2272 ne
241 2208 305 2293 quis
324 2209 502 2272 infidelitatis
519 2229 647 2272 morsum
665 2209 779 2294 penitus
798 2210 890 2294 possit
904 2210 1045 2288 evadere,
1068 2211 1120 2272 sed
1136 2209 1183 2292 qui
1200 2208 1229 2270 in
1243 2229 1302 2272 unc

140 2331 252 2396 genere
268 2311 350 2375 virus
369 2312 524 2394 effugerit,
548 2311 578 2374 iu
593 2312 687 2374 altero
704 2331 736 2374 se
754 2312 791 2374 ab
813 2333 849 2375 eo
867 2311 1032 2375 subducere
1050 2332 1085 2374 ac
1100 2312 1231 2375 devitare
1250 2332 1302 2375 ne-

141 2424 248 2498 queat,
273 2416 371 2498 acqui
388 2415 418 2478 in
436 2415 501 2478 aliis
518 2413 716 2499 incorruptam
733 2414 817 2478 iidem
836 2416 961 2492 retinet,
987 2415 1045 2478 alio
1066 2416 1153 2478 modo
1169 2416 1300 2479 fraudem

141 2517 199 2580 sibi
221 2516 441 2602 perniciemque
464 2515 641 2580 consciscat.

227 2616 380 2682 Undenam
400 2638 473 2682 vero
491 2619 562 2682 baec
580 2618 751 2703 improbitas
768 2619 909 2684 emersit?
953 2619 1036 2685 Unde
1061 2630 1141 2684 tanta
1171 2621 1302 2705 prorupit
1320 2639 1380 2706 cap.
1396 2639 1439 2688 vr.

140 2721 282 2786 audacia?
325 2720 435 2784 Nonne
461 2721 508 2784 vel
532 2721 625 2806 ipsum
649 2743 755 2784 nomen
778 2723 892 2786 abunde
912 2724 1104 2786 testificaturi
1147 2722 1217 2786 Non
1238 2723 1301 2800 tibi,

141 2825 228 2888 bomo
254 2825 510 2908 perunacissime,
543 2825 625 2888 istud
643 2825 737 2907 ipsum
766 2826 944 2908 persuadet?
989 2823 1063 2908 Quis
1091 2825 1149 2888 ullo
1171 2835 1303 2909 tempore

139 2947 267 3010 uuquam
288 2927 388 2990 estitit
403 2927 451 3010 qui
469 2937 589 2990 sanctae
606 2923 723 2990 Mariae
740 2947 846 2990 eamear
863 2927 1010 3012 appellare
1031 2929 1168 3005 auderet,
1194 2939 1224 2990 et
1244 2949 1302 2990 non

139 3041 263 3113 rogatus
288 3030 412 3092 subinde
437 3029 561 3113 virginis
586 3030 759 3092 vocabulum
786 3030 947 3093 adiiceret?
998 3028 1077 3094 N'am
1101 3032 1129 3093 in
1159 3030 1303 3093 adiunctis

139 3131 305 3196 istiusmodi
319 3133 441 3196 vocibus
459 3133 575 3196 virtutis
592 3132 699 3194 indicia
717 3131 873 3194 collucent.
920 3131 1036 3217 Quippe
1050 3133 1136 3196 iustis
1154 3132 1301 3207 omatibus,

140 3255 194 3318 pro
211 3255 248 3298 eo
265 3256 300 3298 ac
318 3234 452 3318 singulos
471 3234 611 3310 decebat,
644 3255 698 3296 sna
716 3233 821 3316 cuique
838 3245 906 3297 suut
924 3235 1073 3318 dignitatis
1090 3235 1229 3299 attributa
1251 3255 1304 3296 no·

140 3336 232 3399 mina.
278 3334 322 3400 lta
347 3337 496 3400 Abraamo
516 3341 603 3398 canabi
623 3340 671 3397 dei
694 3336 794 3398 titulus
812 3339 1048 3399 accommodatus
1066 3350 1130 3414 est,
1165 3357 1260 3420 neque
1278 3335 1303 3398 is
1317 3365 1363 3408 tae.
1376 3364 1397 3420 2,
1410 3365 1444 3408 aa,

139 3459 267 3522 uuquam
281 3439 448 3503 intercidet.
486 3435 574 3502 laceb
589 3459 662 3501 vero
675 3441 792 3500 Israelis
806 3459 970 3522 cognomen
987 3439 1051 3502 sine
1069 3441 1125 3504 ulla
1142 3441 1302 3502 mutatione
1317 3467 1457 3523 (amm

139 3563 328 3605 eoncessum.
373 3541 511 3626 Apostoli
527 3561 641 3626 quoqne
660 3546 837 3621 Boencrgcs,
864 3541 919 3604 bac
937 3551 994 3620 est,
1019 3547 1141 3604 tonitrui
1148 3545 1221 3623 filri',
1249 3563 1301 3604 no·
1314 3573 1415 3628 mma,
1424 3571 1456 3616 tt.

139 3644 242 3708 minati
259 3656 346 3720 sunt,
372 3665 426 3707 nec
441 3644 498 3708 ulla
516 3643 578 3707 dies
597 3665 705 3706 nomen
724 3644 801 3706 ietnd
820 3643 997 3707 obliterabit.
1045 3644 1097 3709 Sic
1115 3654 1216 3710 sancta
1239 3641 1304 3707 Ma-

138 3747 183 3813 ria
203 3747 289 3832 virgo
315 3757 515 3832 nuncupatur,
550 3767 604 3810 nec
627 3747 782 3831 appellatio
804 3747 860 3810 ista
884 3747 1039 3831 aliquando
1065 3746 1302 3810 commutabitur.

138 3849 224 3914 llaec
245 3851 321 3914 enim
349 3861 489 3935 perpetua
515 3849 684 3933 incorrupta
711 3849 880 3934 permansit.
927 3847 990 3914 Cur
1011 3851 1102 3933 igitur
1121 3870 1174 3912 vos
1199 3860 1304 3911 aratura

138 3953 201 4039 ipsa
218 3975 278 4018 uon
294 3953 398 4016 docet?
444 3949 471 4017 0
488 3951 647 4016 inauditam
665 3952 827 4014 insaniam!
854 3973 872 4014 o
888 3964 1108 4037 praeposteram
1125 3951 1302 4014 tenuitatem!

139 4055 233 4120 Multa
256 4068 324 4118 sunt
342 4067 496 4139 praeterea
516 4075 590 4138 quae
611 4054 716 4138 priscis
736 4054 915 4137 temporibus
935 4055 1062 4118 maiores
1081 4056 1174 4118 nostri
1194 4075 1304 4138 nequa·

28 4177 32 4188 ·
112 4209 116 4216 .
139 4181 224 4243 quam
250 4157 384 4242 aggressi
404 4168 483 4221 suut.
530 4155 626 4220 Hodie
649 4178 721 4219 vero
740 4157 813 4219 alius
833 4157 861 4218 in
882 4167 1061 4242 assumptam
1082 4179 1096 4218 a
1116 4154 1236 4221 Christo
1254 4179 1305 4220 ua-

139 4273 235 4325 turam
261 4260 493 4324 contumeliosus
522 4271 584 4338 est,
621 4270 650 4322 et
671 4259 809 4322 inusitata
835 4259 977 4341 quaedam
1004 4261 1039 4321 de
1062 4260 1214 4323 diuinitate
1241 4261 1304 4346 ipsa

138 4363 300 4450 praedicat.
346 4363 432 4425 Alius
447 4361 541 4446 ipsum
561 4363 629 4425 illnd
653 4361 866 4424 incarnationis
891 4361 1039 4444 rregntium
1064 4383 1196 4425 mancum
1217 4374 1304 4447 atque

138 4467 342 4551 imperfectum
369 4465 539 4542 constituit,
576 4466 651 4527 alius
680 4464 898 4528 resurrectione
926 4475 1106 4528 mortuorum
1133 4466 1302 4543 offenditur,

139 4599 217 4673 barri
235 4598 348 4671 torcian
370 4601 471 4670 τόλμα,
496 4595 558 4662 eiad
580 4599 609 4660 τὸ
628 4594 707 4670 ὄνομα
725 4599 755 4658 ου’
769 4609 904 4674 μαρτυρεῖς
922 4597 951 4658 cd
962 4601 1095 4672 uellerea,
1112 4592 1289 4670 ω’φιλὸνεικις
