3066 5016
291 302 428 357 ιιιιιιιιιι
444 305 508 357 ιιι.
522 305 566 359 ιιι.
583 305 666 357 rom.
680 307 712 356 ιι.
728 303 829 356 aton.
841 301 985 355 cxxrru.
1155 283 1213 350 tet

64 425 276 510 praetermisit,
310 447 346 490 ue
369 426 424 490 hoc
446 426 481 488 ad
505 425 668 509 aliquorum
696 424 900 488 contumeliam
923 423 1029 488 iecisse
1053 420 1214 485 rideretur.

64 527 119 592 Sed
136 530 172 592 ad
192 528 349 592 nonnullos
374 529 612 592 condemnandos
635 537 681 592 est
703 527 809 590 dictum
833 527 881 611 qui
901 547 1005 590 vacare
1020 525 1076 588 deo
1092 523 1217 601 nolrtutq

64 631 102 694 ita
117 641 148 694 ιιι
161 633 279 696 interim
296 631 384 695 vitam
401 652 441 694 ex
459 630 534 715 legis
549 629 731 716 praescripto
750 639 937 712 comparent,
961 637 990 690 et
1005 627 1129 692 hones-te
1146 645 1218 690 vase

63 753 114 796 suo
131 735 167 796 ad
184 734 295 819 prolem
313 733 528 818 suscipiendam
551 741 689 812 utantur3
721 731 962 816 quemadmodum
986 741 1083 816 patres
1100 737 1218 794 nostros

63 857 129 898 usos
145 837 213 900 olirn
232 857 299 900 esso
318 835 487 914 didicimus,
519 835 594 919 quod
613 835 718 900 alicubi
742 833 887 920 scriptura
900 834 1046 912 declarat,
1080 833 1373 903 rememorantem

63 938 171 1023 inquit,
206 944 502 1020 eeoeoeoner'prees.
549 936 673 1001 Exuno
696 936 788 1014 dixit,
820 948 848 999 rt
869 947 900 1000 ut
919 935 1064 1000 honestati
1084 933 1220 998 consule·

63 1051 121 1120 ret,
153 1040 230 1105 alind
249 1041 319 1105 ιιιΙιιι
336 1039 463 1119 notitia,
492 1041 544 1104 sed
560 1039 781 1124 generationem
797 1039 874 1102 illam
891 1039 997 1102 iustam
1013 1060 1046 1102 ac
1061 1036 1220 1122 legitimam

64 1143 152 1207 luisse
176 1143 365 1228 significarit.
412 1139 513 1226 Quare
539 1153 606 1228 post
622 1153 777 1226 susceptos
794 1141 902 1204 liberos
925 1141 1033 1204 nullam
1050 1140 1173 1226 amplius
1192 1139 1218 1201 ei

63 1267 123 1310 com
151 1247 199 1310 illa
223 1245 464 1311 constretudioem
491 1245 581 1308 luisse
602 1245 799 1308 demonstrat.
854 1240 894 1306 Et
911 1245 1047 1328 quoniam
1075 1243 1159 1306 lacile
1184 1261 1220 1304 ac

63 1349 189 1432 proclive
217 1349 302 1412 uobis
326 1359 372 1412 est
395 1357 521 1410 mentem
546 1345 581 1410 ad
602 1347 749 1410 deteriora
775 1346 871 1432 potius
892 1367 976 1430 qoam
996 1347 1031 1409 ad
1049 1343 1221 1408 necessaria
1318 1404 1320 1410 ,

61 1451 232 1530 deflectere,
265 1470 389 1535 cumque
406 1449 536 1514 lubricus
551 1449 589 1512 sit
606 1449 730 1512 bominis
746 1448 879 1526 animus,
913 1465 967 1511 nee
985 1448 1020 1512 ad
1040 1458 1149 1512 rectam
1168 1446 1220 1510 do·

63 1553 137 1616 mino
164 1555 241 1617 viam
267 1553 406 1639 impetum
430 1553 527 1616 statim
557 1571 640 1616 suum
664 1551 942 1635 contentionemque
959 1551 1083 1634 dirigat,
1115 1549 1219 1614 sedatl
1261 1630 1262 1634 Ἰ

63 1655 194 1719 dextram
211 1655 401 1719 sinistramve
417 1653 562 1732 declinet,
587 1665 675 1738 atque
691 1673 781 1738 aegre
797 1654 950 1718 admodum
967 1653 1033 1717 huic
1051 1651 1220 1718 Salomonis

62 1767 217 1843 praecepto
239 1768 360 1842 porcat,
393 1760 575 1819 Nedeclr'eea
592 1761 632 1818 ed
645 1761 805 1830 deuterum,
837 1778 889 1820 nec
904 1761 943 1820 od
956 1761 1119 1831 eiecerunt,
1151 1775 1216 1820 cum
1230 1771 1327 1826 roone,
1340 1767 1374 1813 rt

62 1861 185 1945 deniqne
211 1859 288 1924 eirea
311 1860 429 1923 easdem
449 1859 643 1943 cogitationes
668 1879 736 1921 sese
759 1869 893 1942 torqueat
911 1879 945 1921 ac
964 1869 1065 1922 verset
1082 1858 1222 1944 improbi·

64 1971 122 2040 tas,
156 1963 242 2026 etad
265 1962 323 2026 alia
342 1961 449 2025 itinera
469 1961 651 2047 capessenda
668 1961 899 2024 moderationem
925 1971 1054 2024 nostram
1077 1961 1219 2046 impellat,

62 2065 221 2128 cavendnm
239 2063 307 2128 illud
327 2063 412 2128 nobis
428 2073 492 2144 est,
518 2083 554 2126 nc
574 2063 715 2127 odiosiora
732 2062 781 2126 illa
798 2062 902 2126 beatae
920 2063 1045 2146 virginis
1063 2063 1222 2146 praeconia

62 2165 183 2230 alerius
200 2167 311 2231 erroris
331 2176 361 2230 et
376 2165 551 2230 offensionis
570 2166 723 2230 materiam
739 2164 827 2230 alicui
846 2167 974 2228 tortasse
991 2165 1163 2252 praebeant.

142 2267 261 2333 Etenim
279 2267 328 2353 qui
346 2270 375 2331 ιιι
391 2268 479 2332 lilium
499 2267 702 2332 contumeliosi
723 2289 791 2331 esse
808 2267 984 2346 voluerunt,
1017 2279 1049 2331 ιιι
1064 2278 1151 2332 autea
1170 2268 1221 2331 de·
1269 2287 1330 2356 οη),

62 2371 203 2435 claretum
219 2382 286 2450 est,
319 2371 488 2434 abalienare
505 2371 598 2456 ipsum
616 2391 633 2434 a
650 2369 741 2455 patris
760 2370 912 2434 divinitate
929 2370 1114 2434 studuerunt.
1161 2369 1223 2436 Alii
1249 2357 1350 2409 ΠΜ·

62 2473 245 2538 econtrario
266 2475 414 2538 diversam
440 2474 471 2537 in
493 2485 604 2557 partem
631 2473 793 2552 abeuntes,
826 2495 885 2558 quo
908 2473 1111 2538 vehementius
1141 2473 1222 2538 illum

61 2574 256 2655 honorarent,
282 2577 405 2640 eundem
425 2595 492 2639 esse
511 2585 623 2660 patrem
639 2587 669 2638 et
685 2576 773 2638 ιιΙιιιιιι
795 2587 826 2640 et
841 2575 973 2662 spiritum
989 2587 1122 2640 secretum
1140 2597 1223 2642 esse·

61 2699 125 2742 rere
152 2680 219 2743 ausi
247 2690 326 2743 sunt.
371 2677 535 2762 Utrobique
558 2697 631 2741 vero
650 2677 821 2744 insanabilis
840 2689 885 2742 est
901 2699 937 2742 ac
953 2679 1106 2744 mortifera
1123 2680 1220 2764 plaga.

62 2777 103 2844 lta
119 2783 198 2865 quod
215 2781 251 2844 ad
270 2791 401 2844 sanctam
419 2802 453 2846 ac
467 2781 583 2844 beatam
601 2779 678 2844 illam
696 2779 840 2865 virginem
858 2782 996 2867 pertinet,
1021 2782 1136 2865 qnidam
1153 2803 1224 2845 con·

61 2883 244 2947 tumeliosios
260 2883 288 2946 in
312 2883 388 2946 illam
406 2882 516 2946 invecti
532 2893 619 2960 stant,
652 2894 684 2946 ιιι
701 2893 765 2968 post
783 2904 925 2948 sunrmom
944 2884 1012 2948 illud
1029 2895 1059 2947 et
1076 2883 1222 2969 integrum

59 2985 271 3050 incarnationis
297 2985 405 3048 domini
429 2984 619 3070 mysterium,
651 2987 785 3070 corporis
807 3006 872 3049 eam
898 2985 1109 3050 commixtione
1130 2987 1223 3072 pellu-

60 3098 115 3151 tam
142 3087 296 3168 dicerentq
330 3089 356 3151 id
377 3088 454 3172 quod
471 3107 587 3170 omanem
602 3088 817 3174 improbitatem
837 3087 1071 3174 impietatemque
1089 3100 1221 3174 superat.

60 3187 200 3255 Ceterum
227 3190 267 3253 ιιιι
286 3190 444 3254 nonnullos
469 3199 581 3252 tanturn
606 3209 639 3254 se
667 3190 696 3253 ιιι
723 3191 822 3255 seclus
848 3191 1032 3255 commisisse
1057 3191 1222 3270 didicimus,

60 3291 100 3356 sie
117 3316 178 3357 non
194 3293 259 3358 sine
276 3293 387 3378 ingenti
405 3292 598 3356 admiratione
616 3291 693 3356 aliud
711 3291 846 3376 quiddam
863 3293 1041 3378 accepimus.
1087 3292 1225 3358 Nonnul-

60 3395 101 3459 los
117 3396 261 3460 videlicet
275 3395 304 3458 io
322 3396 359 3458 iis
377 3416 451 3479 quae
471 3396 505 3457 ad
523 3394 738 3458 sanctissimam
756 3395 899 3479 virginem
917 3408 1051 3481 spectant
1068 3419 1105 3462 eo
1124 3418 1224 3462 amen·

61 3499 114 3562 tiae
137 3519 316 3584 progressos
343 3508 375 3561 ut
400 3519 453 3580 pro
475 3498 530 3568 deo
556 3497 641 3559 nobis
655 3498 733 3562 illam
752 3497 911 3562 obtrudere
928 3499 1054 3578 vellent,
1086 3521 1121 3563 ac
1134 3499 1171 3563 de
1188 3520 1224 3564 ea

59 3602 138 3666 uelut
155 3613 256 3666 mente
280 3602 356 3687 eapti
380 3611 409 3664 et
429 3600 531 3664 lnriosi
551 3599 756 3683 loquerentur.
802 3597 917 3664 Ferunt
934 3602 1012 3665 enim
1036 3601 1224 3666 mulierculas

60 3705 200 3786 quasdam
225 3705 255 3768 ie
271 3703 403 3783 Arabia,
436 3725 494 3788 quo
516 3724 534 3766 c
554 3701 685 3766 Thracia
709 3704 860 3788 protectae
883 3714 987 3782 erant,
1020 3724 1128 3768 novom
1154 3703 1223 3767 illud

59 3807 163 3890 dogma
188 3818 370 3871 commentas
393 3806 502 3882 luisse,
538 3806 613 3868 adeo
637 3817 668 3868 ιιι
690 3806 720 3868 in
747 3805 872 3890 virginis
898 3827 1004 3869 nomen
1027 3815 1058 3868 et
1081 3806 1222 3870 bonorem

60 3909 248 3996 collyridem,
279 3909 343 3972 sive
367 3908 583 4003 tortam-panis
607 3909 808 3974 sacrificantes
832 3909 976 3985 oderant,
1011 3917 1041 3970 et
1060 3919 1223 3973 conventus

60 4009 202 4090 babeant,
226 4013 256 4074 in
274 4010 497 4088 sanctissimae,
530 4010 669 4094 inquam,
705 4011 829 4096 virginis
847 4032 953 4074 noman
973 4011 1088 4074 modum
1106 4031 1222 4074 omnem

60 4126 299 4197 praetergressos
322 4114 464 4176 nefariam
493 4133 554 4176 rem
578 4125 689 4176 etcum
708 4113 753 4176 dei
772 4113 950 4177 contumelia
969 4113 1154 4176 coniunctam
1172 4133 1224 4197 ag·

59 4218 152 4297 gredi,
177 4218 233 4280 boc
251 4227 297 4280 est
315 4216 345 4278 in
365 4215 443 4280 illios
461 4235 569 4279 nornen
591 4237 644 4301 per
659 4215 798 4280 mulieres
815 4215 958 4280 sacrificia
978 4217 1088 4279 tacere.
1135 4212 1222 4298 Quod

90 4419 116 4472 3.
137 4420 192 4474 ἔστι
208 4425 275 4473 codd.
294 4437 349 4474 mre.
384 4420 426 4474 dut
445 4423 503 4472 ecto
520 4425 581 4472 ttbrt.
696 4425 720 4475 ὁ.
738 4424 844 4473 Fortasse
863 4419 908 4474 καὶ
926 4417 1035 4490 ρᾴστως.

58 4488 319 4626 calpa-illelmo„
336 4493 404 4543 codd.
419 4505 473 4541 mss.
495 4495 591 4557 uterque
606 4497 627 4541 et
695 4491 719 4544 6.
736 4487 901 4557 αἐιιιαρῧιιοιι
918 4489 1020 4557 Μαρίας
1037 4491 1087 4541 cod.
1107 4491 1204 4554 Rbedlp.
