3044 5018
338 385 424 438 τονιν
441 385 568 438 morus
586 383 668 437 νινε
686 383 878 437 mammon.
1127 367 1188 432 633

33 523 113 560 νονται
129 503 173 560 καί
190 506 302 574 λέγουσιν
316 499 371 572 άτι,
398 502 489 575 Ταῦτη
506 508 539 575 τῆ
558 499 614 576 άέρφ
631 503 742 572 σῆμερον
758 499 883 571 ῆΚάρη,
907 502 1032 557 τουτέστιν
1049 497 1069 569 η’
1087 501 1191 568 Παρθέ-

34 610 76 653 νος
89 591 208 660 ἐγέννησε
224 587 267 644 τέυ
283 589 377 645 Δίωνα.
411 591 495 645 Τοῦτο
510 589 540 646 δλ
555 591 600 644 καί
616 589 642 644 έν
656 589 746 660 Πίτρφ
768 585 890 660 τῆπάλει
907 583 1075 656 (μητρόπολις
1088 587 1119 643 δέ
1135 586 1192 642 έστι

32 677 80 741 τῆς
95 672 230 746 ’Δραβίας,
255 669 315 743 ἥτις
331 675 399 730 έστλν
412 670 499 742 Ἐδίμ
512 672 532 744 ῆ
547 675 573 731 έν
586 681 643 737 ταῖς
659 675 779 744 Γραφαῖς
793 672 988 742 γεγραμμένη),
1012 670 1038 725 έν
1053 673 1090 742 τῷ
1106 669 1191 726 έκεῖσε

32 761 142 834 εἰδωλίῳ
158 755 240 823 οῦτως
251 761 360 830 γίνεται,
378 760 423 815 καί
437 755 563 831 Ἀραβικῆ
580 760 705 829 διαλέκτῳ
721 759 856 828 έξυμνοῦσι
868 756 915 824 τῆν
928 755 1065 825 παρθένον,
1084 757 1190 812 καλοῦν·

32 863 74 908 τις
92 842 171 915 αῦτῆν
193 843 327 918 ’Δραβιστί
350 847 474 916 Χααβοῦ,
497 845 626 899 τουτέστιν
644 842 747 913 Κόρην,
771 839 849 912 ἤγουν
872 843 1017 912 Παρθένον,
1044 844 1089 896 καί
1104 839 1148 897 τάν
1163 839 1191 907 έξ

32 929 114 997 αὐτῆς
130 931 306 1000 γεγεννημένον
320 930 465 999 Δουσάρην,
482 931 609 986 τουτέστιν
624 931 755 998 Μονογενῆ
771 931 816 984 τοῦ
834 925 969 984 δεσπότου.
1003 927 1088 982 Τοῦτο
1103 924 1133 982 δέ
1147 927 1192 982 καί

32 1015 56 1069 έν
72 1012 188 1086 Ἔλοάσρ
211 1017 307 1084 γίνεται
322 1018 356 1086 τῆ
371 1014 444 1071 πάλει
465 1011 522 1071 κατ’
537 1015 635 1084 έκείνην
650 1013 697 1083 τῆν
712 1014 805 1076 νῦκτα,
830 1009 867 1074 ιές
882 1012 940 1068 έκεί
953 1011 978 1066 έν
992 1013 1026 1082 τῆ
1042 1011 1132 1079 Πέτρᾳ
1146 1011 1192 1065 καλ

31 1100 55 1153 έν
70 1096 255 1172 Ἀλεξανδρείᾳ.
288 1098 339 1155 Ἐκ
353 1103 450 1157 πολλῶν
464 1099 494 1157 δέ
508 1097 710 1170 ἠναγκάσθημεν
721 1101 886 1170 παραστῆσαι
899 1095 941 1154 διά
953 1095 1013 1158 τοῦς
1025 1093 1192 1158 ἀπειθοῦντας

31 1181 70 1240 ῦτι
84 1185 117 1240 ταί
132 1182 285 1255 Ἐπιφάνεια
299 1187 385 1248 καλῶς
400 1181 531 1255 είρηταιῆ
547 1186 667 1253 ένσαρκος
683 1185 798 1254 γέννησις
812 1185 858 1239 τοῦ
875 1184 1006 1251 σωτῆρος,
1031 1181 1192 1249 γεννηθέντος

32 1267 109 1326 αὐτοῦ
128 1271 172 1325 καί
185 1269 346 1340 έπιφανίντος
365 1278 419 1333 τοῖς
431 1271 534 1340 ποιμέσι
551 1271 596 1326 καλ
607 1273 645 1343 τῷ
661 1269 753 1341 κόσμῳ
769 1269 812 1325 διὰ
827 1271 877 1338 τῆς
895 1269 946 1323 τιῦν
964 1264 1078 1335 άγγέλων
1093 1285 1190 1335 μαρτυ-

32 1357 96 1423 ρίας.
129 1351 263 1424 Ἐπεφάνη
288 1354 318 1411 δέ
341 1356 386 1412 καί
400 1360 434 1428 τῆ
449 1357 537 1428 Μαρίᾳ
558 1357 603 1412 καλ
620 1357 658 1426 τῷ
672 1351 783 1426 Ἰωσῆφ.
816 1351 864 1408 Ἐν
882 1353 966 1423 έκείνη
980 1353 1010 1408 δέ
1024 1354 1058 1423 τῆ
1075 1346 1131 1423 τίν’ρφ
1147 1351 1191 1406 καλ

32 1440 44 1496 ο“
60 1437 145 1510 άστῆρ
161 1438 242 1510 ίφοίνη
257 1440 283 1495 έν
297 1443 331 1512 τῆ
346 1439 455 1512 άνατολῆ
470 1449 524 1504 τοῖς
536 1438 638 1510 Μάγοις
649 1439 698 1508 πρέ
712 1439 760 1495 δῦο
775 1439 837 1494 έτοῦν
850 1441 900 1508 τῆς
913 1432 998 1493 ου’τοῦν
1012 1437 1049 1500 είς
1063 1433 1191 1504 Ἰερουσα-

32 1525 86 1593 λῆμ
101 1524 145 1579 καλ
160 1523 282 1594 Βηθλεὲμ
295 1524 422 1596 άφίξεως,
449 1518 492 1581 άτε
507 1527 550 1580 καλ
568 1521 683 1598 άκριβοῖς
697 1523 712 1582 ά
727 1522 851 1593 Ἡροῦδης
872 1519 1022 1578 ἐπυνθάνετο
1038 1519 1124 1577 αὐτῶν
1140 1523 1191 1577 us»

32 1610 129 1680 Μάγων
142 1610 187 1666 τὸν
201 1609 289 1682 χρόνον
311 1613 355 1666 τοῦ
373 1612 493 1681 φανέντος
515 1607 637 1680 άστέρος,
662 1612 707 1666 καί
722 1605 821 1679 ἤκουσε
836 1607 894 1677 παρ’
909 1605 993 1664 αῦτεῦν
1011 1603 1052 1664 ῦτι
1066 1602 1116 1664 άπέ
1135 1613 1191 1664 διε-

32 1699 89 1758 τοῦς
104 1696 148 1750 καί
162 1696 308 1764 κατωτέρω.
337 1689 375 1750 “0
389 1696 434 1751 καλ
450 1694 512 1752 αῦτιλ
529 1695 559 1752 τά
577 1697 649 1765 βῆμα
664 1697 714 1750 τιῦν
728 1690 884 1774 Ἐπιφανίων
907 1694 1016 1750 έποιεῐτο
1030 1691 1077 1762 τῆν
1092 1691 1190 1747 έπωνυ-

32 1781 89 1847 μίαν
111 1780 140 1835 έκ
160 1783 206 1836 τοῦ
226 1779 270 1838 τάν
286 1779 408 1850 Ἡριῦδην
430 1783 511 1851 λέγειν
527 1783 570 1836 τοῦ
593 1781 713 1851 φανέντος
729 1777 842 1850 α’στίρος.
877 1778 920 1836 Διέ
937 1782 988 1835 τῶν
1006 1779 1051 1848 μὲν
1067 1776 1191 1848 λεγόντων

32 1859 84 1931 ἔτι,
111 1866 169 1920 Ποῦ
186 1865 253 1921 έστιν
269 1863 283 1922 ά
298 1865 417 1947 βασιλεῦς
433 1865 447 1923 ά
463 1867 565 1938 τεγθελς
579 1869 630 1921 τῦν
644 1863 790 1928 Ἰουδαίους
816 1867 915 1934 είδομεν
932 1867 1000 1934 (εοιί.
1016 1863 1124 1933 ίδωμεν)
1141 1862 1190 1933 γάρ

32 1948 108 2006 αῦτοῦ
122 1949 165 2006 τέν
181 1947 277 2020 άστέρα
294 1951 319 2006 έν
334 1954 368 2022 τῆ
381 1947 508 2023 άνατάλη,
534 1952 579 2006 καί
595 1947 709 2020 ἤλθομεν
729 1953 900 2020 προςκυνῆσαι
921 1947 992 2022 αὐτῷ
1001 1989 1008 2012 ,
1034 1946 1048 2005 ά
1065 1946 1191 2018 Ἡρώδης

32 2034 58 2092 οῦ
81 2036 140 2104 περί
164 2039 239 2103 ιίνιλοῦ
257 2032 381 2104 άνάματος
397 2033 531 2104 άνθριάπου
549 2037 675 2108 βασιλέως
695 2036 725 2092 τῦ
745 2040 851 2105 πρᾶγμα
868 2033 1008 2103 έσκάπησε.
1042 2035 1192 2102 Διανοηθελς

32 2122 77 2191 γάρ
96 2121 129 2177 τά
136 2125 250 2190 πρᾶγμα
269 2123 315 2175 καλ
332 2118 469 2190 θαυμάσας
491 2116 531 2177 ὅτε
548 2119 636 2178 πάλλον
651 2126 763 2194 βασιλεῖς
784 2121 958 2190 έγευνῆθησαν
972 2119 998 2175 έν
1012 2116 1190 2189 Ἱερουσαλῆμ,

32 2209 130 2274 πρῶτος
143 2206 232 2263 Σαοὺλ
249 2206 279 2261 ίκ
294 2209 380 2275 φυλῆς
394 2206 528 2274 Βενιαμίν,
546 2205 665 2273 διάτορος
680 2207 761 2278 Δαβίδ
778 2206 808 2262 έκ
824 2207 908 2275 φυλῆς
920 2201 1022 2267 Ἰούδα,
1043 2204 1087 2259 καλ
1101 2205 1190 2260 τοῦτου

32 2292 86 2354 νίιλς
100 2293 236 2361 Σαλομεῦυ,
254 2287 311 2353 υἱῦς
324 2291 354 2347 δέ
367 2293 412 2346 τοῦ
426 2293 596 2360 Σαλομιῦντος
609 2288 731 2364 Ῥοβοάμ,
748 2291 793 2347 καί
807 2290 896 2348 τοῦτον
914 2291 963 2345 υίοί
977 2288 1043 2346 κατά
1058 2289 1191 2360 διἀδογῆν,

32 2379 73 2432 ιαλ
91 2371 211 2433 οῦδίτοτε
228 2375 270 2431 ίπλ
285 2376 322 2430 ίνί
336 2372 432 2431 τοῦτον
447 2379 590 2445 γεννηθέντι
605 2371 689 2445 άστῆρ
706 2375 804 2446 έφάνη,
829 2372 889 2431 οάδί
905 2375 1003 2437 έλευσις
1016 2372 1114 2444 Μάγων
1128 2374 1188 2444 έγέ·

32 2481 82 2516 ιττο
97 2463 139 2516 έπλ
153 2461 182 2518 τά
200 2461 283 2516 έλθεῖν
305 2462 352 2516 καί
368 2464 540 2530 προςκυνῆσαι
554 2461 597 2518 τίν
611 2462 763 2531 γεννηθέντα
776 2461 895 2532 βασιλέα,
920 2457 975 2516 ἀλλ’
992 2454 1011 2530 ἦ
1026 2459 1084 2517 τίτε
1101 2457 1187 2528 μόνον·

32 2544 88 2602 ίθεν
106 2548 180 2602 τοῦτο
203 2543 368 2614 σκεψάμενός
383 2565 421 2608 τις
435 2547 479 2602 καλ
494 2547 541 2615 τῆν
557 2543 666 2603 διάνοιαν
681 2543 759 2602 αὐτοῦ
774 2546 817 2601 έπλ
828 2545 875 2614 τῆν
891 2549 983 2615 γνῶσιν
998 2550 1047 2616 τῆς
1063 2544 1188 2613 άληθείας

32 2629 165 2698 ῆκάντισε,
187 2629 277 2700 μαθολν
293 2627 333 2687 ὅτι
346 2630 376 2686 τέ
393 2639 499 2701 σημεῖον
512 2635 586 2688 τοῦτο
602 2629 648 2687 οῦκ
665 2629 800 2700 άνθραίπου
817 2631 901 2695 έστλυ,
918 2628 984 2688 άλλά
999 2631 1085 2700 κυρίου
1102 2628 1187 2699 μάνου.

32 2717 73 2773 λιό
89 2713 136 2772 οῦκ
151 2717 188 2772 ίτι
202 2716 260 2783 περί
275 2717 401 2786 βασιλέως
415 2715 506 2787 ῆριάτα
521 2718 632 2787 έπιγείου
646 2711 666 2787 ῆ
682 2712 831 2786 άνθριάπου,
849 2712 915 2773 άλλοί
928 2717 987 2784 περί
1002 2717 1129 2784 Χριστοῦ,
1148 2715 1187 2770 λέ-

32 2823 80 2870 γων
97 2809 151 2864 ταῖς
162 2806 341 2872 γραμματεῦσι
361 2803 405 2856 καί
419 2805 523 2870 ίερεῦσι,
541 2803 598 2858 Ποῦ
617 2800 631 2858 ῦ
649 2801 765 2872 Χριστὸς
780 2803 909 2871 γευνάταις
944 2801 998 2857 Καί
1012 2795 1111 2871 ἤκουσε
1128 2795 1187 2870 παρ’

32 2885 127 2951 ιάτῶν,
144 2885 191 2942 Ἐν
208 2887 330 2956 Βηθλελμ
345 2889 395 2954 τῆς
407 2884 541 2950 Ἰουδαίας.
577 2888 630 2942 Καί
647 2887 715 2956 παρολ
730 2887 776 2957 μίν
789 2885 885 2942 τούτων
903 2885 1036 2957 έρωτῆσας
1052 2886 1096 2942 τάν
1112 2885 1188 2943 τόπον

32 2976 108 3042 ίγνω,
125 2971 194 3042 παρὰ
209 2972 239 3030 δέ
250 2974 301 3027 τῶν
316 2970 413 3042 Μάγων
429 2969 473 3028 τάν
485 2971 581 3044 γράνον.
616 2973 670 3027 Καί
683 2971 732 3042 γάρ
748 2973 793 3028 καλ
806 2971 879 3028 αῦτολ
894 2974 917 3028 οί
933 2967 1019 3040 Μάγοι
1032 2969 1079 3039 τῆν
1093 2971 1188 3027 διετίαν

32 3060 50 3112 ίν
67 3054 135 3129 αῦτῆ
153 3061 187 3129 τῆ
203 3056 291 3129 ῆμέρρ
309 3059 359 3112 τοῑυ
374 3054 531 3126 Ἐπιφανίων
546 3058 582 3120 είς
597 3059 719 3127 Βηθλεὲμ
734 3057 846 3128 έγίνοντο
861 3057 906 3112 καί
920 3055 952 3112 τοί
967 3058 1041 3123 δοῦρα
1051 3053 1188 3125 προςῆνεγ·

32 3165 89 3207 ιαν,
110 3143 154 3198 καί
168 3141 216 3212 τῆν
231 3141 342 3212 σμῦρναν
358 3143 402 3196 καί
416 3141 460 3198 τὸν
473 3141 566 3212 γρυσέν
583 3143 628 3199 καί
643 3143 687 3199 τάν
701 3145 805 3214 λίβανον.
840 3139 886 3198 Ἐν
900 3140 967 3214 αῦτῆ
985 3139 1035 3210 γάρ
1050 3143 1083 3210 τῇ
1100 3137 1187 3213 ῆμέρᾳ

32 3232 77 3284 νῦν
92 3225 249 3298 Ἐπιφανίων
267 3230 294 3283 αί
311 3224 389 3297 άργαί
404 3225 523 3296 γεγόνασι
536 3229 633 3283 πολλῶν
646 3225 799 3296 πραγμάτων
817 3229 931 3296 σημείων
945 3230 995 3295 τῆς
1009 3221 1186 3296 Ἐπιφανείας.

32 3310 100 3382 λῦτη
119 3313 148 3370 δέ
162 3305 340 3383 ῆνῆῆμέρα,
367 3309 404 3374 νίς
420 3307 473 3367 άνω
496 3319 612 3381 προεῖπον
636 3312 679 3368 καί
702 3307 822 3374 πολλάκις
845 3309 1020 3381 ἀναγκάζομαι
1040 3315 1134 3383 λέγειν,
1161 3313 1187 3368 έν

32 3399 136 3470 ίπατείᾳ
150 3395 288 3454 ’οκταυίου
311 3394 457 3467 Δάγοῦστου
474 3396 504 3454 τά
521 3399 723 3465 τριςκαιδέκατον
745 3398 791 3452 καλ
805 3399 915 3452 Σιλανοῦ
937 3402 969 3470 τῇ
987 3397 1034 3466 πρά
1051 3395 1121 3454 σ’κτιλ
1139 3399 1186 3454 Εἰ-

32 3487 78 3540 ιιῦν
92 3481 264 3552 Ἰαννουαρίου
279 3481 344 3552 μετὰ
366 3488 500 3552 δεκατρεῖς
523 3480 623 3552 ῆμέρας
639 3486 689 3554 τῆς
704 3485 748 3538 τοῦ
763 3481 851 3552 φωτὸς
866 3483 910 3538 καί
924 3479 1026 3552 ῆμίρας
1042 3481 1186 3552 αὐξήσεως,

32 3567 84 3639 ξτες
101 3569 169 3624 έστλν
185 3565 234 3624 άπέ
251 3570 300 3636 τῆς
314 3571 411 3637 τροπῆς
422 3570 471 3637 τῆς
486 3570 647 3638 χειμερινῆς,
664 3569 790 3623 τουτέστιν
806 3565 855 3624 άπέ
872 3569 921 3636 τῆς
935 3567 984 3637 πρέ
1000 3564 1070 3626 σ’κτοί
1087 3571 1187 3624 Καλαν-

32 3657 77 3710 νῶν
94 3650 266 3722 Ἰαννουαρίου
281 3655 316 3723 (in
333 3673 409 3722 marg.
429 3655 520 3722 legitur
532 3655 581 3720 τῆς
595 3651 633 3708 κε’
650 3655 694 3708 τοῦ
709 3649 878 3726 Δεκεμβρίου)
895 3653 945 3716 έως
961 3651 1043 3724 αῦτῆς
1056 3658 1105 3722 τῆς
1117 3672 1186 3724 γενε-

32 3741 97 3794 ιλίου
114 3740 158 3794 καλ
173 3735 330 3809 Ἐπιφανίων
345 3737 461 3808 ῆμέρας,
487 3739 530 3795 διά
546 3737 588 3794 τάν
603 3737 800 3808 προδηλωθέντα
816 3739 891 3795 τάπον
915 3735 1052 3795 αὐτοῦτοῦ
1071 3741 1187 3808 σωτῆρος

32 3825 70 3878 ναί
84 3824 134 3878 τιῦν
148 3821 252 3880 διάδεκα
269 3821 350 3882 αῦτοῦ
367 3826 490 3894 μσθητιῦυ
506 3823 549 3881 τίν
563 3825 766 3892 τριςκαιδέκατον
782 3821 891 3894 α’ριθμάν
906 3825 1057 3894 πληροῦντα.
1092 3825 1186 3880 Γεννᾶ·

34 3930 65 3964 αι
81 3900 124 3964 σάν
140 3907 155 3964 ά
172 3909 258 3979 σωτῆρ
275 3913 475 3982 τεσσαρακοστῷ
498 3912 548 3983 (τῷ
562 3911 634 3963 dem
649 3912 674 3962 in
692 3911 763 3975 cod.)
783 3911 895 3982 δευτέρῳ
911 3909 961 3965 lm
976 3913 1029 3964 κτλ,
1044 3911 1135 3962 vemt,
1154 3939 1186 3951 ..

32 4035 37 4047 .
56 3997 102 4046 ult.
126 3995 177 4050 τεῦν
199 3996 351 4064 Ῥωμαίων,
377 3994 485 4068 ῦπατείᾳ
506 3998 540 4068 τῆ
557 3997 786 4066 προγεγραμμένη,
814 3995 878 4064 μετὰ
902 3995 1052 4050 είκοσιεννέα
1075 3995 1119 4063 ίτη
1136 3997 1186 4066 τῆς

32 4075 174 4148 λῦγοῦσεου
187 4081 252 4149 πρὸς
264 4078 404 4144 Ἰουδαίους
417 4083 563 4152 συναφείας.
586 4079 721 4137 Βασιλεύει
736 4081 766 4138 δέ
781 4077 924 4150 Δῦγουσιος
937 4081 1059 4149 δεκατρία
1071 4079 1117 4149 έτη
1128 4082 1186 4149 πρίν

32 4161 41 4236 γ’
61 4167 126 4218 Ven.

92 4253 173 4324 Peg.
189 4253 243 4310 80.
276 4253 295 4304 l.
304 4255 329 4306 2.
356 4251 481 4312 Ἰουδαίαν
506 4255 611 4316 τελείως
632 4253 792 4324 συνοφθῆναι
814 4249 953 4320 Ῥωμαίοις
974 4254 1035 4303 λίαν.
1054 4282 1087 4293 -
1130 4253 1183 4308 λδ.

32 4333 170 4406 ιῦγουστος
185 4336 227 4392 έπλ
238 4337 369 4406 τέτταρσιν
386 4339 466 4394 έτεσιν
486 4337 536 4394 οίπέ
553 4341 602 4409 τῆς
616 4335 694 4393 αάτοῦ
711 4337 841 4409 βασιλείας
856 4337 935 4392 πλείω
952 4334 1054 4392 έλάσσω
1069 4339 1131 4389 ven.
1152 4367 1183 4379 -

32 4424 80 4476 ,6.
107 4423 152 4477 καί
174 4423 238 4492 μέρη
263 4423 348 4492 φέρων
371 4421 511 4492 Ῥωμαίοις
532 4423 670 4493 τελούμενα
696 4423 738 4479 έπί
757 4423 822 4491 (έτει
838 4423 909 4490 cod.)
931 4422 1005 4477 πέντε
1021 4421 1089 4478 έτεσι
1104 4425 1183 4480 πλείω

32 4507 127 4564 λάσσω
142 4508 192 4570 ίως
205 4509 249 4564 τοῦ
264 4509 325 4578 (εἰς)
341 4507 423 4563 τέλεον
438 4509 571 4577 παρεδόθη
586 4506 606 4579 εἰ
618 4506 733 4565 Ἰουδαία
747 4511 792 4564 καί
806 4505 932 4578 ῦπέφορος
946 4509 1016 4578 (hinc
1029 4508 1184 4562 restituenda

35 4594 88 4661 ulg.
107 4593 205 4662 ιανίρι)
229 4590 316 4655 αῦτοῖς
336 4594 469 4662 γεγένηται
493 4594 651 4661 (τελεώτατα
672 4595 756 4664 deest)
778 4597 841 4646 Ven.
862 4621 891 4634 -
927 4593 979 4647 λθ.
997 4593 1083 4646 scribe
1102 4592 1185 4662 μένεα

36 4695 60 4732 ε.
80 4705 114 4720 -
147 4679 209 4730 Ιδίδ
227 4679 390 4752 γεννηθέντος
404 4679 517 4752 Χριστοῦ
534 4681 597 4733 ven.
615 4707 650 4722 ι-
684 4679 755 4734 1.10.
772 4697 816 4751 τε,
832 4689 891 4750 ροεε
906 4676 1036 4746 έλθάντος,
1055 4696 1106 4734 om.
1120 4682 1183 4736 λίεο.
