<?xml version="1.0" encoding="UTF-8"?>
<!DOCTYPE html PUBLIC "-//W3C//DTD XHTML 1.0 Transitional//EN"
    "http://www.w3.org/TR/xhtml1/DTD/xhtml1-transitional.dtd">
<html xmlns="http://www.w3.org/1999/xhtml" xml:lang="en" lang="en">
 <head>
  <title>
</title>
<meta http-equiv="Content-Type" content="text/html;charset=utf-8" />
  <meta name='ocr-system' content='tesseract 3.04.00' />
  <meta name='ocr-capabilities' content='ocr_page ocr_carea ocr_par ocr_line ocrx_word'/>
</head>
<body>
  <div class='ocr_page' id='page_1' title='image "./corporishaerese00oehlgoog/corporishaerese00oehlgoog_0400.png"; bbox 0 0 3060 5026; ppageno 0'>
   <div class='ocr_carea' id='block_1_1' title="bbox 274 349 1194 416">
    <p class='ocr_par' dir='ltr' id='par_1_1' title="bbox 274 349 1194 416">
     <span class='ocr_line' id='line_1_1' title="bbox 274 349 1194 416; baseline 0.002 -4"><span class='ocrx_word' id='word_1_1' title='bbox 274 359 414 412; x_wconf 81' lang='lat' dir='ltr'><strong>rauaurr</strong></span> <span class='ocrx_word' id='word_1_2' title='bbox 431 361 496 413; x_wconf 83' lang='lat' dir='ltr'><strong>ure.</strong></span> <span class='ocrx_word' id='word_1_3' title='bbox 510 363 555 413; x_wconf 91' lang='lat' dir='ltr'><strong>rrr.</strong></span> <span class='ocrx_word' id='word_1_4' title='bbox 569 361 654 414; x_wconf 86' lang='lat' dir='ltr'><strong>rora.</strong></span> <span class='ocrx_word' id='word_1_5' title='bbox 666 363 698 413; x_wconf 92' lang='lat' dir='ltr'><strong>rr.</strong></span> <span class='ocrx_word' id='word_1_6' title='bbox 716 359 816 414; x_wconf 80' lang='lat' dir='ltr'><strong>naun.</strong></span> <span class='ocrx_word' id='word_1_7' title='bbox 830 361 965 414; x_wconf 82' lang='lat' dir='ltr'><strong>uxxvrr.</strong></span> <span class='ocrx_word' id='word_1_8' title='bbox 1132 349 1194 416; x_wconf 82' lang='grc'><strong>389</strong></span> 
     </span>
    </p>
   </div>
   <div class='ocr_carea' id='block_1_2' title="bbox 41 479 1347 4678">
    <p class='ocr_par' dir='ltr' id='par_1_2' title="bbox 46 479 1333 1793">
     <span class='ocr_line' id='line_1_2' title="bbox 50 479 1195 566; baseline 0.005 -24"><span class='ocrx_word' id='word_1_9' title='bbox 50 489 183 566; x_wconf 85' lang='lat' dir='ltr'><strong>praratam</strong></span> <span class='ocrx_word' id='word_1_10' title='bbox 200 479 279 544; x_wconf 88' lang='lat' dir='ltr'><strong>illam</strong></span> <span class='ocrx_word' id='word_1_11' title='bbox 296 479 455 565; x_wconf 80' lang='lat' dir='ltr'><strong>significari</strong></span> <span class='ocrx_word' id='word_1_12' title='bbox 469 480 556 560; x_wconf 82' lang='lat' dir='ltr'><strong>volo,</strong></span> <span class='ocrx_word' id='word_1_13' title='bbox 581 481 632 544; x_wconf 85' lang='lat' dir='ltr'><strong>sed</strong></span> <span class='ocrx_word' id='word_1_14' title='bbox 650 501 715 546; x_wconf 85' lang='lat' dir='ltr'><strong>eam</strong></span> <span class='ocrx_word' id='word_1_15' title='bbox 731 501 805 566; x_wconf 84' lang='lat' dir='ltr'><strong>qnae</strong></span> <span class='ocrx_word' id='word_1_16' title='bbox 821 482 856 545; x_wconf 86' lang='lat' dir='ltr'><strong>ad</strong></span> <span class='ocrx_word' id='word_1_17' title='bbox 873 481 1014 548; x_wconf 86' lang='lat' dir='ltr'><strong>honestos</strong></span> <span class='ocrx_word' id='word_1_18' title='bbox 1030 481 1108 546; x_wconf 87' lang='lat' dir='ltr'><strong>ritae</strong></span> <span class='ocrx_word' id='word_1_19' title='bbox 1123 503 1195 548; x_wconf 89' lang='lat' dir='ltr'><strong>usus</strong></span> 
     </span>
     <span class='ocr_line' id='line_1_3' title="bbox 50 582 1195 669; baseline 0.005 -27"><span class='ocrx_word' id='word_1_20' title='bbox 50 582 186 667; x_wconf 84' lang='lat' dir='ltr'><strong>officiaque</strong></span> <span class='ocrx_word' id='word_1_21' title='bbox 209 583 385 668; x_wconf 74' lang='lat' dir='ltr'>requiritur,</span> <span class='ocrx_word' id='word_1_22' title='bbox 418 603 551 668; x_wconf 81' lang='lat' dir='ltr'><strong>quaeque</strong></span> <span class='ocrx_word' id='word_1_23' title='bbox 572 583 644 647; x_wconf 83' lang='lat' dir='ltr'>nihil</span> <span class='ocrx_word' id='word_1_24' title='bbox 661 583 750 647; x_wconf 89' lang='lat' dir='ltr'><strong>hahet</strong></span> <span class='ocrx_word' id='word_1_25' title='bbox 773 583 850 669; x_wconf 92' lang='lat' dir='ltr'><strong>qnod</strong></span> <span class='ocrx_word' id='word_1_26' title='bbox 868 583 1049 648; x_wconf 85' lang='lat' dir='ltr'><strong>divinitatem</strong></span> <span class='ocrx_word' id='word_1_27' title='bbox 1068 605 1127 648; x_wconf 94' lang='lat' dir='ltr'><strong>uon</strong></span> <span class='ocrx_word' id='word_1_28' title='bbox 1144 585 1195 648; x_wconf 92' lang='lat' dir='ltr'><strong>de-</strong></span> 
     </span>
     <span class='ocr_line' id='line_1_4' title="bbox 49 682 1195 772; baseline 0.005 -26"><span class='ocrx_word' id='word_1_29' title='bbox 49 685 135 766; x_wconf 84' lang='lat' dir='ltr'><strong>ceat),</strong></span> <span class='ocrx_word' id='word_1_30' title='bbox 167 682 223 768; x_wconf 84' lang='lat' dir='ltr'><strong>qui</strong></span> <span class='ocrx_word' id='word_1_31' title='bbox 239 687 354 748; x_wconf 91' lang='lat' dir='ltr'><strong>tandem</strong></span> <span class='ocrx_word' id='word_1_32' title='bbox 382 683 515 765; x_wconf 88' lang='lat' dir='ltr'><strong>esurire,</strong></span> <span class='ocrx_word' id='word_1_33' title='bbox 549 685 596 750; x_wconf 88' lang='lat' dir='ltr'><strong>vel</strong></span> <span class='ocrx_word' id='word_1_34' title='bbox 621 686 748 751; x_wconf 79' lang='lat' dir='ltr'>esuriem</span> <span class='ocrx_word' id='word_1_35' title='bbox 771 686 903 771; x_wconf 83' lang='lat' dir='ltr'><strong>cogitare</strong></span> <span class='ocrx_word' id='word_1_36' title='bbox 925 685 1039 772; x_wconf 85' lang='lat' dir='ltr'><strong>potuit?</strong></span> <span class='ocrx_word' id='word_1_37' title='bbox 1082 683 1195 752; x_wconf 78' lang='lat' dir='ltr'><strong>Dolore</strong></span> 
     </span>
     <span class='ocr_line' id='line_1_5' title="bbox 49 787 1195 873; baseline 0.005 -25"><span class='ocrx_word' id='word_1_38' title='bbox 49 807 111 849; x_wconf 89' lang='lat' dir='ltr'><strong>vero</strong></span> <span class='ocrx_word' id='word_1_39' title='bbox 127 787 269 871; x_wconf 88' lang='lat' dir='ltr'><strong>quomodo</strong></span> <span class='ocrx_word' id='word_1_40' title='bbox 287 788 380 873; x_wconf 90' lang='lat' dir='ltr'><strong>potuit</strong></span> <span class='ocrx_word' id='word_1_41' title='bbox 395 787 487 866; x_wconf 89' lang='lat' dir='ltr'><strong>affici,</strong></span> <span class='ocrx_word' id='word_1_42' title='bbox 519 788 544 850; x_wconf 90' lang='lat' dir='ltr'><strong>si</strong></span> <span class='ocrx_word' id='word_1_43' title='bbox 561 787 656 852; x_wconf 88' lang='lat' dir='ltr'><strong>anima</strong></span> <span class='ocrx_word' id='word_1_44' title='bbox 674 795 775 852; x_wconf 89' lang='lat' dir='ltr'><strong>mente</strong></span> <span class='ocrx_word' id='word_1_45' title='bbox 790 808 824 852; x_wconf 89' lang='lat' dir='ltr'><strong>ac</strong></span> <span class='ocrx_word' id='word_1_46' title='bbox 844 787 1037 854; x_wconf 84' lang='lat' dir='ltr'><strong>ratiocinandi</strong></span> <span class='ocrx_word' id='word_1_47' title='bbox 1057 788 1195 856; x_wconf 75' lang='lat' dir='ltr'><strong>facultate</strong></span> 
     </span>
     <span class='ocr_line' id='line_1_6' title="bbox 49 889 1195 976; baseline 0.002 -24"><span class='ocrx_word' id='word_1_48' title='bbox 49 891 172 954; x_wconf 88' lang='lat' dir='ltr'><strong>destituta</strong></span> <span class='ocrx_word' id='word_1_49' title='bbox 191 890 295 970; x_wconf 86' lang='lat' dir='ltr'><strong>inerit,</strong></span> <span class='ocrx_word' id='word_1_50' title='bbox 320 903 352 953; x_wconf 90' lang='lat' dir='ltr'><strong>ut</strong></span> <span class='ocrx_word' id='word_1_51' title='bbox 371 901 422 954; x_wconf 88' lang='lat' dir='ltr'><strong>ant</strong></span> <span class='ocrx_word' id='word_1_52' title='bbox 438 890 562 955; x_wconf 88' lang='lat' dir='ltr'><strong>rationis</strong></span> <span class='ocrx_word' id='word_1_53' title='bbox 577 910 688 976; x_wconf 81' lang='lat' dir='ltr'><strong>expers</strong></span> <span class='ocrx_word' id='word_1_54' title='bbox 704 900 801 969; x_wconf 85' lang='lat' dir='ltr'><strong>earet,</strong></span> <span class='ocrx_word' id='word_1_55' title='bbox 836 901 886 954; x_wconf 93' lang='lat' dir='ltr'><strong>ant</strong></span> <span class='ocrx_word' id='word_1_56' title='bbox 901 889 1028 954; x_wconf 89' lang='lat' dir='ltr'><strong>animam</strong></span> <span class='ocrx_word' id='word_1_57' title='bbox 1045 911 1114 955; x_wconf 91' lang='lat' dir='ltr'><strong>caro</strong></span> <span class='ocrx_word' id='word_1_58' title='bbox 1131 891 1195 954; x_wconf 93' lang='lat' dir='ltr'><strong>nul·</strong></span> 
     </span>
     <span class='ocr_line' id='line_1_7' title="bbox 49 988 1196 1075; baseline 0.003 -21"><span class='ocrx_word' id='word_1_59' title='bbox 49 991 95 1055; x_wconf 87' lang='lat' dir='ltr'><strong>lam</strong></span> <span class='ocrx_word' id='word_1_60' title='bbox 111 992 248 1057; x_wconf 81' lang='lat' dir='ltr'><strong>haberet?</strong></span> <span class='ocrx_word' id='word_1_61' title='bbox 292 988 383 1058; x_wconf 92' lang='lat' dir='ltr'><strong>Certe</strong></span> <span class='ocrx_word' id='word_1_62' title='bbox 398 993 423 1057; x_wconf 90' lang='lat' dir='ltr'><strong>si</strong></span> <span class='ocrx_word' id='word_1_63' title='bbox 442 993 585 1058; x_wconf 91' lang='lat' dir='ltr'><strong>eiusmodi</strong></span> <span class='ocrx_word' id='word_1_64' title='bbox 600 992 672 1075; x_wconf 88' lang='lat' dir='ltr'><strong>luit,</strong></span> <span class='ocrx_word' id='word_1_65' title='bbox 697 992 797 1057; x_wconf 87' lang='lat' dir='ltr'><strong>dolore</strong></span> <span class='ocrx_word' id='word_1_66' title='bbox 814 993 895 1056; x_wconf 92' lang='lat' dir='ltr'><strong>nullu</strong></span> <span class='ocrx_word' id='word_1_67' title='bbox 909 993 957 1059; x_wconf 88' lang='lat' dir='ltr'><strong>vel</strong></span> <span class='ocrx_word' id='word_1_68' title='bbox 972 1012 1108 1058; x_wconf 87' lang='lat' dir='ltr'><strong>moerore</strong></span> <span class='ocrx_word' id='word_1_69' title='bbox 1124 1013 1196 1058; x_wconf 86' lang='lat' dir='ltr'><strong>con·</strong></span> 
     </span>
     <span class='ocr_line' id='line_1_8' title="bbox 48 1092 1193 1181; baseline 0.004 -26"><span class='ocrx_word' id='word_1_70' title='bbox 48 1093 112 1156; x_wconf 89' lang='lat' dir='ltr'><strong>trahi</strong></span> <span class='ocrx_word' id='word_1_71' title='bbox 134 1095 238 1180; x_wconf 91' lang='lat' dir='ltr'><strong>potuit.</strong></span> <span class='ocrx_word' id='word_1_72' title='bbox 285 1092 362 1159; x_wconf 91' lang='lat' dir='ltr'><strong>Sunt</strong></span> <span class='ocrx_word' id='word_1_73' title='bbox 386 1106 415 1158; x_wconf 88' lang='lat' dir='ltr'><strong>et</strong></span> <span class='ocrx_word' id='word_1_74' title='bbox 440 1096 496 1159; x_wconf 91' lang='lat' dir='ltr'><strong>alia</strong></span> <span class='ocrx_word' id='word_1_75' title='bbox 524 1095 643 1180; x_wconf 78' lang='lat' dir='ltr'><strong>generis</strong></span> <span class='ocrx_word' id='word_1_76' title='bbox 669 1096 799 1160; x_wconf 88' lang='lat' dir='ltr'><strong>eiusdem</strong></span> <span class='ocrx_word' id='word_1_77' title='bbox 825 1095 1052 1181; x_wconf 70' lang='lat' dir='ltr'><strong>quamplurima,</strong></span> <span class='ocrx_word' id='word_1_78' title='bbox 1088 1095 1193 1180; x_wconf 84' lang='lat' dir='ltr'><strong>quibus</strong></span> 
     </span>
     <span class='ocr_line' id='line_1_9' title="bbox 47 1195 1193 1283; baseline 0.003 -24"><span class='ocrx_word' id='word_1_79' title='bbox 47 1196 131 1260; x_wconf 83' lang='lat' dir='ltr'><strong>animo</strong></span> <span class='ocrx_word' id='word_1_80' title='bbox 144 1197 364 1283; x_wconf 79' lang='lat' dir='ltr'><strong>comprehensis</strong></span> <span class='ocrx_word' id='word_1_81' title='bbox 385 1198 604 1282; x_wconf 84' lang='lat' dir='ltr'><strong>intelligendum</strong></span> <span class='ocrx_word' id='word_1_82' title='bbox 624 1197 694 1262; x_wconf 93' lang='lat' dir='ltr'><strong>illud</strong></span> <span class='ocrx_word' id='word_1_83' title='bbox 711 1197 796 1262; x_wconf 90' lang='lat' dir='ltr'><strong>nobis</strong></span> <span class='ocrx_word' id='word_1_84' title='bbox 814 1209 879 1278; x_wconf 84' lang='lat' dir='ltr'><strong>esr,</strong></span> <span class='ocrx_word' id='word_1_85' title='bbox 912 1195 1056 1262; x_wconf 90' lang='lat' dir='ltr'><strong>eiusmodi</strong></span> <span class='ocrx_word' id='word_1_86' title='bbox 1075 1197 1193 1262; x_wconf 87' lang='lat' dir='ltr'><strong>cavilla·</strong></span> 
     </span>
     <span class='ocr_line' id='line_1_10' title="bbox 48 1298 1194 1385; baseline 0.003 -25"><span class='ocrx_word' id='word_1_87' title='bbox 48 1299 130 1363; x_wconf 88' lang='lat' dir='ltr'><strong>tiones</strong></span> <span class='ocrx_word' id='word_1_88' title='bbox 150 1312 180 1363; x_wconf 90' lang='lat' dir='ltr'><strong>et</strong></span> <span class='ocrx_word' id='word_1_89' title='bbox 198 1300 329 1385; x_wconf 76' lang='lat' dir='ltr'>argutias</span> <span class='ocrx_word' id='word_1_90' title='bbox 354 1298 458 1364; x_wconf 91' lang='lat' dir='ltr'><strong>inanes</strong></span> <span class='ocrx_word' id='word_1_91' title='bbox 478 1321 513 1363; x_wconf 90' lang='lat' dir='ltr'><strong>ac</strong></span> <span class='ocrx_word' id='word_1_92' title='bbox 532 1319 770 1385; x_wconf 85' lang='lat' dir='ltr'><strong>supervacaneas</strong></span> <span class='ocrx_word' id='word_1_93' title='bbox 795 1321 882 1380; x_wconf 89' lang='lat' dir='ltr'><strong>esse,</strong></span> <span class='ocrx_word' id='word_1_94' title='bbox 915 1309 945 1365; x_wconf 86' lang='lat' dir='ltr'><strong>et</strong></span> <span class='ocrx_word' id='word_1_95' title='bbox 959 1301 994 1365; x_wconf 92' lang='lat' dir='ltr'><strong>ad</strong></span> <span class='ocrx_word' id='word_1_96' title='bbox 1012 1300 1127 1364; x_wconf 90' lang='lat' dir='ltr'><strong>illorum</strong></span> <span class='ocrx_word' id='word_1_97' title='bbox 1152 1301 1194 1364; x_wconf 86' lang='lat' dir='ltr'><strong>le-</strong></span> 
     </span>
     <span class='ocr_line' id='line_1_11' title="bbox 47 1401 1194 1490; baseline 0.006 -28"><span class='ocrx_word' id='word_1_98' title='bbox 47 1402 150 1466; x_wconf 90' lang='lat' dir='ltr'><strong>riendos</strong></span> <span class='ocrx_word' id='word_1_99' title='bbox 171 1401 286 1466; x_wconf 90' lang='lat' dir='ltr'><strong>animos</strong></span> <span class='ocrx_word' id='word_1_100' title='bbox 310 1413 445 1488; x_wconf 88' lang='lat' dir='ltr'><strong>spectare</strong></span> <span class='ocrx_word' id='word_1_101' title='bbox 469 1403 582 1486; x_wconf 90' lang='lat' dir='ltr'><strong>potius,</strong></span> <span class='ocrx_word' id='word_1_102' title='bbox 616 1403 664 1488; x_wconf 87' lang='lat' dir='ltr'><strong>qui</strong></span> <span class='ocrx_word' id='word_1_103' title='bbox 684 1403 759 1468; x_wconf 87' lang='lat' dir='ltr'><strong>ultra</strong></span> <span class='ocrx_word' id='word_1_104' title='bbox 784 1424 868 1487; x_wconf 87' lang='lat' dir='ltr'><strong>quam</strong></span> <span class='ocrx_word' id='word_1_105' title='bbox 891 1424 945 1490; x_wconf 87' lang='lat' dir='ltr'><strong>par</strong></span> <span class='ocrx_word' id='word_1_106' title='bbox 966 1412 1012 1468; x_wconf 87' lang='lat' dir='ltr'><strong>est</strong></span> <span class='ocrx_word' id='word_1_107' title='bbox 1033 1404 1141 1468; x_wconf 83' lang='lat' dir='ltr'><strong>efferre</strong></span> <span class='ocrx_word' id='word_1_108' title='bbox 1159 1423 1194 1469; x_wconf 89' lang='lat' dir='ltr'><strong>ae</strong></span> 
     </span>
     <span class='ocr_line' id='line_1_12' title="bbox 46 1501 1193 1589; baseline 0.004 -26"><span class='ocrx_word' id='word_1_109' title='bbox 46 1501 220 1588; x_wconf 81' lang='lat' dir='ltr'><strong>intelligendo</strong></span> <span class='ocrx_word' id='word_1_110' title='bbox 249 1505 367 1584; x_wconf 85' lang='lat' dir='ltr'><strong>volunt,</strong></span> <span class='ocrx_word' id='word_1_111' title='bbox 405 1525 501 1589; x_wconf 86' lang='lat' dir='ltr'><strong>neque</strong></span> <span class='ocrx_word' id='word_1_112' title='bbox 523 1525 556 1570; x_wconf 89' lang='lat' dir='ltr'><strong>se</strong></span> <span class='ocrx_word' id='word_1_113' title='bbox 584 1524 619 1569; x_wconf 88' lang='lat' dir='ltr'><strong>eo</strong></span> <span class='ocrx_word' id='word_1_114' title='bbox 644 1505 741 1570; x_wconf 88' lang='lat' dir='ltr'><strong>metiri</strong></span> <span class='ocrx_word' id='word_1_115' title='bbox 765 1505 882 1572; x_wconf 87' lang='lat' dir='ltr'><strong>modulo</strong></span> <span class='ocrx_word' id='word_1_116' title='bbox 905 1525 940 1569; x_wconf 90' lang='lat' dir='ltr'><strong>ac</strong></span> <span class='ocrx_word' id='word_1_117' title='bbox 964 1526 1121 1585; x_wconf 85' lang='lat' dir='ltr'><strong>mensura,</strong></span> <span class='ocrx_word' id='word_1_118' title='bbox 1157 1505 1193 1570; x_wconf 94' lang='lat' dir='ltr'><strong>ad</strong></span> 
     </span>
     <span class='ocr_line' id='line_1_13' title="bbox 47 1606 1333 1694; baseline 0.004 -28"><span class='ocrx_word' id='word_1_119' title='bbox 47 1626 118 1688; x_wconf 87' lang='lat' dir='ltr'><strong>quan</strong></span> <span class='ocrx_word' id='word_1_120' title='bbox 141 1628 196 1672; x_wconf 91' lang='lat' dir='ltr'><strong>nos</strong></span> <span class='ocrx_word' id='word_1_121' title='bbox 215 1607 419 1671; x_wconf 85' lang='lat' dir='ltr'><strong>sanctissimus</strong></span> <span class='ocrx_word' id='word_1_122' title='bbox 445 1607 578 1672; x_wconf 91' lang='lat' dir='ltr'><strong>hortatur</strong></span> <span class='ocrx_word' id='word_1_123' title='bbox 605 1608 773 1694; x_wconf 88' lang='lat' dir='ltr'><strong>apostolus,</strong></span> <span class='ocrx_word' id='word_1_124' title='bbox 808 1629 873 1673; x_wconf 91' lang='lat' dir='ltr'><strong>curn</strong></span> <span class='ocrx_word' id='word_1_125' title='bbox 897 1606 940 1672; x_wconf 92' lang='lat' dir='ltr'><strong>aic</strong></span> <span class='ocrx_word' id='word_1_126' title='bbox 961 1608 1116 1672; x_wconf 81' lang='lat' dir='ltr'><strong>admonet:</strong></span> <span class='ocrx_word' id='word_1_127' title='bbox 1147 1612 1333 1680; x_wconf 59' lang='lat' dir='ltr'><strong>Nestorea.</strong></span> 
     </span>
     <span class='ocr_line' id='line_1_14' title="bbox 46 1714 747 1793; baseline 0.006 -25"><span class='ocrx_word' id='word_1_128' title='bbox 46 1714 173 1788; x_wconf 71' lang='lat' dir='ltr'><strong>captamus</strong></span> <span class='ocrx_word' id='word_1_129' title='bbox 189 1722 390 1792; x_wconf 78' lang='lat' dir='ltr'><strong>praeterquam</strong></span> <span class='ocrx_word' id='word_1_130' title='bbox 413 1715 488 1792; x_wconf 83' lang='lat' dir='ltr'><strong>quod</strong></span> <span class='ocrx_word' id='word_1_131' title='bbox 508 1723 619 1792; x_wconf 83' lang='lat' dir='ltr'><strong>oportet</strong></span> <span class='ocrx_word' id='word_1_132' title='bbox 638 1734 747 1793; x_wconf 81' lang='lat' dir='ltr'><strong>supere.</strong></span> 
     </span>
    </p>

    <p class='ocr_par' dir='ltr' id='par_1_3' title="bbox 41 1808 1347 4678">
     <span class='ocr_line' id='line_1_15' title="bbox 117 1808 1299 1899; baseline -0.001 -24"><span class='ocrx_word' id='word_1_133' title='bbox 117 1813 237 1894; x_wconf 80' lang='lat' dir='ltr'><strong>dteuim</strong></span> <span class='ocrx_word' id='word_1_134' title='bbox 258 1812 412 1877; x_wconf 86' lang='lat' dir='ltr'><strong>nonnullas</strong></span> <span class='ocrx_word' id='word_1_135' title='bbox 437 1813 600 1899; x_wconf 75' lang='lat' dir='ltr'><strong>scripturae</strong></span> <span class='ocrx_word' id='word_1_136' title='bbox 619 1813 704 1878; x_wconf 89' lang='lat' dir='ltr'><strong>nobis</strong></span> <span class='ocrx_word' id='word_1_137' title='bbox 720 1812 913 1878; x_wconf 64' lang='lat' dir='ltr'><strong>auctoritates</strong></span> <span class='ocrx_word' id='word_1_138' title='bbox 932 1811 1084 1876; x_wconf 90' lang='lat' dir='ltr'><strong>obiiciunt.</strong></span> <span class='ocrx_word' id='word_1_139' title='bbox 1131 1808 1192 1878; x_wconf 92' lang='lat' dir='ltr'><strong>Cu·</strong></span> <span class='ocrx_word' id='word_1_140' title='bbox 1239 1823 1299 1890; x_wconf 77' lang='lat' dir='ltr'><strong>esp.</strong></span> 
     </span>
     <span class='ocr_line' id='line_1_16' title="bbox 48 1893 1347 2015; baseline 0.004 -42"><span class='ocrx_word' id='word_1_141' title='bbox 48 1912 157 1977; x_wconf 87' lang='lat' dir='ltr'><strong>insurodi</strong></span> <span class='ocrx_word' id='word_1_142' title='bbox 176 1914 255 1979; x_wconf 89' lang='lat' dir='ltr'><strong>istud</strong></span> <span class='ocrx_word' id='word_1_143' title='bbox 271 1925 334 1978; x_wconf 77' lang='lat' dir='ltr'><strong>este</strong></span> <span class='ocrx_word' id='word_1_144' title='bbox 366 1919 428 1977; x_wconf 88' lang='lat' dir='ltr'><strong>Nos</strong></span> <span class='ocrx_word' id='word_1_145' title='bbox 444 1927 536 1977; x_wconf 82' lang='lat' dir='ltr'><strong>nutem</strong></span> <span class='ocrx_word' id='word_1_146' title='bbox 552 1927 667 1978; x_wconf 81' lang='lat' dir='ltr'><strong>merrtem</strong></span> <span class='ocrx_word' id='word_1_147' title='bbox 684 1917 954 1990; x_wconf 59' lang='lat' dir='ltr'><strong>chrotildem,</strong></span> <span class='ocrx_word' id='word_1_148' title='bbox 986 1926 1034 1997; x_wconf 87' lang='lat' dir='ltr'><strong>et,</strong></span> <span class='ocrx_word' id='word_1_149' title='bbox 1059 1919 1188 1991; x_wconf 74' lang='lat' dir='ltr'><strong>l&#39;r&#39;rlesrre,</strong></span> <span class='ocrx_word' id='word_1_150' title='bbox 1202 1893 1347 2015; x_wconf 53' lang='grc' dir='ltr'><strong>,ξίξξῖῐῃ</strong></span> 
     </span>
     <span class='ocr_line' id='line_1_17' title="bbox 47 2013 1196 2099; baseline 0.007 -25"><span class='ocrx_word' id='word_1_151' title='bbox 47 2013 183 2099; x_wconf 89' lang='lat' dir='ltr'><strong>inquiunt,</strong></span> <span class='ocrx_word' id='word_1_152' title='bbox 218 2021 328 2079; x_wconf 73' lang='lat' dir='ltr'><strong>Chresti</strong></span> <span class='ocrx_word' id='word_1_153' title='bbox 351 2030 467 2080; x_wconf 81' lang='lat' dir='ltr'><strong>montena</strong></span> <span class='ocrx_word' id='word_1_154' title='bbox 488 2030 623 2082; x_wconf 68' lang='lat' dir='ltr'><strong>onosma</strong></span> <span class='ocrx_word' id='word_1_155' title='bbox 641 2041 703 2080; x_wconf 86' lang='lat' dir='ltr'><strong>esse</strong></span> <span class='ocrx_word' id='word_1_156' title='bbox 725 2022 886 2080; x_wconf 76' lang='lat' dir='ltr'><strong>diuersum?</strong></span> <span class='ocrx_word' id='word_1_157' title='bbox 929 2014 1125 2083; x_wconf 86' lang='lat' dir='ltr'><strong>Omirilicam</strong></span> <span class='ocrx_word' id='word_1_158' title='bbox 1143 2017 1196 2082; x_wconf 90' lang='lat' dir='ltr'><strong>ho-</strong></span> 
     </span>
     <span class='ocr_line' id='line_1_18' title="bbox 46 2115 1196 2205; baseline 0.003 -27"><span class='ocrx_word' id='word_1_159' title='bbox 46 2117 140 2184; x_wconf 87' lang='lat' dir='ltr'><strong>minum</strong></span> <span class='ocrx_word' id='word_1_160' title='bbox 155 2119 349 2205; x_wconf 87' lang='lat' dir='ltr'><strong>imperitiaml</strong></span> <span class='ocrx_word' id='word_1_161' title='bbox 395 2117 474 2183; x_wconf 90' lang='lat' dir='ltr'><strong>Nam</strong></span> <span class='ocrx_word' id='word_1_162' title='bbox 494 2120 529 2183; x_wconf 91' lang='lat' dir='ltr'><strong>ad</strong></span> <span class='ocrx_word' id='word_1_163' title='bbox 546 2115 623 2205; x_wconf 87' lang='lat' dir='ltr'><strong>quod</strong></span> <span class='ocrx_word' id='word_1_164' title='bbox 641 2120 746 2204; x_wconf 89' lang='lat' dir='ltr'><strong>cuique</strong></span> <span class='ocrx_word' id='word_1_165' title='bbox 762 2119 874 2184; x_wconf 91' lang='lat' dir='ltr'><strong>lihitum</strong></span> <span class='ocrx_word' id='word_1_166' title='bbox 889 2129 936 2184; x_wconf 86' lang='lat' dir='ltr'><strong>est</strong></span> <span class='ocrx_word' id='word_1_167' title='bbox 950 2120 1115 2205; x_wconf 74' lang='lat' dir='ltr'><strong>scripturae</strong></span> <span class='ocrx_word' id='word_1_168' title='bbox 1131 2141 1196 2184; x_wconf 89' lang='lat' dir='ltr'><strong>ser·</strong></span> 
     </span>
     <span class='ocr_line' id='line_1_19' title="bbox 46 2221 1194 2307; baseline 0.004 -27"><span class='ocrx_word' id='word_1_169' title='bbox 46 2239 135 2285; x_wconf 84' lang='lat' dir='ltr'><strong>mones</strong></span> <span class='ocrx_word' id='word_1_170' title='bbox 153 2223 373 2301; x_wconf 87' lang='lat' dir='ltr'><strong>accommodat,</strong></span> <span class='ocrx_word' id='word_1_171' title='bbox 398 2234 429 2287; x_wconf 88' lang='lat' dir='ltr'><strong>et</strong></span> <span class='ocrx_word' id='word_1_172' title='bbox 446 2222 475 2285; x_wconf 92' lang='lat' dir='ltr'><strong>in</strong></span> <span class='ocrx_word' id='word_1_173' title='bbox 498 2244 556 2307; x_wconf 90' lang='lat' dir='ltr'><strong>quo</strong></span> <span class='ocrx_word' id='word_1_174' title='bbox 579 2222 700 2287; x_wconf 89' lang='lat' dir='ltr'><strong>callidus</strong></span> <span class='ocrx_word' id='word_1_175' title='bbox 719 2231 748 2286; x_wconf 88' lang='lat' dir='ltr'><strong>et</strong></span> <span class='ocrx_word' id='word_1_176' title='bbox 766 2232 889 2306; x_wconf 83' lang='lat' dir='ltr'><strong>argutus</strong></span> <span class='ocrx_word' id='word_1_177' title='bbox 913 2242 979 2286; x_wconf 87' lang='lat' dir='ltr'><strong>esso</strong></span> <span class='ocrx_word' id='word_1_178' title='bbox 996 2221 1141 2306; x_wconf 70' lang='lat' dir='ltr'><strong>videtur„</strong></span> <span class='ocrx_word' id='word_1_179' title='bbox 1162 2221 1194 2285; x_wconf 94' lang='lat' dir='ltr'><strong>in</strong></span> 
     </span>
     <span class='ocr_line' id='line_1_20' title="bbox 45 2322 1192 2410; baseline 0.003 -26"><span class='ocrx_word' id='word_1_180' title='bbox 45 2341 74 2384; x_wconf 92' lang='lat' dir='ltr'><strong>eo</strong></span> <span class='ocrx_word' id='word_1_181' title='bbox 87 2323 147 2409; x_wconf 88' lang='lat' dir='ltr'><strong>ipso</strong></span> <span class='ocrx_word' id='word_1_182' title='bbox 164 2325 246 2390; x_wconf 88' lang='lat' dir='ltr'><strong>rodis</strong></span> <span class='ocrx_word' id='word_1_183' title='bbox 263 2335 350 2410; x_wconf 86' lang='lat' dir='ltr'><strong>atquc</strong></span> <span class='ocrx_word' id='word_1_184' title='bbox 364 2325 519 2410; x_wconf 86' lang='lat' dir='ltr'><strong>imperitus</strong></span> <span class='ocrx_word' id='word_1_185' title='bbox 535 2325 679 2390; x_wconf 86' lang='lat' dir='ltr'><strong>cernitur.</strong></span> <span class='ocrx_word' id='word_1_186' title='bbox 725 2322 843 2388; x_wconf 86' lang='lat' dir='ltr'><strong>Etenim</strong></span> <span class='ocrx_word' id='word_1_187' title='bbox 861 2325 936 2410; x_wconf 87' lang='lat' dir='ltr'><strong>quod</strong></span> <span class='ocrx_word' id='word_1_188' title='bbox 953 2326 990 2388; x_wconf 89' lang='lat' dir='ltr'><strong>ad</strong></span> <span class='ocrx_word' id='word_1_189' title='bbox 1006 2346 1061 2389; x_wconf 87' lang='lat' dir='ltr'><strong>nos</strong></span> <span class='ocrx_word' id='word_1_190' title='bbox 1075 2324 1192 2406; x_wconf 92' lang='lat' dir='ltr'><strong>attinet,</strong></span> 
     </span>
     <span class='ocr_line' id='line_1_21' title="bbox 45 2425 1347 2513; baseline 0.004 -26"><span class='ocrx_word' id='word_1_191' title='bbox 45 2425 85 2506; x_wconf 83' lang='lat' dir='ltr'><strong>qui</strong></span> <span class='ocrx_word' id='word_1_192' title='bbox 103 2432 228 2509; x_wconf 74' lang='lat' dir='ltr'><strong>imperiti</strong></span> <span class='ocrx_word' id='word_1_193' title='bbox 240 2450 368 2490; x_wconf 73' lang='lat' dir='ltr'><strong>ammone</strong></span> <span class='ocrx_word' id='word_1_194' title='bbox 386 2451 499 2504; x_wconf 84' lang='lat' dir='ltr'><strong>sumus,</strong></span> <span class='ocrx_word' id='word_1_195' title='bbox 532 2450 588 2490; x_wconf 82' lang='lat' dir='ltr'><strong>noa</strong></span> <span class='ocrx_word' id='word_1_196' title='bbox 604 2431 739 2502; x_wconf 62' lang='lat' dir='ltr'><strong>aormtrh,</strong></span> <span class='ocrx_word' id='word_1_197' title='bbox 771 2427 813 2491; x_wconf 90' lang='lat' dir='ltr'><strong>uli</strong></span> <span class='ocrx_word' id='word_1_198' title='bbox 830 2427 969 2512; x_wconf 87' lang='lat' dir='ltr'><strong>scriplum</strong></span> <span class='ocrx_word' id='word_1_199' title='bbox 989 2436 1052 2508; x_wconf 86' lang='lat' dir='ltr'><strong>est,</strong></span> <span class='ocrx_word' id='word_1_200' title='bbox 1085 2427 1191 2513; x_wconf 84' lang='lat' dir='ltr'><strong>quique</strong></span> <span class='ocrx_word' id='word_1_201' title='bbox 1205 2443 1347 2503; x_wconf 61' lang='lat' dir='ltr'><strong>rennues.</strong></span> 
     </span>
     <span class='ocr_line' id='line_1_22' title="bbox 45 2529 1194 2614; baseline 0.009 -28"><span class='ocrx_word' id='word_1_202' title='bbox 45 2535 69 2587; x_wconf 89' lang='lat' dir='ltr'><strong>et</strong></span> <span class='ocrx_word' id='word_1_203' title='bbox 84 2531 245 2594; x_wconf 88' lang='lat' dir='ltr'><strong>mediocres</strong></span> <span class='ocrx_word' id='word_1_204' title='bbox 267 2531 421 2594; x_wconf 81' lang='lat' dir='ltr'><strong>admodum</strong></span> <span class='ocrx_word' id='word_1_205' title='bbox 439 2551 562 2609; x_wconf 89' lang='lat' dir='ltr'><strong>snmus,</strong></span> <span class='ocrx_word' id='word_1_206' title='bbox 586 2541 616 2593; x_wconf 91' lang='lat' dir='ltr'><strong>et</strong></span> <span class='ocrx_word' id='word_1_207' title='bbox 636 2529 798 2594; x_wconf 88' lang='lat' dir='ltr'><strong>istiusmodi</strong></span> <span class='ocrx_word' id='word_1_208' title='bbox 816 2529 981 2608; x_wconf 89' lang='lat' dir='ltr'><strong>hominum,</strong></span> <span class='ocrx_word' id='word_1_209' title='bbox 1006 2529 1053 2614; x_wconf 88' lang='lat' dir='ltr'><strong>qui</strong></span> <span class='ocrx_word' id='word_1_210' title='bbox 1072 2529 1108 2594; x_wconf 89' lang='lat' dir='ltr'><strong>ah</strong></span> <span class='ocrx_word' id='word_1_211' title='bbox 1126 2551 1194 2596; x_wconf 88' lang='lat' dir='ltr'><strong>eru·</strong></span> 
     </span>
     <span class='ocr_line' id='line_1_23' title="bbox 45 2627 1194 2718; baseline 0.007 -29"><span class='ocrx_word' id='word_1_212' title='bbox 45 2627 141 2695; x_wconf 89' lang='lat' dir='ltr'><strong>ditione</strong></span> <span class='ocrx_word' id='word_1_213' title='bbox 160 2631 338 2718; x_wconf 89' lang='lat' dir='ltr'><strong>paratissimi</strong></span> <span class='ocrx_word' id='word_1_214' title='bbox 356 2644 442 2711; x_wconf 90' lang='lat' dir='ltr'><strong>sunt,</strong></span> <span class='ocrx_word' id='word_1_215' title='bbox 467 2631 647 2696; x_wconf 83' lang='lat' dir='ltr'><strong>admiramur</strong></span> <span class='ocrx_word' id='word_1_216' title='bbox 663 2632 796 2716; x_wconf 82' lang='lat' dir='ltr'><strong>ingania,</strong></span> <span class='ocrx_word' id='word_1_217' title='bbox 821 2631 918 2696; x_wconf 88' lang='lat' dir='ltr'><strong>auimo</strong></span> <span class='ocrx_word' id='word_1_218' title='bbox 933 2631 1126 2696; x_wconf 83' lang='lat' dir='ltr'><strong>vehementer</strong></span> <span class='ocrx_word' id='word_1_219' title='bbox 1141 2633 1194 2697; x_wconf 89' lang='lat' dir='ltr'><strong>ob·</strong></span> 
     </span>
     <span class='ocr_line' id='line_1_24' title="bbox 44 2734 1191 2819; baseline 0.007 -27"><span class='ocrx_word' id='word_1_220' title='bbox 44 2734 244 2815; x_wconf 81' lang='lat' dir='ltr'><strong>doposcimus,</strong></span> <span class='ocrx_word' id='word_1_221' title='bbox 277 2736 353 2818; x_wconf 91' lang='lat' dir='ltr'><strong>quod</strong></span> <span class='ocrx_word' id='word_1_222' title='bbox 378 2735 414 2798; x_wconf 89' lang='lat' dir='ltr'><strong>ad</strong></span> <span class='ocrx_word' id='word_1_223' title='bbox 436 2735 553 2799; x_wconf 91' lang='lat' dir='ltr'><strong>inanem</strong></span> <span class='ocrx_word' id='word_1_224' title='bbox 576 2755 611 2798; x_wconf 89' lang='lat' dir='ltr'><strong>ac</strong></span> <span class='ocrx_word' id='word_1_225' title='bbox 635 2735 814 2819; x_wconf 87' lang='lat' dir='ltr'><strong>pertinacem</strong></span> <span class='ocrx_word' id='word_1_226' title='bbox 838 2755 923 2798; x_wconf 85' lang='lat' dir='ltr'><strong>sauna</strong></span> <span class='ocrx_word' id='word_1_227' title='bbox 945 2734 1031 2798; x_wconf 89' lang='lat' dir='ltr'><strong>istum</strong></span> <span class='ocrx_word' id='word_1_228' title='bbox 1058 2755 1191 2800; x_wconf 86' lang='lat' dir='ltr'><strong>errorem</strong></span> 
     </span>
     <span class='ocr_line' id='line_1_25' title="bbox 43 2835 1193 2922; baseline 0.009 -31"><span class='ocrx_word' id='word_1_229' title='bbox 43 2838 273 2915; x_wconf 85' lang='lat' dir='ltr'><strong>asseverandum,</strong></span> <span class='ocrx_word' id='word_1_230' title='bbox 299 2836 379 2900; x_wconf 90' lang='lat' dir='ltr'><strong>illum</strong></span> <span class='ocrx_word' id='word_1_231' title='bbox 401 2837 520 2902; x_wconf 87' lang='lat' dir='ltr'><strong>omnino</strong></span> <span class='ocrx_word' id='word_1_232' title='bbox 540 2835 705 2922; x_wconf 88' lang='lat' dir='ltr'><strong>scripturae</strong></span> <span class='ocrx_word' id='word_1_233' title='bbox 723 2837 819 2902; x_wconf 92' lang='lat' dir='ltr'><strong>locum</strong></span> <span class='ocrx_word' id='word_1_234' title='bbox 836 2836 946 2900; x_wconf 77' lang='lat' dir='ltr'><strong>afferre</strong></span> <span class='ocrx_word' id='word_1_235' title='bbox 963 2859 1021 2901; x_wconf 91' lang='lat' dir='ltr'><strong>non</strong></span> <span class='ocrx_word' id='word_1_236' title='bbox 1040 2837 1193 2904; x_wconf 82' lang='lat' dir='ltr'><strong>dubitavc-</strong></span> 
     </span>
     <span class='ocr_line' id='line_1_26' title="bbox 43 2934 1193 3024; baseline 0.008 -30"><span class='ocrx_word' id='word_1_237' title='bbox 43 2934 107 3014; x_wconf 90' lang='lat' dir='ltr'><strong>rint,</strong></span> <span class='ocrx_word' id='word_1_238' title='bbox 138 2960 203 3002; x_wconf 90' lang='lat' dir='ltr'><strong>curn</strong></span> <span class='ocrx_word' id='word_1_239' title='bbox 223 2959 260 3002; x_wconf 91' lang='lat' dir='ltr'><strong>ne</strong></span> <span class='ocrx_word' id='word_1_240' title='bbox 279 2938 427 3003; x_wconf 87' lang='lat' dir='ltr'><strong>minimam</strong></span> <span class='ocrx_word' id='word_1_241' title='bbox 454 2939 569 3024; x_wconf 85' lang='lat' dir='ltr'><strong>quidem</strong></span> <span class='ocrx_word' id='word_1_242' title='bbox 596 2939 682 3004; x_wconf 88' lang='lat' dir='ltr'><strong>istius</strong></span> <span class='ocrx_word' id='word_1_243' title='bbox 707 2939 851 3024; x_wconf 88' lang='lat' dir='ltr'><strong>dogmatis</strong></span> <span class='ocrx_word' id='word_1_244' title='bbox 877 2937 1121 3024; x_wconf 82' lang='lat' dir='ltr'><strong>significationem</strong></span> <span class='ocrx_word' id='word_1_245' title='bbox 1140 2939 1193 3003; x_wconf 90' lang='lat' dir='ltr'><strong>ha-</strong></span> 
     </span>
     <span class='ocr_line' id='line_1_27' title="bbox 43 3035 1193 3126; baseline 0.005 -28"><span class='ocrx_word' id='word_1_246' title='bbox 43 3035 111 3102; x_wconf 85' lang='lat' dir='ltr'><strong>hcet.</strong></span> <span class='ocrx_word' id='word_1_247' title='bbox 155 3045 218 3103; x_wconf 85' lang='lat' dir='ltr'><strong>Nos</strong></span> <span class='ocrx_word' id='word_1_248' title='bbox 239 3046 328 3115; x_wconf 83' lang='lat' dir='ltr'><strong>caria,</strong></span> <span class='ocrx_word' id='word_1_249' title='bbox 361 3041 454 3126; x_wconf 90' lang='lat' dir='ltr'><strong>inquit</strong></span> <span class='ocrx_word' id='word_1_250' title='bbox 478 3042 644 3126; x_wconf 86' lang='lat' dir='ltr'><strong>apostolos,</strong></span> <span class='ocrx_word' id='word_1_251' title='bbox 679 3044 791 3104; x_wconf 74' lang='lat' dir='ltr'><strong>Christi</strong></span> <span class='ocrx_word' id='word_1_252' title='bbox 808 3053 924 3103; x_wconf 82' lang='lat' dir='ltr'><strong>meatem</strong></span> <span class='ocrx_word' id='word_1_253' title='bbox 942 3043 1085 3104; x_wconf 81' lang='lat' dir='ltr'><strong>habemur.</strong></span> <span class='ocrx_word' id='word_1_254' title='bbox 1132 3037 1193 3126; x_wconf 81' lang='lat' dir='ltr'><strong>lgi-</strong></span> 
     </span>
     <span class='ocr_line' id='line_1_28' title="bbox 44 3139 1192 3230; baseline 0.009 -32"><span class='ocrx_word' id='word_1_255' title='bbox 44 3142 162 3224; x_wconf 89' lang='lat' dir='ltr'><strong>tnrquid</strong></span> <span class='ocrx_word' id='word_1_256' title='bbox 181 3154 293 3208; x_wconf 87' lang='lat' dir='ltr'><strong>tantem</strong></span> <span class='ocrx_word' id='word_1_257' title='bbox 312 3139 449 3208; x_wconf 90' lang='lat' dir='ltr'><strong>Christos</strong></span> <span class='ocrx_word' id='word_1_258' title='bbox 475 3143 532 3222; x_wconf 90' lang='lat' dir='ltr'><strong>sit,</strong></span> <span class='ocrx_word' id='word_1_259' title='bbox 566 3139 736 3228; x_wconf 86' lang='lat' dir='ltr'><strong>Christique</strong></span> <span class='ocrx_word' id='word_1_260' title='bbox 762 3165 865 3222; x_wconf 87' lang='lat' dir='ltr'><strong>mens,</strong></span> <span class='ocrx_word' id='word_1_261' title='bbox 898 3145 933 3208; x_wconf 92' lang='lat' dir='ltr'><strong>de</strong></span> <span class='ocrx_word' id='word_1_262' title='bbox 951 3142 1192 3230; x_wconf 87' lang='lat' dir='ltr'><strong>illisperoontari</strong></span> 
     </span>
     <span class='ocr_line' id='line_1_29' title="bbox 43 3242 1193 3331; baseline 0.008 -30"><span class='ocrx_word' id='word_1_263' title='bbox 43 3261 89 3306; x_wconf 87' lang='lat' dir='ltr'><strong>nos</strong></span> <span class='ocrx_word' id='word_1_264' title='bbox 108 3255 236 3330; x_wconf 90' lang='lat' dir='ltr'><strong>oportet.</strong></span> <span class='ocrx_word' id='word_1_265' title='bbox 283 3243 348 3308; x_wconf 87' lang='lat' dir='ltr'><strong>lloc</strong></span> <span class='ocrx_word' id='word_1_266' title='bbox 369 3245 483 3331; x_wconf 88' lang='lat' dir='ltr'><strong>quidem</strong></span> <span class='ocrx_word' id='word_1_267' title='bbox 501 3246 529 3309; x_wconf 93' lang='lat' dir='ltr'><strong>in</strong></span> <span class='ocrx_word' id='word_1_268' title='bbox 548 3246 613 3309; x_wconf 92' lang='lat' dir='ltr'><strong>loco</strong></span> <span class='ocrx_word' id='word_1_269' title='bbox 630 3246 707 3310; x_wconf 90' lang='lat' dir='ltr'><strong>aliud</strong></span> <span class='ocrx_word' id='word_1_270' title='bbox 725 3266 794 3310; x_wconf 88' lang='lat' dir='ltr'><strong>esse</strong></span> <span class='ocrx_word' id='word_1_271' title='bbox 812 3242 982 3323; x_wconf 84' lang='lat' dir='ltr'><strong>Christum,</strong></span> <span class='ocrx_word' id='word_1_272' title='bbox 1008 3246 1085 3310; x_wconf 90' lang='lat' dir='ltr'><strong>aliud</strong></span> <span class='ocrx_word' id='word_1_273' title='bbox 1106 3242 1193 3311; x_wconf 93' lang='lat' dir='ltr'><strong>Chri·</strong></span> 
     </span>
     <span class='ocr_line' id='line_1_30' title="bbox 44 3345 1194 3425; baseline 0.007 -21"><span class='ocrx_word' id='word_1_274' title='bbox 44 3345 74 3406; x_wconf 89' lang='lat' dir='ltr'><strong>sti</strong></span> <span class='ocrx_word' id='word_1_275' title='bbox 90 3345 288 3425; x_wconf 83' lang='lat' dir='ltr'><strong>divinitatem,</strong></span> <span class='ocrx_word' id='word_1_276' title='bbox 319 3347 457 3412; x_wconf 88' lang='lat' dir='ltr'><strong>arbitrari</strong></span> <span class='ocrx_word' id='word_1_277' title='bbox 475 3369 508 3413; x_wconf 91' lang='lat' dir='ltr'><strong>se</strong></span> <span class='ocrx_word' id='word_1_278' title='bbox 525 3349 739 3413; x_wconf 86' lang='lat' dir='ltr'><strong>demonstrant.</strong></span> <span class='ocrx_word' id='word_1_279' title='bbox 787 3348 833 3412; x_wconf 82' lang='lat' dir='ltr'><strong>hc</strong></span> <span class='ocrx_word' id='word_1_280' title='bbox 850 3349 876 3412; x_wconf 93' lang='lat' dir='ltr'><strong>si</strong></span> <span class='ocrx_word' id='word_1_281' title='bbox 895 3349 1002 3412; x_wconf 88' lang='lat' dir='ltr'><strong>mentis</strong></span> <span class='ocrx_word' id='word_1_282' title='bbox 1020 3348 1087 3413; x_wconf 90' lang='lat' dir='ltr'><strong>loco</strong></span> <span class='ocrx_word' id='word_1_283' title='bbox 1105 3345 1194 3414; x_wconf 88' lang='lat' dir='ltr'><strong>Chri·</strong></span> 
     </span>
     <span class='ocr_line' id='line_1_31' title="bbox 44 3445 1194 3536; baseline 0.007 -30"><span class='ocrx_word' id='word_1_284' title='bbox 44 3457 110 3510; x_wconf 87' lang='lat' dir='ltr'><strong>stum</strong></span> <span class='ocrx_word' id='word_1_285' title='bbox 128 3449 292 3535; x_wconf 88' lang='lat' dir='ltr'><strong>accipiant,</strong></span> <span class='ocrx_word' id='word_1_286' title='bbox 328 3445 478 3515; x_wconf 86' lang='lat' dir='ltr'><strong>Christum</strong></span> <span class='ocrx_word' id='word_1_287' title='bbox 503 3471 576 3516; x_wconf 88' lang='lat' dir='ltr'><strong>veru</strong></span> <span class='ocrx_word' id='word_1_288' title='bbox 596 3450 689 3514; x_wconf 86' lang='lat' dir='ltr'><strong>solam</strong></span> <span class='ocrx_word' id='word_1_289' title='bbox 709 3446 863 3515; x_wconf 88' lang='lat' dir='ltr'><strong>aChristo</strong></span> <span class='ocrx_word' id='word_1_290' title='bbox 882 3461 1048 3536; x_wconf 84' lang='lat' dir='ltr'><strong>susceptam</strong></span> <span class='ocrx_word' id='word_1_291' title='bbox 1068 3449 1194 3514; x_wconf 85' lang='lat' dir='ltr'><strong>hominis</strong></span> 
     </span>
     <span class='ocr_line' id='line_1_32' title="bbox 49 3550 1194 3637; baseline 0.005 -26"><span class='ocrx_word' id='word_1_292' title='bbox 49 3560 171 3616; x_wconf 90' lang='lat' dir='ltr'><strong>naturam</strong></span> <span class='ocrx_word' id='word_1_293' title='bbox 198 3553 362 3637; x_wconf 84' lang='lat' dir='ltr'><strong>appellent,</strong></span> <span class='ocrx_word' id='word_1_294' title='bbox 397 3553 427 3615; x_wconf 93' lang='lat' dir='ltr'><strong>iu</strong></span> <span class='ocrx_word' id='word_1_295' title='bbox 455 3552 540 3616; x_wconf 88' lang='lat' dir='ltr'><strong>aliam</strong></span> <span class='ocrx_word' id='word_1_296' title='bbox 569 3573 624 3615; x_wconf 87' lang='lat' dir='ltr'><strong>uos</strong></span> <span class='ocrx_word' id='word_1_297' title='bbox 652 3553 852 3637; x_wconf 83' lang='lat' dir='ltr'><strong>quaestionem</strong></span> <span class='ocrx_word' id='word_1_298' title='bbox 880 3552 1051 3617; x_wconf 89' lang='lat' dir='ltr'><strong>coniiciunt.</strong></span> <span class='ocrx_word' id='word_1_299' title='bbox 1106 3550 1194 3637; x_wconf 82' lang='lat' dir='ltr'><strong>Quod</strong></span> 
     </span>
     <span class='ocr_line' id='line_1_33' title="bbox 44 3649 1194 3742; baseline 0.005 -30"><span class='ocrx_word' id='word_1_300' title='bbox 44 3649 124 3734; x_wconf 80' lang='lat' dir='ltr'><strong>igitur</strong></span> <span class='ocrx_word' id='word_1_301' title='bbox 146 3667 213 3742; x_wconf 87' lang='lat' dir='ltr'><strong>post</strong></span> <span class='ocrx_word' id='word_1_302' title='bbox 231 3655 461 3720; x_wconf 89' lang='lat' dir='ltr'><strong>incarnationem</strong></span> <span class='ocrx_word' id='word_1_303' title='bbox 487 3655 532 3717; x_wconf 88' lang='lat' dir='ltr'><strong>dei</strong></span> <span class='ocrx_word' id='word_1_304' title='bbox 551 3654 673 3718; x_wconf 85' lang='lat' dir='ltr'><strong>rerhnm</strong></span> <span class='ocrx_word' id='word_1_305' title='bbox 694 3675 728 3720; x_wconf 90' lang='lat' dir='ltr'><strong>ac</strong></span> <span class='ocrx_word' id='word_1_306' title='bbox 747 3655 792 3718; x_wconf 89' lang='lat' dir='ltr'><strong>dei</strong></span> <span class='ocrx_word' id='word_1_307' title='bbox 813 3655 888 3719; x_wconf 87' lang='lat' dir='ltr'><strong>lilios</strong></span> <span class='ocrx_word' id='word_1_308' title='bbox 911 3656 1094 3734; x_wconf 88' lang='lat' dir='ltr'><strong>declaretur,</strong></span> <span class='ocrx_word' id='word_1_309' title='bbox 1127 3675 1194 3740; x_wconf 90' lang='lat' dir='ltr'><strong>per-</strong></span> 
     </span>
     <span class='ocr_line' id='line_1_34' title="bbox 44 3756 1194 3841; baseline 0.005 -27"><span class='ocrx_word' id='word_1_310' title='bbox 44 3756 164 3838; x_wconf 87' lang='lat' dir='ltr'><strong>spicuum</strong></span> <span class='ocrx_word' id='word_1_311' title='bbox 183 3769 248 3836; x_wconf 68' lang='lat' dir='ltr'><strong>ests</strong></span> <span class='ocrx_word' id='word_1_312' title='bbox 271 3779 306 3820; x_wconf 90' lang='lat' dir='ltr'><strong>ac</strong></span> <span class='ocrx_word' id='word_1_313' title='bbox 323 3756 440 3820; x_wconf 90' lang='lat' dir='ltr'><strong>tametsi</strong></span> <span class='ocrx_word' id='word_1_314' title='bbox 458 3757 595 3823; x_wconf 93' lang='lat' dir='ltr'><strong>nonnulla</strong></span> <span class='ocrx_word' id='word_1_315' title='bbox 616 3757 651 3821; x_wconf 93' lang='lat' dir='ltr'><strong>de</strong></span> <span class='ocrx_word' id='word_1_316' title='bbox 667 3778 701 3820; x_wconf 88' lang='lat' dir='ltr'><strong>ea</strong></span> <span class='ocrx_word' id='word_1_317' title='bbox 718 3757 885 3822; x_wconf 88' lang='lat' dir='ltr'><strong>testimonia</strong></span> <span class='ocrx_word' id='word_1_318' title='bbox 901 3757 1118 3822; x_wconf 87' lang='lat' dir='ltr'><strong>antecesserint</strong></span> <span class='ocrx_word' id='word_1_319' title='bbox 1131 3756 1194 3841; x_wconf 90' lang='lat' dir='ltr'><strong>qui·</strong></span> 
     </span>
     <span class='ocr_line' id='line_1_35' title="bbox 43 3854 1194 3946; baseline 0.004 -29"><span class='ocrx_word' id='word_1_320' title='bbox 43 3854 88 3920; x_wconf 89' lang='lat' dir='ltr'><strong>hus</strong></span> <span class='ocrx_word' id='word_1_321' title='bbox 109 3862 155 3924; x_wconf 84' lang='lat' dir='ltr'><strong>rel</strong></span> <span class='ocrx_word' id='word_1_322' title='bbox 175 3871 243 3924; x_wconf 89' lang='lat' dir='ltr'><strong>aute</strong></span> <span class='ocrx_word' id='word_1_323' title='bbox 269 3860 500 3924; x_wconf 87' lang='lat' dir='ltr'><strong>incarnationem</strong></span> <span class='ocrx_word' id='word_1_324' title='bbox 521 3856 658 3926; x_wconf 83' lang='lat' dir='ltr'><strong>Christus</strong></span> <span class='ocrx_word' id='word_1_325' title='bbox 682 3860 822 3946; x_wconf 88' lang='lat' dir='ltr'><strong>appellari</strong></span> <span class='ocrx_word' id='word_1_326' title='bbox 848 3861 984 3940; x_wconf 88' lang='lat' dir='ltr'><strong>videtur,</strong></span> <span class='ocrx_word' id='word_1_327' title='bbox 1014 3859 1124 3943; x_wconf 82' lang='lat' dir='ltr'><strong>inipso</strong></span> <span class='ocrx_word' id='word_1_328' title='bbox 1149 3859 1194 3923; x_wconf 93' lang='lat' dir='ltr'><strong>ui·</strong></span> 
     </span>
     <span class='ocr_line' id='line_1_36' title="bbox 46 3955 1193 4048; baseline 0.005 -29"><span class='ocrx_word' id='word_1_329' title='bbox 46 3955 193 4026; x_wconf 91' lang='lat' dir='ltr'><strong>hilomiuus</strong></span> <span class='ocrx_word' id='word_1_330' title='bbox 222 3961 427 4026; x_wconf 88' lang='lat' dir='ltr'><strong>incarnatione</strong></span> <span class='ocrx_word' id='word_1_331' title='bbox 452 3962 646 4048; x_wconf 90' lang='lat' dir='ltr'><strong>complentur.</strong></span> <span class='ocrx_word' id='word_1_332' title='bbox 701 3959 841 4028; x_wconf 88' lang='lat' dir='ltr'><strong>Ceterum</strong></span> <span class='ocrx_word' id='word_1_333' title='bbox 872 3983 967 4048; x_wconf 90' lang='lat' dir='ltr'><strong>neque</strong></span> <span class='ocrx_word' id='word_1_334' title='bbox 993 3962 1131 4026; x_wconf 88' lang='lat' dir='ltr'><strong>divinitas</strong></span> <span class='ocrx_word' id='word_1_335' title='bbox 1156 3961 1193 4025; x_wconf 89' lang='lat' dir='ltr'><strong>ah</strong></span> 
     </span>
     <span class='ocr_line' id='line_1_37' title="bbox 46 4059 1194 4151; baseline 0.005 -28"><span class='ocrx_word' id='word_1_336' title='bbox 46 4059 98 4143; x_wconf 87' lang='lat' dir='ltr'><strong>ipsa</strong></span> <span class='ocrx_word' id='word_1_337' title='bbox 125 4061 237 4130; x_wconf 87' lang='lat' dir='ltr'><strong>Christi</strong></span> <span class='ocrx_word' id='word_1_338' title='bbox 262 4065 455 4149; x_wconf 90' lang='lat' dir='ltr'><strong>appellatione</strong></span> <span class='ocrx_word' id='word_1_339' title='bbox 478 4063 655 4143; x_wconf 86' lang='lat' dir='ltr'><strong>secluditur,</strong></span> <span class='ocrx_word' id='word_1_340' title='bbox 690 4087 784 4151; x_wconf 83' lang='lat' dir='ltr'><strong>neque</strong></span> <span class='ocrx_word' id='word_1_341' title='bbox 803 4064 881 4128; x_wconf 90' lang='lat' dir='ltr'><strong>illius</strong></span> <span class='ocrx_word' id='word_1_342' title='bbox 904 4063 1067 4130; x_wconf 89' lang='lat' dir='ltr'><strong>incarnatio</strong></span> <span class='ocrx_word' id='word_1_343' title='bbox 1090 4074 1120 4128; x_wconf 88' lang='lat' dir='ltr'><strong>et</strong></span> <span class='ocrx_word' id='word_1_344' title='bbox 1140 4063 1194 4129; x_wconf 89' lang='lat' dir='ltr'><strong>hu·</strong></span> 
     </span>
     <span class='ocr_line' id='line_1_38' title="bbox 46 4165 1194 4252; baseline 0.008 -29"><span class='ocrx_word' id='word_1_345' title='bbox 46 4183 122 4228; x_wconf 90' lang='lat' dir='ltr'><strong>mana</strong></span> <span class='ocrx_word' id='word_1_346' title='bbox 144 4177 282 4252; x_wconf 82' lang='lat' dir='ltr'><strong>suscepte</strong></span> <span class='ocrx_word' id='word_1_347' title='bbox 309 4178 413 4230; x_wconf 88' lang='lat' dir='ltr'><strong>natura</strong></span> <span class='ocrx_word' id='word_1_348' title='bbox 432 4165 498 4230; x_wconf 91' lang='lat' dir='ltr'><strong>sine</strong></span> <span class='ocrx_word' id='word_1_349' title='bbox 520 4167 570 4229; x_wconf 92' lang='lat' dir='ltr'><strong>tali</strong></span> <span class='ocrx_word' id='word_1_350' title='bbox 594 4167 738 4231; x_wconf 87' lang='lat' dir='ltr'><strong>vocabulo</strong></span> <span class='ocrx_word' id='word_1_351' title='bbox 756 4166 935 4231; x_wconf 89' lang='lat' dir='ltr'><strong>nominatur.</strong></span> <span class='ocrx_word' id='word_1_352' title='bbox 981 4165 1073 4232; x_wconf 93' lang='lat' dir='ltr'><strong>Velut</strong></span> <span class='ocrx_word' id='word_1_353' title='bbox 1095 4167 1123 4230; x_wconf 95' lang='lat' dir='ltr'><strong>in</strong></span> <span class='ocrx_word' id='word_1_354' title='bbox 1144 4166 1194 4232; x_wconf 95' lang='lat' dir='ltr'><strong>illo</strong></span> 
     </span>
     <span class='ocr_line' id='line_1_39' title="bbox 44 4262 1342 4351; baseline 0.01 -26"><span class='ocrx_word' id='word_1_355' title='bbox 44 4262 100 4329; x_wconf 88' lang='lat' dir='ltr'><strong>loeo</strong></span> <span class='ocrx_word' id='word_1_356' title='bbox 116 4279 249 4332; x_wconf 83' lang='lat' dir='ltr'><strong>coustatr</strong></span> <span class='ocrx_word' id='word_1_357' title='bbox 273 4272 318 4330; x_wconf 88' lang='lat' dir='ltr'><strong>Ne</strong></span> <span class='ocrx_word' id='word_1_358' title='bbox 334 4273 443 4331; x_wconf 73' lang='lat' dir='ltr'><strong>dricm&#39;s</strong></span> <span class='ocrx_word' id='word_1_359' title='bbox 461 4275 490 4332; x_wconf 86' lang='lat' dir='ltr'><strong>r&#39;n</strong></span> <span class='ocrx_word' id='word_1_360' title='bbox 509 4275 594 4332; x_wconf 86' lang='lat' dir='ltr'><strong>corde</strong></span> <span class='ocrx_word' id='word_1_361' title='bbox 612 4282 675 4345; x_wconf 85' lang='lat' dir='ltr'><strong>tun,</strong></span> <span class='ocrx_word' id='word_1_362' title='bbox 701 4275 769 4349; x_wconf 72' lang='lat' dir='ltr'><strong>Quas</strong></span> <span class='ocrx_word' id='word_1_363' title='bbox 787 4274 917 4332; x_wconf 84' lang='lat' dir='ltr'><strong>usoeadr&#39;t</strong></span> <span class='ocrx_word' id='word_1_364' title='bbox 931 4273 961 4332; x_wconf 84' lang='lat' dir='ltr'><strong>in</strong></span> <span class='ocrx_word' id='word_1_365' title='bbox 977 4273 1108 4333; x_wconf 74' lang='lat' dir='ltr'><strong>eoelum?</strong></span> <span class='ocrx_word' id='word_1_366' title='bbox 1137 4273 1191 4333; x_wconf 84' lang='lat' dir='ltr'><strong>doc</strong></span> <span class='ocrx_word' id='word_1_367' title='bbox 1201 4293 1268 4339; x_wconf 75' lang='lat' dir='ltr'><strong>nona</strong></span> <span class='ocrx_word' id='word_1_368' title='bbox 1282 4291 1342 4351; x_wconf 70' lang='lat' dir='ltr'><strong>res.</strong></span> 
     </span>
     <span class='ocr_line' id='line_1_40' title="bbox 43 4373 1191 4453; baseline 0.008 -25"><span class='ocrx_word' id='word_1_369' title='bbox 43 4379 80 4428; x_wconf 85' lang='lat' dir='ltr'><strong>ert</strong></span> <span class='ocrx_word' id='word_1_370' title='bbox 92 4373 232 4432; x_wconf 68' lang='lat' dir='ltr'><strong>Cdrrsturn</strong></span> <span class='ocrx_word' id='word_1_371' title='bbox 247 4375 400 4447; x_wconf 85' lang='lat' dir='ltr'><strong>deducere,-</strong></span> <span class='ocrx_word' id='word_1_372' title='bbox 424 4385 486 4446; x_wconf 77' lang='lat' dir='ltr'><strong>urat,</strong></span> <span class='ocrx_word' id='word_1_373' title='bbox 512 4377 581 4451; x_wconf 79' lang='lat' dir='ltr'><strong>Orrr&#39;s</strong></span> <span class='ocrx_word' id='word_1_374' title='bbox 596 4377 746 4435; x_wconf 84' lang='lat' dir='ltr'><strong>descendet</strong></span> <span class='ocrx_word' id='word_1_375' title='bbox 759 4377 788 4434; x_wconf 83' lang='lat' dir='ltr'><strong>ira</strong></span> <span class='ocrx_word' id='word_1_376' title='bbox 802 4374 958 4453; x_wconf 78' lang='lat' dir='ltr'><strong>odyssum?</strong></span> <span class='ocrx_word' id='word_1_377' title='bbox 979 4375 1033 4435; x_wconf 84' lang='lat' dir='ltr'><strong>doe</strong></span> <span class='ocrx_word' id='word_1_378' title='bbox 1047 4385 1091 4435; x_wconf 85' lang='lat' dir='ltr'><strong>est</strong></span> <span class='ocrx_word' id='word_1_379' title='bbox 1108 4377 1191 4437; x_wconf 83' lang='lat' dir='ltr'><strong>Cdrr&#39;-</strong></span> 
     </span>
     <span class='ocr_line' id='line_1_41' title="bbox 42 4471 1344 4560; baseline 0.015 -32"><span class='ocrx_word' id='word_1_380' title='bbox 42 4480 137 4533; x_wconf 81' lang='lat' dir='ltr'><strong>sume</strong></span> <span class='ocrx_word' id='word_1_381' title='bbox 156 4479 275 4535; x_wconf 68' lang='lat' dir='ltr'><strong>mortuas</strong></span> <span class='ocrx_word' id='word_1_382' title='bbox 290 4478 436 4536; x_wconf 82' lang='lat' dir='ltr'><strong>deducere.</strong></span> <span class='ocrx_word' id='word_1_383' title='bbox 485 4471 644 4538; x_wconf 86' lang='lat' dir='ltr'><strong>Praeterea</strong></span> <span class='ocrx_word' id='word_1_384' title='bbox 663 4475 738 4540; x_wconf 88' lang='lat' dir='ltr'><strong>idem</strong></span> <span class='ocrx_word' id='word_1_385' title='bbox 759 4474 820 4560; x_wconf 88' lang='lat' dir='ltr'><strong>ipse</strong></span> <span class='ocrx_word' id='word_1_386' title='bbox 843 4473 887 4538; x_wconf 89' lang='lat' dir='ltr'><strong>sic</strong></span> <span class='ocrx_word' id='word_1_387' title='bbox 911 4475 1059 4560; x_wconf 83' lang='lat' dir='ltr'><strong>loquitur:</strong></span> <span class='ocrx_word' id='word_1_388' title='bbox 1095 4480 1344 4556; x_wconf 67' lang='lat' dir='ltr'><strong>Utro-romare</strong></span> 
     </span>
     <span class='ocr_line' id='line_1_42' title="bbox 41 4563 1318 4678; baseline 0.01 -45"><span class='ocrx_word' id='word_1_389' title='bbox 41 4587 175 4646; x_wconf 74' lang='lat' dir='ltr'><strong>gaorrcat</strong></span> <span class='ocrx_word' id='word_1_390' title='bbox 199 4587 225 4638; x_wconf 83' lang='lat' dir='ltr'><strong>te</strong></span> <span class='ocrx_word' id='word_1_391' title='bbox 250 4579 340 4638; x_wconf 84' lang='lat' dir='ltr'><strong>solum</strong></span> <span class='ocrx_word' id='word_1_392' title='bbox 367 4580 464 4650; x_wconf 85' lang='lat' dir='ltr'><strong>deum,</strong></span> <span class='ocrx_word' id='word_1_393' title='bbox 500 4588 530 4639; x_wconf 83' lang='lat' dir='ltr'><strong>et</strong></span> <span class='ocrx_word' id='word_1_394' title='bbox 553 4599 633 4659; x_wconf 83' lang='lat' dir='ltr'><strong>parem</strong></span> <span class='ocrx_word' id='word_1_395' title='bbox 659 4582 877 4646; x_wconf 66' lang='lat' dir='ltr'><strong>maurilanem</strong></span> <span class='ocrx_word' id='word_1_396' title='bbox 905 4582 1058 4644; x_wconf 68' lang='lat' dir='ltr'><strong>cenerum.</strong></span> <span class='ocrx_word' id='word_1_397' title='bbox 1106 4577 1191 4678; x_wconf 75' lang='lat' dir='ltr'><strong>Quae</strong></span> <span class='ocrx_word' id='word_1_398' title='bbox 1316 4563 1318 4566; x_wconf 22' lang='grc' dir='ltr'>Ι</span> 
     </span>
    </p>
   </div>
   <div class='ocr_carea' id='block_1_3' title="bbox 0 0 1534 5026">
    <p class='ocr_par' dir='ltr' id='par_1_4' title="bbox 0 0 1534 5026">
     <span class='ocr_line' id='line_1_43' title="bbox 0 0 1534 5026; baseline 0 2"><span class='ocrx_word' id='word_1_399' title='bbox 0 0 1534 5026; x_wconf 95' lang='lat' dir='ltr'><strong> </strong></span> 
     </span>
    </p>
   </div>
  </div>
 </body>
</html>
