3072 5002
315 280 451 334 ιιιιιιιιιι
468 279 531 334 ute.
541 279 584 334 ιιι.
602 277 969 334 rou.1.usnu.uxx1u.
1159 264 1219 329 103

61 419 154 486 sepse
180 399 279 481 lilius,
314 401 367 466 sed
384 399 505 486 spiritus
520 409 658 479 sanctus,
692 417 777 484 quem
802 419 856 484 per
873 397 964 462 lilium
983 407 1068 483 pater
1083 394 1221 462 lidelibus

59 606 181 690 spiritus
205 605 301 670 mccli
324 605 539 692 proprietates,
571 601 762 682 utdiximus,
786 601 1008 668 subsistentium
1029 621 1221 687 personarum

59 706 238 792 hypostases
254 705 425 774 Orientales
443 706 612 785 nominent3
646 725 705 769 nco
733 715 767 769 ut
787 716 849 770 tres
871 707 936 769 illes
959 705 1133 790 hypostases
1165 703 1224 768 tria

59 809 222 896 principie,
246 821 347 874 tresve
366 809 438 874 deos
455 829 523 873 esse
541 809 651 873 dieunt.
696 805 774 871 Nam
801 829 854 873 ecs
876 808 1062 872 anathemate
1083 805 1224 870 damnem

59 910 104 995 qni
117 923 182 976 tres
198 913 273 976 deos
290 922 439 976 esserunt.
475 909 583 994 Neque
600 929 673 973 vero
689 920 800 995 patrem
819 910 956 974 etlilium
973 909 1047 972 duos
1065 927 1133 972 esse
1150 908 1222 971 deos

59 1012 167 1076 dicum.
217 1011 284 1076 Hoc
302 1013 379 1076 eninr
397 1015 542 1091 latentur,
566 1031 653 1075 uuam
670 1031 738 1075 esse
755 1011 948 1090 divinitatem,
972 1031 1048 1095 quae
1063 1031 1116 1094 per
1130 1010 1221 1074 filium

58 1114 208 1200 inspicite
224 1125 328 1180 sancto
344 1115 496 1178 eosulinect
512 1114 668 1193 uuiverss3
685 1135 771 1179 cuam
787 1113 905 1199 iuquam
920 1113 1115 1192 divinitatem,
1131 1133 1222 1176 snum

59 1237 200 1300 regnum,
233 1227 322 1302 alque
346 1238 435 1280 unum
459 1216 614 1302 imperium
640 1235 708 1280 esse
731 1217 923 1281 confutentur.
969 1215 1007 1280 Et
1033 1213 1223 1280 nibilominus

58 1339 202 1402 personas
226 1318 257 1382 iu
281 1317 482 1405 hypostaseon
506 1338 625 1382 suerum
650 1315 877 1403 proprietatibus
892 1319 939 1405 pie
958 1317 1147 1395 disserpunt,
1171 1336 1222 1400 pa·

60 1430 127 1484 trem
153 1420 297 1485 videlieet
320 1421 350 1484 in
373 1430 494 1506 paterna
518 1419 674 1484 maiestate
698 1420 925 1501 subsistentem
958 1420 1049 1485 lilium
1067 1439 1141 1484 vero
1161 1437 1220 1482 non

59 1533 164 1606 partem
189 1543 261 1588 esse
280 1522 370 1609 patris
387 1521 570 1606 intelligunt,
600 1523 652 1586 sed
676 1525 841 1609 specleotc
859 1533 942 1609 patre
958 1523 1119 1608 perlectum
1136 1519 1221 1604 geni-

60 1635 113 1688 tum
137 1647 173 1690 ae
204 1623 416 1689 subsistentem
449 1634 625 1707 agnoscunt.
678 1624 725 1688 Ac
754 1624 879 1709 denique
909 1624 1042 1712 spiritum
1071 1633 1218 1702 sanctum,

59 1746 138 1809 quern
156 1728 307 1812 scriptura
323 1747 411 1790 scere
427 1722 616 1790 Paracletum
635 1735 735 1805 vocat,
760 1738 875 1813 spntre
894 1747 947 1812 per
966 1726 1057 1790 lilium
1073 1726 1220 1811 prodeun-

61 1839 111 1892 tem
128 1849 165 1892 sc
182 1829 395 1894 subsistentem
422 1826 578 1891 deliciunt.
625 1827 877 1912 Quemadmodum
904 1828 1070 1914 paracletus
1091 1828 1141 1893 ille
1167 1847 1221 1892 ve·

61 1929 148 1994 uitatis
169 1931 295 2016 spiritus
319 1927 475 1993 ueritatem
501 1931 593 2017 ipsam
611 1950 666 1994 nos
689 1931 792 2010 docet,
823 1941 969 2016 quaeest
993 1931 1083 1995 iilius.
1128 1933 1371 1994 Nemetum-tim

61 2039 124 2095 mbr
138 2037 228 2109 decit,
264 2037 399 2094 Dominus
415 2035 511 2111 Iesus,
535 2037 595 2095 nabi
606 2037 636 2096 sis
653 2035 757 2114 optis‘tu
772 2046 881 2096 sancto.
928 2029 981 2098 sic
1000 2043 1031 2097 el
1048 2033 1146 2112 lilius,
1170 2031 1220 2116 qul

61 2135 247 2214 periissem,
271 2134 357 2198 deum
372 2153 474 2198 vesum
493 2145 606 2219 petrem
621 2156 706 2200 suum
723 2155 791 2200 esse
807 2135 854 2219 pie
873 2155 928 2199 uos
948 2133 1078 2213 edocuit,
1102 2135 1217 2213 diceus,

62 2239 112 2314 (lui
124 2243 200 2300 mdes
218 2259 262 2300 me
278 2241 352 2298 sailed
366 2248 397 2300 et
408 2249 530 2317 putrem.
577 2233 671 2321 lgitur
689 2237 779 2301 iulium
799 2237 830 2300 iu
850 2236 953 2322 spiritu
974 2247 1095 2318 saneto,
1120 2248 1152 2300 ut
1165 2245 1371 2323 parte-wll&

62 2350 118 2416 est,
146 2338 358 2424 intelligimus,
390 2338 420 2421 iu
439 2338 589 2423 ttuigeuitc
606 2360 680 2404 seru
700 2339 790 2403 filium
810 2340 875 2426 pie,
906 2339 939 2403 et
955 2349 988 2404 ut
1003 2360 1057 2426 par
1075 2349 1137 2419 est,
1167 2360 1219 2426 ps·

64 2449 126 2504 tren
144 2463 214 2507 esse
230 2461 399 2506 censemus.
445 2439 511 2506 llcc
526 2451 573 2504 est
590 2441 659 2506 utet
675 2440 757 2506 velut
775 2441 921 2528 sigillum,
953 2443 982 2507 iu
998 2463 1056 2528 quo
1073 2441 1219 2530 baptizari

63 2561 110 2608 uos
126 2544 263 2610 salvator
280 2565 315 2608 ac
330 2542 466 2609 domiuus
482 2540 568 2607 lesus
584 2539 724 2608 Christus
741 2542 896 2629 aliquando
912 2544 1011 2625 iussit,
1036 2544 1082 2610 bis
1102 2544 1216 2624 verbis,

63 2647 162 2710 dmm
174 2651 275 2710 docete
288 2667 382 2710 omnes
394 2657 513 2727 genter,
539 2647 717 2728 baptisantes
732 2667 780 2710 ecs
794 2651 824 2710 sis
843 2653 953 2711 sionim
969 2653 1082 2730 ραιιίι,
1106 2649 1216 2730 elfibi',
1243 2635 1339 2746 {ff

64 2767 92 2808 ee
110 2753 230 2830 sps'rr'tua
250 2753 354 2812 sonen'.

139 2950 284 3019 Ceterum
310 2975 375 3018 sum
397 2953 434 3017 de
457 2953 589 3039 perlecto
607 2951 661 3017 filii
678 2975 744 3018 cnm
766 2963 849 3039 patre
866 2953 1056 3019 similitudine
1070 2952 1131 3018 elic
1150 2952 1217 3018 loce
1266 2957 1326 3026 (δερ.

66 3053 147 3121 iusius
176 3055 443 3142 disputaverimus,
477 3054 523 3120 bic
546 3066 643 3120 temen
667 3056 800 3121 breviter
821 3055 982 3122 observare
1006 3077 1066 3120 nou
1093 3054 1215 3142 pigebit,
1251 3024 1335 3078 xm

66 3158 238 3239 spostolum,
262 3158 312 3243 qui
329 3159 376 3222 dei
394 3179 454 3222 nou
468 3156 657 3243 aspectabilis
674 3159 802 3243 imagine
819 3159 910 3223 lilium
927 3179 994 3222 esse
1010 3157 1097 3237 dixit,
1121 3177 1217 3242 ecqua

65 3259 140 3323 nodo
153 3260 247 3347 petris
265 3281 333 3324 esse
349 3258 473 3324 similem
493 3259 603 3338 docuit,
627 3258 687 3323 alic
702 3261 827 3344 quodam
845 3261 875 3324 in
892 3261 959 3325 loco
974 3260 1215 3346 quemadmodum

66 3361 99 3422 sit
112 3362 320 3447 intelligendus
345 3362 424 3426 lilius
435 3360 608 3447 operuisse.
653 3359 732 3426 Nam
759 3365 788 3426 iu
807 3362 931 3449 epistola
950 3383 1036 3448 quem
1054 3363 1091 3427 sd
1104 3360 1217 3449 Philip·

67 3481 160 3544 penses
184 3465 304 3550 scripsit
318 3462 358 3530 ite
375 3464 519 3548 loquituuc
551 3468 609 3546 Qui
624 3487 686 3528 eum
705 3471 735 3528 in
750 3469 844 3547 sorno
860 3469 909 3528 dei
922 3465 997 3530 esset
1010 3488 1067 3530 non
1082 3471 1211 3548 replicem
1224 3481 1345 3541 cuttu

67 3567 214 3632 elebatur
231 3577 276 3630 eal
294 3589 355 3630 esse
373 3589 406 3630 se
421 3570 565 3648 emundent
581 3572 649 3643 dec,
680 3571 732 3632 sed
752 3575 929 3652 semetipsum
953 3573 1124 3644 maenius,
1153 3569 1216 3650 for-

67 3685 127 3730 nes
145 3674 228 3734 serui
245 3674 402 3750 scerpabns,
437 3673 466 3732 sis
480 3673 691 3734 simulitudinem
707 3675 849 3736 domenum
865 3675 976 3744 faetus:
1007 3673 1042 3736 ad
1062 3669 1216 3736 Romanos

69 3787 128 3834 veto
145 3771 300 3836 scribones
335 3776 415 3852 (leod
429 3776 501 3834 ensirt
518 3784 583 3836 erut
597 3776 768 3855 mposutde
785 3779 860 3858 legi,
890 3781 919 3840 in
939 3799 995 3859 quc
1017 3775 1217 3857 obstruebatur
1229 3789 1357 3846 nense

67 3891 109 3948 ρει
128 3897 258 3948 mem,
289 3877 357 3938 deus
370 3877 470 3957 filiorm
494 3897 577 3938 suum
601 3881 714 3940 mellens
737 3881 767 3940 in
788 3881 973 3942 similitudine
993 3879 1105 3950 ecrnu's,
1138 3877 1217 3937 etde

67 3990 166 4050 semoto
181 3981 378 4040 condemnasti
388 3990 535 4060 perennem
552 3983 582 4042 ιἰι
601 4000 697 4041 corne.
745 3977 798 4044 Sic
819 3980 909 4068 igilur
931 3979 987 4044 bcc
1005 3976 1112 4063 duplici
1132 3975 1217 4040 lesti-

70 4079 152 4142 ucuic
178 4100 220 4144 ex
239 4078 378 4144 ambabus
398 4081 531 4164 epistolis
550 4081 720 4166 deprompto
743 4081 779 4145 sb
796 4103 938 4168 corporee
959 4090 1062 4143 natura
1082 4077 1217 4142 similitu·

71 4173 303 4246 disiunctionem
327 4182 356 4246 in
373 4182 548 4268 incorporeo
573 4193 655 4268 patre
673 4183 791 4268 filioque
810 4183 1014 4270 perdiscimus.
1062 4178 1215 4267 Siquidem

72 4445 109 4508 τὰς
124 4450 246 4522 ἰδιότητας
259 4461 311 4507 eall.
684 4457 710 4508 2
728 4453 776 4523 nais
787 4452 837 4513 tini
850 4460 985 4521 molestet
999 4465 1033 4512 tel
1048 4461 1170 4512 Parum·

101 4516 241 4576 cmxvtt.
259 4551 291 4564 -·
328 4525 351 4575 1.
370 4522 512 4591 μαρτυρίων
534 4526 620 4578 babent
684 4524 709 4578 3.
722 4523 813 4584 ductos
826 4528 968 4582 umidum
982 4537 1028 4582 orn.
1042 4530 1068 4584 ln
1080 4529 1117 4582 sd·
1132 4529 1215 4584 Palae·
