3042 5016
271 328 408 381 aauunn
425 327 489 380 nm.
500 329 544 381 nr.
562 327 645 380 rora.
657 329 690 380 u.
703 327 805 380 nsua.
821 327 953 378 nxxmt.
1130 313 1194 378 357

54 441 94 506 bet
109 445 295 512 manducaret
316 469 350 512 ac
373 447 503 529 biberet,
534 469 589 513 nec
607 469 664 512 uon
682 447 874 532 fatigaretur,
905 467 940 509 ac
954 454 1138 526 moreretur,
1162 445 1193 510 in

53 545 119 608 nudo
137 557 235 612 tamen
255 549 377 615 verbnm
395 551 487 636 ipsum
509 551 690 630 comedisse,
722 551 891 626 laborasse,
925 559 1049 613 mortem
1067 547 1193 634 denique

52 647 161 712 subiisse
186 651 308 732 dicitur,
342 655 398 719 nisi
420 655 449 718 in
473 676 510 719 eo
527 654 591 719 soto
614 659 698 738 quem
713 650 812 717 Maria
830 651 1062 738 rirgcpepcriti
1105 648 1191 735 Quae

48 752 115 814 enim
139 771 245 840 corpus
266 756 360 841 ipsum
385 777 556 843 perpessum
581 766 641 835 est,
673 756 745 819 baec
769 754 809 818 itti
827 755 948 841 periuda
972 773 1007 818 ao
1029 753 1053 816 si
1073 773 1190 837 passum

48 865 116 916 esset
139 855 316 922 tribuuntur.
361 855 457 922 Porro
486 880 550 922 cum
574 859 610 923 de
635 857 743 922 ceteris
768 877 856 921 unum
873 857 942 922 ittuct
961 855 1063 920 iactari
1081 856 1188 934 soleat,

46 956 190 1036 productos
213 959 278 1024 ilios
302 981 338 1024 ac
362 961 479 1046 genitos
503 962 613 1042 inissa,
644 961 763 1025 desolo
781 957 897 1024 Mariae
916 959 975 1023 titio
994 958 1118 1038 dicitur,
1149 961 1191 1020 m

46 1061 146 1122 verdum
168 1083 236 1124 caro
248 1066 437 1146 factumest.

118 1161 166 1227 Ex
190 1165 293 1248 quibus
316 1165 470 1230 evidenter
491 1165 672 1244 ostenditur,
707 1187 771 1230 cana
797 1164 826 1228 in
851 1164 980 1248 reliquos
1006 1162 1185 1234 vaticinandi
1229 1169 1290 1238 cap.

42 1264 124 1328 sotum
146 1267 242 1350 gratia
260 1289 327 1333 sese
344 1269 390 1332 dei
405 1269 527 1332 verbum
544 1269 702 1346 infuderit,
735 1265 922 1351 idemipsum
947 1286 964 1330 e
980 1263 1079 1329 Maria
1096 1285 1185 1330 carna
1226 1239 1299 1292 xm·

40 1378 166 1453 suscepta
189 1368 333 1435 bominem
357 1371 512 1458 prodiisse.
558 1367 617 1453 Qui
634 1382 664 1434 et
686 1379 791 1434 natura
809 1368 1029 1452 substantiaque
1052 1367 1098 1432 dei
1119 1388 1187 1432 vcr-

40 1467 97 1533 bnm
113 1484 195 1550 erat,
220 1483 267 1552 et,
291 1475 367 1558 quod
386 1475 421 1538 ad
438 1495 556 1538 caruem
574 1473 697 1553 attinet,
729 1494 746 1536 e
764 1470 885 1537 Doridis
903 1471 994 1556 stirpe
1010 1468 1186 1556 Mariusque

38 1591 118 1637 earne
132 1585 219 1639 natus
237 1586 282 1640 est
298 1575 402 1655 burno,
427 1577 666 1661 quemadmodum
691 1575 821 1640 deciarat
843 1575 1005 1661 apostotus.
1051 1571 1185 1638 Huncin

39 1671 171 1757 iordane,
205 1689 293 1762 atquc
316 1679 346 1742 iu
375 1690 474 1744 munte
498 1691 582 1766 pater
605 1679 817 1744 demonstrarit
844 1677 888 1742 bis
915 1677 1033 1757 verbis,
1065 1681 1121 1740 Hic
1140 1687 1186 1740 cst
1211 1663 1300 1775 {¹25}

33 1779 105 1856 pituita
130 1803 208 1843 meus
230 1785 367 1858 dilectus,
398 1788 427 1846 ia
446 1805 501 1865 quc
524 1787 597 1846 ma'ti
612 1785 777 1865 complacui.
825 1779 911 1844 Hune
930 1778 1036 1844 Ariani
1059 1790 1180 1865 negant,

33 1901 81 1945 uos
98 1884 257 1948 adorantes
276 1886 474 1970 agnoscimus.
519 1884 626 1970 Neque
653 1885 739 1951 fitium
763 1884 892 1948 arcrbo
911 1903 1098 1968 separamus,
1129 1884 1183 1948 aed

32 1984 144 2049 verbum
171 1987 265 2070 ipsum
290 1987 379 2051 filiuru
402 2009 469 2052 csse
493 1989 665 2052 eonfitemur
689 2007 741 2074 per
765 2006 850 2073 quaem
875 1988 972 2051 omnia
996 1988 1074 2050 iacta
1098 1997 1179 2068 snut,

31 2107 137 2172 nosque
159 2091 234 2154 adeo
257 2091 312 2176 ipsi
336 2090 463 2154 liberati.
508 2087 593 2156 Unde
615 2091 684 2154 iliud
709 2109 887 2176 magnopere
912 2090 1044 2153 demirati
1065 2109 1179 2169 sumus,

31 2193 170 2270 quomodo
190 2193 236 2256 vel
253 2193 402 2258 leuissima
418 2195 496 2257 inter
515 2213 570 2257 uos
587 2213 622 2258 ca
639 2195 674 2256 de
692 2213 724 2257 re
743 2193 947 2256 controversia
968 2191 1080 2254 moveri
1096 2201 1180 2275 patu·

29 2289 88 2354 erit.
135 2291 247 2358 Veram
274 2294 425 2360 habendae
452 2296 507 2360 dec
530 2295 643 2381 gratiae
663 2307 731 2360 anast
752 2296 829 2380 quod
847 2305 986 2380 quantum
1006 2315 1045 2357 ex
1062 2293 1179 2358 iliorum

28 2397 298 2461 commentariorum
325 2399 451 2463 tectione
476 2399 619 2462 moeroris
636 2397 782 2482 cepimus,
817 2408 928 2465 tantum
955 2395 1040 2461 uobis
1062 2416 1179 2460 eorum·

25 2495 84 2560 dem
99 2499 165 2562 duis
178 2500 337 2586 voluptatis
351 2502 492 2566 attulerit.
534 2497 684 2586 Siquidem
699 2512 797 2565 mutua
812 2521 877 2564 cum
892 2498 1051 2564 eoncordia
1067 2499 1178 2563 disces·

24 2611 140 2679 serunt,
166 2603 346 2688 eandemque
361 2604 425 2667 utet
442 2603 640 2668 sinceritatem
657 2625 691 2668 ac
707 2605 845 2690 pictatem
862 2603 987 2690 professi
1008 2625 1108 2688 paoem
1129 2624 1177 2668 rc·

22 2699 181 2766 tinuerunt.
228 2701 313 2787 Quae
336 2725 383 2769 me
399 2727 447 2770 res
468 2707 647 2792 potissimum
665 2718 732 2792 post
749 2705 915 2771 diuturnam
934 2705 1176 2771 deliberationem

21 2799 128 2886 impetit
154 2816 186 2869 ut
210 2805 281 2870 baeu
307 2829 400 2893 pauca
426 2809 650 2894 perscriberem.
697 2807 834 2874 Verebar
858 2809 936 2872 euim
955 2829 993 2872 na
1016 2808 1064 2893 qui
1090 2809 1175 2873 nobis

18 2907 160 2986 gaudendi
190 2909 342 2974 materiam
369 2913 564 2975 consensione
586 2933 640 2976 sna
666 2911 872 2998 praebuissent
893 2911 929 2975 iis
951 2909 1098 2975 sitentium
1121 2933 1175 2975 no·

18 3015 104 3072 strum
129 3031 184 3095 pro
206 3011 317 3076 laetitia
345 3013 475 3078 dolorem
508 3015 718 3079 conscisceret.
773 3012 971 3099 Quamobrem
1002 3035 1067 3076 cum
1096 3035 1114 3077 a
1144 3024 1175 3079 tc

16 3109 101 3174 etiam
117 3124 208 3198 atque
223 3115 309 3178 etiam
328 3117 460 3201 postulo,
493 3127 552 3180 tum
576 3117 691 3202 eosqui
710 3117 782 3182 baec
799 3117 918 3181 audient
932 3126 1053 3200 rogatos
1073 3117 1174 3180 admo·

16 3209 76 3275 dum
94 3216 184 3300 cupio
202 3227 233 3281 ut
252 3237 285 3280 ea
302 3218 418 3282 sincera
435 3241 500 3281 cum
518 3220 699 3283 conscientia
720 3220 902 3307 percipiant,
926 3240 977 3296 ac,
1008 3219 1032 3282 si
1053 3219 1120 3303 quid
1136 3219 1173 3282 ad

14 3313 150 3396 pietatem
172 3319 273 3396 deest,
305 3321 463 3384 emendare
483 3321 700 3407 assignificarc
720 3323 844 3387 mihine
864 3332 1036 3406 graventur.
1083 3318 1172 3404 Quod

13 3416 35 3478 si
50 3420 151 3484 miuus
176 3441 229 3505 pro
245 3423 286 3485 rci
310 3423 451 3507 dignitate
477 3425 624 3508 perfecta,
655 3435 755 3510 utpote
771 3426 851 3490 rudis
868 3437 956 3510 atquc
972 3423 1099 3510 imperiti
1117 3424 1171 3488 bo·

12 3519 95 3584 minis
112 3523 254 3587 videatur
269 3526 375 3605 oratio,
400 3525 524 3611 idipsum
541 3526 683 3591 infantiae
697 3527 946 3613 imbecillitatiquo
963 3538 1083 3591 nostrae
1099 3547 1170 3592 con·

10 3619 176 3689 donandum
200 3627 379 3692 existiment.
425 3627 543 3694 Valete.

305 3765 485 3820 HACTENUS
504 3767 686 3820 affluuastt
703 3767 872 3820 cessrunt.

89 3929 170 3999 Cum
188 3935 277 4021 igitur
293 3936 365 4002 baec
382 3959 399 4002 a
414 3937 499 4004 uobis
516 3939 656 4025 producta
672 3941 711 4005 sit
728 3940 871 4026 epistola,
896 3959 931 4004 ac
948 3959 1006 4002 non
1023 3935 1110 4000 modo
1124 3955 1165 4000 ex
1206 3938 1277 4065 {pp
1380 4011 1385 4020 ,

38 4103 77 4156 ¹¹·
97 4093 154 4170 ἆρα
170 4107 237 4158 cedd
256 4123 310 4159 mas.
605 4107 665 4171 rod<
688 4107 753 4178 perci
774 4111 820 4163 cati
842 4103 978 4176 ἅδελφοῦς.
1011 4103 1052 4159 Σὲ
1074 4105 1098 4158 nb
1120 4101 1167 4160 cdo

38 4173 78 4223 12.
96 4174 183 4226 ταῦτα
200 4173 230 4228 ἐκ
247 4177 295 4240 τῆς
312 4178 339 4227 tt.
605 4175 778 4245 riutandans<
798 4174 1027 4260 προςηορεύουσιν.
1066 4169 1166 4242 'Eppu-

36 4240 75 4290 13.
96 4243 177 4291 Veron
193 4240 222 4296 dx
246 4245 295 4310 τῆς
318 4247 401 4297 abmut
417 4261 433 4298 c
447 4249 498 4299 cod.
513 4263 568 4300 mm.
603 4246 686 4314 μόνως
707 4245 732 4300 du
749 4245 829 4314 κυρίῳ
849 4249 961 4313 δωιγοις,
988 4239 1105 4312 spanum
1120 4243 1166 4298 aab

8 4311 96 4360 tteda't.
115 4313 195 4371 princ.
602 4309 709 4380 danao<
726 4311 895 4368 mnbesuc'rcrs.
913 4317 941 4365 Β.

36 4375 75 4427 tt.
95 4375 146 4444 μέν
159 4393 183 4430 τι
198 4375 261 4446 πρός
278 4382 304 4431 Β.
321 4383 394 4432 flecte.
412 4385 440 4434 tu
462 4386 568 4449 Eptpbo·
638 4383 676 4437 tt.
701 4385 751 4434 Hoc
769 4375 910 4448 'assume
930 4385 955 4433 iu
976 4388 1073 4446 atroque
1094 4383 1162 4434 codd.

8 4449 33 4495 att
50 4449 122 4497 tetris
140 4450 212 4510 uutpo
232 4451 332 4500 toruum
349 4457 402 4512 post
418 4453 500 4506 τοῦτο.
601 4467 656 4504 maa.
671 4455 743 4502 rubro
767 4453 889 4514 adpictum
904 4455 953 4516 eat,
976 4453 1072 4516 peciam
1095 4455 1163 4514 atqua

35 4511 135 4580 15.μῆ
156 4511 211 4568 κατ’
229 4511 268 4580 dt.
285 4519 312 4567 B.
599 4521 660 4571 ittud
675 4517 851 4590 Πεπλήρωται
866 4523 1021 4585 subscriptum
1041 4522 1104 4586 qnod
1126 4533 1163 4571 aa·

32 4577 227 4656 accusante.
270 4583 449 4660 Προςαγόρευε
473 4588 568 4652 πάντας
600 4593 686 4654 quitur.
