3066 5016
181 289 187 302 ·
315 269 455 328 reusam
472 273 537 324 nra.
552 273 596 324 tu.
610 271 694 324 nont.
707 275 738 324 n.
756 272 856 326 esna.
869 273 1015 326 nxxvtu.
1176 262 1239 328 teo

76 391 135 468 ἱραί
147 391 176 450 r'n
187 391 345 451 'mulcerem
392 387 461 476 Quo
477 390 547 455 illud
563 391 813 478 intelligeremus,
837 392 985 458 domiuum
1002 393 1114 480 sibiipsi
1131 415 1239 482 corpus

75 485 212 554 ebionis
229 491 370 572 dttxisse,
402 495 557 559 ecclesiam
583 515 657 560 rero
681 517 721 560 ex
747 496 811 582 ipso
838 497 930 562 latere
954 494 1034 560 velut
1057 497 1238 562 aedificatam

76 591 186 673 luisse,
219 593 266 656 cui
285 594 349 658 eius
366 595 441 661 latus
465 607 512 661 est
528 596 648 684 cuspide
668 598 852 675 sauciatum,
884 597 924 662 ab
940 598 1103 683 eodemque
1118 598 1239 686 saugui-

76 693 121 756 nis
145 705 175 758 et
196 715 291 782 aquae
313 697 348 761 ad
372 697 513 763 lotionem
537 710 667 766 nostram
692 701 868 788 produxisse
892 698 1046 786 mysterio.

160 901 223 966 lam
245 923 320 968 vero
341 905 418 990 qnod
439 902 566 971 Mariam
595 903 736 992 loscpbus
762 905 940 991 removisse
963 903 1088 984 dieitur,
1120 925 1178 968 noo
1201 905 1238 970 ed
1284 917 1346 986 Cep.

73 1025 160 1068 osum
185 1005 311 1091 aliquem
334 1007 468 1093 corporis
490 1018 578 1093 atque
601 1009 729 1074 usitatae
752 1009 976 1075 consuetudinis
1003 1008 1159 1074 reserenda
1181 1007 1238 1071 ista
1280 987 1342 1038 xx·

72 1106 203 1191 cognitio
231 1119 287 1174 est.
334 1105 395 1174 Sed
419 1110 487 1174 ideo
513 1112 671 1196 cognorit,
705 1113 782 1198 quod
801 1111 848 1176 cui
873 1111 1014 1178 divinitus
1029 1110 1171 1174 bonorem
1187 1110 1239 1173 bn·

72 1209 137 1273 beri
157 1211 274 1276 viderat
296 1211 420 1276 eandem
442 1212 556 1278 bonore
574 1225 750 1300 prosecutus
773 1214 873 1280 luerit.
918 1211 1027 1298 Neque
1053 1211 1130 1277 enim
1154 1223 1237 1278 tauto

71 1311 151 1376 illam
168 1313 323 1399 splendore
339 1334 373 1378 ao
390 1315 485 1398 gloria
502 1316 662 1402 praeditam
680 1327 836 1403 putaverat
851 1317 946 1382 donec
962 1335 979 1380 e
995 1315 1119 1380 muliere
1134 1325 1234 1380 uatum

72 1415 221 1480 dominum
243 1416 462 1482 animadvertit.
509 1415 596 1502 Quod
614 1430 713 1484 antem
728 1419 869 1506 scriptum
884 1429 949 1498 est,
982 1423 1143 1500 Antequam
1166 1439 1390 1502 commemo

71 1523 217 1595 moerent,
252 1524 365 1582 sbventa
382 1526 470 1583 estate
486 1533 566 1584 utero
584 1524 704 1598 bodens,
738 1522 857 1587 obeam
875 1541 1011 1616 caussam
1033 1519 1164 1601 additur,
1199 1541 1236 1585 ne
1297 1531 1299 1538 '

71 1619 189 1684 illorum
208 1621 407 1687 invalesceret
425 1622 524 1708 opinio
549 1624 597 1709 qui
622 1625 835 1691 incarnationis
859 1621 1031 1710 mysterium
1057 1622 1238 1688 arbitrantur

71 1721 152 1786 ririli
173 1744 271 1808 opera
287 1724 513 1810 interuentuque
536 1728 711 1812 perlectum.
758 1725 824 1792 Hoc
848 1725 927 1791 enim
948 1723 1036 1788 dicite
1069 1724 1237 1810 Antequam

71 1824 157 1888 lieret
175 1825 271 1903 istud,
298 1828 373 1910 quod
393 1829 522 1891 luterum
541 1828 765 1914 expectabatur,
790 1830 907 1894 tametsi
924 1851 1072 1916 uunquam
1089 1828 1235 1894 estiterit.

70 1925 110 1994 Ut
135 1928 212 1991 euim
230 1928 333 1993 demus
353 1927 441 2010 illud,
477 1927 633 2016 losepltum
661 1931 823 1996 maritalem
847 1952 913 1996 cum
935 1931 1051 2018 virgine
1075 1930 1237 2016 copulatio-

69 2051 140 2094 nem
156 2049 292 2114 sperasse
308 2032 399 2115 (qnod
420 2032 536 2118 quidem
553 2054 605 2119 pro
625 2033 730 2098 edecta
746 2034 805 2099 iam
822 2035 900 2098 illius
915 2017 1013 2100 aelate
1031 2034 1094 2097 fieri
1114 2033 1234 2097 minime

69 2135 220 2218 poterat),
258 2143 355 2198 tameo
380 2133 525 2219 scriptura
550 2135 614 2222 ipsa
639 2137 826 2222 praemunire
851 2157 926 2216 uos,
961 2147 992 2200 ct
1016 2135 1176 2200 admonere
1200 2155 1234 2199 ac

67 2233 220 2317 cautiores
233 2235 349 2301 efficere
365 2237 469 2301 voluit.
515 2233 667 2322 Siquidem
685 2239 734 2303 vel
750 2239 806 2304 boc
826 2239 920 2325 ipsum
941 2239 1016 2323 quod
1037 2248 1106 2302 tunc
1123 2248 1236 2323 tempo·

67 2338 110 2404 ris
131 2337 293 2424 agebatur,
327 2338 460 2418 divinus,
494 2339 629 2426 iuquam,
659 2341 709 2406 ille
729 2353 829 2427 partus
847 2341 963 2407 abunde
984 2340 1164 2427 persuadere
1182 2361 1234 2426 po·

66 2453 130 2508 test
146 2440 361 2506 sanctissimam
378 2441 522 2528 virginem
543 2444 650 2509 nullius
666 2455 768 2530 postea
794 2444 851 2509 viri
875 2443 1119 2510 consuetudinem
1141 2441 1234 2508 admi·

65 2548 166 2626 sisse,
196 2544 438 2630 quemadmodum
456 2546 580 2630 angelus
603 2543 730 2632 loseplto
749 2549 785 2612 de
801 2547 880 2612 illius
900 2569 985 2633 qoam
1008 2547 1107 2612 animo
1125 2565 1233 2610 eonce-

65 2657 153 2734 perat
169 2644 316 2732 opinionis
342 2647 471 2712 lalsitate
491 2649 651 2733 persuasit.
694 2647 776 2714 Nam
793 2649 996 2736 superioribus
1017 2649 1097 2714 bisce
1117 2647 1231 2729 verbis,

64 2757 230 2832 Antequam
244 2759 439 2826 conuenerant,
465 2750 571 2836 quibus
586 2771 636 2816 res
651 2753 680 2817 in
696 2754 903 2838 expectatione
921 2753 1034 2838 posita,
1059 2773 1118 2814 non
1132 2761 1231 2836 geste,

19 2909 23 2916 .
64 2854 253 2933 declaratur,
286 2855 463 2920 simillimum
481 2856 620 2939 estquod
638 2856 788 2940 sequitur,
823 2859 891 2918 Cum
911 2858 1108 2927 assectantur,
1140 2856 1235 2915 noluit

63 2959 147 3018 illam
172 2961 340 3032 reducere,
371 2961 423 3020 sed
445 2961 555 3020 occulte
578 2961 728 3020 mmtttere.
786 2955 881 3040 Quasi
909 2955 1002 3020 malus
1028 2955 1085 3018 iam
1111 2953 1147 3018 ob
1172 2964 1232 3018 tra·

63 3058 236 3122 ductionem
256 3060 335 3124 illam
352 3070 451 3137 essct,
483 3081 548 3123 cum
575 3081 633 3123 oon
658 3060 748 3124 luerit
771 3069 881 3124 tameo.
925 3055 1056 3122 Perinde
1072 3068 1161 3141 atque
1179 3077 1232 3121 an·

61 3161 153 3246 gelus
176 3162 263 3226 docet
280 3163 316 3228 iis
333 3161 450 3226 verbiss
483 3165 556 3223 Nou·
571 3167 669 3224 ttinere
682 3169 811 3243 resapere
826 3166 950 3224 Mariam
969 3165 1116 3241 eoneiagem
1134 3171 1229 3236 mam,

62 3283 143 3348 quae
168 3267 295 3328 nondum
322 3263 433 3330 coniux
458 3273 556 3342 esset,
590 3285 676 3349 quom
696 3275 727 3328 tu
743 3263 869 3328 violatae
887 3263 1046 3349 pudicitiae
1063 3271 1231 3347 suspectam

61 3366 177 3446 babes,
209 3366 279 3431 licet
299 3367 365 3431 talis
386 3366 505 3430 minime
521 3366 559 3429 sit
577 3366 693 3451 qualem
713 3366 884 3446 arbitraris,
908 3379 966 3429 etc.
1012 3362 1091 3429 Nam
1107 3363 1231 3429 subinde

60 3467 91 3531 in
110 3469 366 3554 consequentibus
382 3469 478 3548 addit,
504 3472 586 3548 Quod
599 3475 672 3532 enr'rn
687 3482 784 3532 natum
801 3481 846 3532 est
860 3473 889 3530 iar
904 3473 981 3550 epra,
1007 3467 1090 3553 quasi
1107 3467 1165 3530 iam
1182 3487 1231 3531 es·

60 3582 109 3634 set
126 3581 242 3634 natum.
291 3568 365 3636 lllod
383 3591 475 3650 vero,
506 3574 724 3650 Part'etfibiam,
756 3573 792 3636 ad
812 3572 939 3636 loturum
956 3581 1070 3656 tempus
1088 3570 1229 3633 refertur.

61 3671 106 3736 lto
124 3672 257 3736 enimse
275 3695 325 3738 res
343 3673 486 3752 babebatq
509 3671 561 3737 sed
578 3673 613 3737 ad
631 3673 717 3738 bdem
732 3673 934 3738 stabiliendam
952 3671 1033 3757 prius
1051 3672 1101 3736 illa
1118 3672 1229 3735 denun-

59 3774 151 3839 tiatio
176 3775 252 3839 lacta
276 3787 340 3856 est,
373 3774 536 3840 cuiusmodi
555 3787 586 3840 et
602 3775 653 3840 illa
676 3776 766 3840 verba
791 3787 878 3842 suot:
910 3780 1080 3858 Priusquam
1099 3778 1230 3836 eonuem'·

59 3889 138 3939 rent.
186 3871 244 3940 [lbi
260 3879 395 3943 sufficere
421 3877 506 3942 uobis
524 3878 612 3942 debet
631 3899 777 3964 nunquam
792 3879 870 3944 istud
887 3877 1007 3942 omuino
1024 3897 1092 3942 esse
1108 3877 1228 3954 lactum,

61 3984 162 4042 Donec
174 3984 287 4060 pepem‘t
298 3982 399 4062 fitium
420 4003 502 4042 suum
518 3985 758 4062 pmmagem‘tumq
792 3981 868 4066 qood
888 3981 1015 4046 eundem
1040 3999 1159 4044 sensnm
1177 3978 1228 4042 ba·

58 4081 131 4160 bet,
165 4091 195 4144 et
216 4082 252 4146 ad
270 4082 469 4147 admirabilem
491 4083 527 4147 de
545 4083 661 4167 virgine
679 4083 877 4168 cognitionem
900 4084 1048 4161 relertur,
1078 4080 1126 4144 cui
1148 4101 1228 4145 sum-

59 4206 128 4248 mus
156 4183 251 4248 bonor
273 4204 289 4247 a
313 4185 369 4249 deo
392 4185 581 4250 tribueretur.

151 4283 263 4350 Verum
288 4306 326 4352 ne
346 4287 413 4372 quis
435 4307 475 4352 cn
492 4307 529 4352 eo
546 4289 623 4372 quod
647 4289 790 4375 scriptum
817 4298 881 4368 est,
914 4293 1077 4370 Antequam
1099 4291 1229 4358 coquent·
1272 4315 1335 4386 σῳ,

1259 4385 1336 4438 xxt.

57 4459 178 4509 combula
192 4455 333 4524 γεγένηται.
368 4461 405 4510 tto
416 4463 487 4510 ettam
501 4462 630 4527 Carnarius
663 4458 871 4528 primogenitum,
898 4457 989 4510 eodem
1005 4457 1083 4513 modo
1100 4457 1228 4534 interpre-

56 4529 130 4578 tttrtit
158 4525 206 4587 lit,
233 4526 319 4580 Donec
341 4526 439 4596 peperit
462 4527 540 4579 filium
562 4544 633 4579 suum
667 4528 716 4582 tari
733 4527 825 4592 debes,
843 4537 949 4597 propter
965 4532 1016 4580 eelb
