3060 5026
317 278 381 342 372
743 289 867 342 ιιιισει
884 289 1056 344 οειειιιιιιι

316 409 349 473 iv
368 409 480 495 Νιιισίμ
496 401 731 492 ὁμολογηθεῖσαν
747 411 860 486 πίστιν,
882 409 935 472 ιιαλ
952 405 1233 496 μήύμολογοῦντος
1249 413 1282 478 ἓν
1298 419 1352 497 τῆς
1369 415 1473 494 ούσίας,

315 507 337 592 ἢ
355 505 513 592 ἀμοούσιον
536 505 612 575 εἶναι
632 507 685 574 τύν
703 507 769 575 οίάν
784 515 826 598 τῷ
843 513 941 594 πατρί.
981 510 1209 594 Ἀναθεματίζω
1225 515 1259 581 δέ
1275 517 1326 581 ιιυλ
1349 516 1423 594 τοῦς
1437 519 1474 582 λί-

315 635 420 698 γονιας
440 608 473 676 τύ
499 619 616 695 πνεῦμα
639 609 673 678 τῦ
697 610 783 698 ἀγιον
808 617 915 696 κτίσμα
942 613 994 678 θιά
1020 621 1075 680 τοῦ
1099 618 1171 681 υίοῦ
1193 616 1323 703 γεγονός.
1360 617 1429 686 Ἔτι
1448 621 1474 684 ἀὲ

315 713 519 797 ἀναθεματίζω
535 713 589 797 τήν
605 718 783 797 Σαβελλίου,
806 717 859 780 καί
879 721 1048 796 Φωτεινοῦ,
1070 719 1124 783 καί
1139 725 1241 784 πᾶσαν
1253 723 1387 806 αἳρεσιν,
1408 743 1475 790 σιω-

314 823 376 900 χῦν
398 824 434 906 τῇ
456 821 550 882 πίστει
573 824 610 907 τῇ
631 815 706 884 ιιατά
733 821 880 897 Νίκαιαν,
903 820 954 885 καί
977 824 1052 884 πᾶσι
1073 829 1137 899 τοῖς
1159 825 1441 909 προγεγραμμένοις.

783 937 1002 995 ΕΠΛΗΡΩΘΗ.

170 1360 238 1458 γίις..
219 1348 295 1394 ,ιεεε
392 1328 546 1416 Ἐλίγομεν
564 1331 597 1396 ἀλ
612 1332 662 1396 καλ
681 1357 721 1421 τρι
707 1331 856 1420 ἀδελφῷ
877 1335 1004 1422 Βιταλίιγι
1024 1337 1078 1400 παλ
1092 1343 1157 1413 τοῖς
1171 1333 1227 1402 σύν
1242 1335 1341 1429 αύτῷ,
1379 1347 1415 1407 Τί
1430 1343 1475 1407 ταί

198 1420 238 1474 ‘9'
248 1421 331 1472 '‘5'‘
310 1439 394 1516 υμεῖς
409 1434 520 1520 nycte,-
542 1437 571 1499 τί
586 1437 614 1499 τί
633 1436 710 1500 ἐστιν
733 1431 922 1517 ἀναμέσον’
902 1442 1004 1516 υμῦν,
1038 1438 1263 1522 ἀιορθιύσασθε.
1306 1439 1396 1508 ’οιίέ
1413 1446 1520 1544 ἔφη,

310 1537 494 1622 Λεγέτωσαν.
529 1535 669 1619 Ἔφησαν
685 1537 750 1603 δὲ”
732 1563 778 1604 οτι
795 1562 832 1603 σν
821 1535 1014 1623 ἰλέγουσι
981 1562 1035 1603 τον
1053 1539 1186 1628 Χριστάν
1202 1544 1312 1609 τέλειον
1326 1547 1520 1672 γεγονένιιζ

311 1636 482 1726 ἀνθρωπον.
525 1637 608 1706 ‘055
624 1639 720 1717 εὐθύς
734 1639 922 1727 ἀπεαρίθη”
903 1667 967 1720 οτι,
1001 1644 1080 1724 Ναί,
1112 1640 1316 1731 ὁμολογοῦμεν
1334 1647 1393 1714 τάν
1410 1655 1475 1734 Χρε-

310 1739 380 1807 στάν
408 1744 515 1809 τέλειον
544 1741 712 1829 ἀνθρωπον
742 1745 902 1825 εἰληφέναι.
948 1735 1006 1809 Ην
1035 1746 1068 1810 ῦέ
1094 1753 1183 1813 τοῦτο
1211 1749 1397 1831 θαυμαστὸν
1420 1759 1478 1826 τοῖς
1519 1807 1520 1812 ,

311 1842 475 1928 ἀκούσασι,
505 1848 556 1912 ααλ
572 1853 664 1931 χαρᾶς
680 1848 815 1930 ἔμπλεον.
860 1844 986 1923 Είὸύτες
1005 1844 1091 1931 ἡμεῖς
1107 1847 1161 1934 τήν
1177 1848 1314 1917 ῦιάνοιαν
1331 1859 1396 1919 τῦν
1410 1879 1476 1938 προ-

310 1945 431 2031 φάσεων
446 1947 498 2016 τάν
514 1957 588 2016 νοῦν
602 1955 663 2015 νῦν
679 1951 763 2016 ἰδίων
779 1949 919 2030 ἀδελφῶν
933 1949 1163 2036 σφαιριζόντων
1177 1951 1211 2018 τά
1230 1953 1358 2039 ἀιιριβές
1374 1958 1476 2039 emet

309 2076 402 2134 ναμεν
418 2054 583 2140 ἐρωτῶντες
599 2051 662 2134 ὅτι,
697 2052 790 2118 Φύσει
807 2050 904 2138 σύραα
922 2050 1074 2139 ὁμολογεῖς
1089 2052 1142 2120 τάν
1162 2053 1293 2142 Χριστάν
1309 2059 1476 2140 είληφέναες

310 2150 379 2221 σ’ἀί
394 2162 562 2223 συνετίθετο
584 2154 646 2236 ὅτι,
680 2159 750 2221 Ναί.
789 2152 867 2221 'Ano'
891 2160 1018 2242 Μαρίας
1037 2164 1092 2240 τῆς
1113 2154 1200 2244 ἀγίας
1222 2160 1386 2244 παρθένου
1411 2159 1476 2226 ἀνευ

309 2260 478 2345 σπέρματος
493 2256 604 2346 ἀνὸράς
618 2260 669 2324 ιιαί
685 2257 735 2325 διά
752 2257 922 2341 πνεύματος
937 2255 1041 2344 ἀγίους
1073 2255 1092 2325 5
1104 2259 1137 2324 ἀλ
1150 2263 1203 2326 ιιιιλ
1217 2268 1307 2327 τοῦτο
1322 2258 1475 2349 τάμολύγει

311 2360 405 2429 Φύσει
430 2366 463 2430 λιι
482 2370 536 2447 τῆς
556 2363 712 2448 παρθένου
738 2359 837 2427 ίλθύν
856 2357 910 2444 την
933 2360 1029 2447 σύρεια
1054 2361 1213 2445 ἀνείληφεν
1229 2359 1248 2428 5
1264 2362 1340 2441 θεάς
1354 2361 1476 2452 λύγοςύ
1519 2365 1520 2426 5

308 2463 375 2542 υίιίς
389 2473 446 2531 τοῦ
462 2472 555 2544 θεοῦ,-
578 2462 595 2530 5
610 2463 682 2548 μετά
699 2463 815 2548 ῥάρους
830 2467 1008 2530 συνετίθετο.
1044 2461 1125 2548 Ἧθη
1140 2465 1174 2530 θλ
1190 2467 1222 2531 ἐν
1235 2473 1315 2555 χαρᾷ
1330 2465 1474 2534 ιιιιθιστά-

309 2577 404 2652 μεθα,
438 2564 540 2651 ἐπειδὴ
563 2565 644 2653 παρά
667 2593 756 2632 τινων
779 2565 856 2652 πρύς
872 2563 954 2650 ἡμᾶς
971 2569 1013 2641 είς
1031 2565 1160 2653 Κύπρον
1177 2566 1327 2633 ἐλθόντων
1343 2569 1475 2653 ἠκούσα-
1519 2559 1520 2642 5

307 2696 361 2755 μεν
374 2677 435 2736 τῶν
449 2672 672 2757 προειρημένων
687 2673 804 2736 παίδων
822 2667 867 2735 ῦτι
884 2666 950 2734 055'
965 2668 1041 2746 ὅλως
1054 2666 1075 2754 ἡ
1090 2667 1162 2756 σάρξ
1176 2668 1237 2736 ἀνιύ
1253 2675 1388 2757 Μαρίας
1402 2670 1474 2756 ω’μο-
1519 2659 1520 2745 5

287 2781 428 2861 ,λογεῖτα
463 2771 535 2838 Ὅτε
552 2773 584 2839 δὲ
602 2771 693 2849 αῦτύς
716 2769 962 2855 ύεύλαβέστατος
988 2771 1067 2856 ἀνὴρ
1092 2774 1127 2838 ίιι
1150 2775 1277 2858 Μαρίας
1300 2771 1358 2856 τὴν
1385 2776 1476 2860 σύρειν
1519 2785 1520 2816 ί

307 2876 498 2961 ἀνειληφέναι
514 2875 567 2942 τάν
585 2874 692 2962 κύριον
707 2872 794 2958 ἡμῶν
805 2874 925 2957 Ἰησοῦν
944 2872 1075 2959 Χριστόν
1091 2870 1276 2961 ῦμολύγησε,
1297 2875 1398 2944 πόλιν
1413 2873 1475 2962 παρ’

306 2977 392 3064 ἡμῶν
410 2980 547 3066 ἠρωτάτο
563 2981 590 3044 ελ
603 2980 654 3045 καί
669 2975 770 3062 ψυχὴν
785 2980 911 3060 εἴληφεν.
954 2973 988 3041 ‘0
1001 2977 1034 3041 ἀλ
1047 2978 1098 3042 ειαλ
1115 2979 1158 3053 είς
1169 2984 1258 3046 τοῦτο
1273 2975 1394 3060 ὁμοίως
1408 2977 1474 3064 μετά

305 3081 419 3170 βάρους
436 3086 622 3162 συνετίθετο,
655 3077 697 3157 ῦς
714 3080 752 3146 ού
767 3077 825 3167 χρὴ
846 3081 939 3164 λέγειν
960 3077 1067 3156 ἀλλως,
1101 3077 1175 3144 ἀλλά
1193 3077 1269 3145 τιατά
1286 3079 1392 3148 πάντα
1410 3084 1474 3164 ἀλη·

305 3183 418 3252 θεύειν.
465 3183 534 3272 Χρὴ
551 3183 606 3272 γάρ
625 3182 678 3248 τάν
694 3185 762 3267 περί
779 3183 922 3266 ἀληθείας
942 3180 1120 3266 ἀνθρώποις
1138 3181 1291 3268 γράφοντα
1306 3181 1365 3250 τάν
1381 3185 1474 3252 ιτάιιτιι

305 3294 380 3354 νοῦν
396 3292 502 3355 δοῦναι
515 3286 574 3373 πρύ
592 3284 760 3370 ὀφθαλμῶν
777 3287 830 3368 μίν
846 3283 899 3350 τάν
914 3284 1013 3368 φόβον
1027 3291 1082 3350 τοῦ
1097 3291 1176 3350 θεοῦ
1192 3287 1285 3368 ἔχειν,
1309 3289 1364 3354 καί
1383 3289 1472 3372 μησίν

305 3380 590 3480 πάραπεειοιημένον
611 3393 654 3467 είς
673 3388 729 3473 τήν
750 3397 802 3472 τῆς
822 3394 942 3475 γραφῆς
963 3389 1137 3474 ἐπαγγελίαν
1158 3385 1341 3455 συντάττειν.

165 4037 289 4106 Kavad.
387 4022 541 4112 Ὦμολύγει
558 4016 613 4090 οῦν
627 4022 645 4090 5
660 4022 795 4100 Βιτάλιος
813 4027 863 4091 ιιαλ
886 4025 988 4112 ψυχὴν
1011 4025 1066 4112 τὴν
1087 4025 1286 4116 ἀνθρωπίνην
1308 4029 1470 4116 είληφίνσι

309 4119 406 4205 Ούτος
427 4127 483 4214 γάρ
506 4121 547 4210 ἦν
574 4125 590 4193 5
615 4125 707 4193 είπαίν
731 4126 794 4206 ὅτι,
826 4132 887 4194 Ναί
910 4131 1018 4208 τέλειος
1043 4129 1206 4218 ἀνθραπος
1227 4125 1267 4216 ἦν
1289 4129 1309 4200 ἀ
1332 4135 1470 4220 Χριστός.

306 4227 384 4296 Εἶτα
402 4229 475 4315 μετά
491 4229 524 4298 τύ
546 4235 691 4317 ἐρωτῆσαι
710 4227 789 4316 ἡμᾶς
805 4235 873 4319 περί
888 4241 989 4316 ψυχῆς
1006 4237 1057 4300 καί
1076 4233 1201 4320 σαρκύς,
1230 4234 1297 4302 τότε
1314 4234 1470 4322 ἦρωτήσα-
1519 4237 1520 4330 5

306 4355 375 4415 μεν,
400 4340 487 4399 Νοῦν
502 4337 605 4418 ἐλαβεν
621 4332 720 4402 ἒλθοίν
735 4331 754 4401 5
773 4333 920 4422 Χριστύςς
962 4333 997 4401 ‘0
1014 4337 1046 4402 θλ
1064 4335 1161 4415 εύθύς
1177 4337 1345 4423 ἠρνήσατο,
1365 4343 1470 4427 λέγων,

209 4466 214 4476 ·
309 4433 392 4516 Οὐχί.
438 4433 516 4501 Εἶτα
535 4435 619 4520 ἡμεῖς
633 4438 711 4523 πρὸς
725 4436 830 4519 υύιύν,
857 4445 929 4515 Πῦς
944 4430 999 4505 οὖν
1012 4441 1104 4527 λίγεις
1120 4441 1230 4507 τέλειον
1244 4443 1398 4528 γεγονέναι
1420 4441 1468 4508 ἀν-
