<?xml version="1.0" encoding="UTF-8"?>
<!DOCTYPE html PUBLIC "-//W3C//DTD XHTML 1.0 Transitional//EN"
    "http://www.w3.org/TR/xhtml1/DTD/xhtml1-transitional.dtd">
<html xmlns="http://www.w3.org/1999/xhtml" xml:lang="en" lang="en">
 <head>
  <title>
</title>
<meta http-equiv="Content-Type" content="text/html;charset=utf-8" />
  <meta name='ocr-system' content='tesseract 3.04.00' />
  <meta name='ocr-capabilities' content='ocr_page ocr_carea ocr_par ocr_line ocrx_word'/>
</head>
<body>
  <div class='ocr_page' id='page_1' title='image "./corporishaerese00oehlgoog/corporishaerese00oehlgoog_0530.png"; bbox 0 0 3066 5016; ppageno 0'>
   <div class='ocr_carea' id='block_1_1' title="bbox 263 202 1244 294">
    <p class='ocr_par' dir='ltr' id='par_1_1' title="bbox 263 202 1244 294">
     <span class='ocr_line' id='line_1_1' title="bbox 263 202 1244 294; baseline 0.006 -6"><span class='ocrx_word' id='word_1_1' title='bbox 263 202 399 290; x_wconf 71' lang='lat' dir='ltr'><strong>rinnau</strong></span> <span class='ocrx_word' id='word_1_2' title='bbox 415 239 478 290; x_wconf 82' lang='grc' dir='ltr'>ιιι.</span> <span class='ocrx_word' id='word_1_3' title='bbox 495 241 537 290; x_wconf 90' lang='grc' dir='ltr'>ιιι.</span> <span class='ocrx_word' id='word_1_4' title='bbox 555 239 638 292; x_wconf 83' lang='lat' dir='ltr'><strong>nou.</strong></span> <span class='ocrx_word' id='word_1_5' title='bbox 652 241 683 291; x_wconf 92' lang='lat' dir='ltr'><strong>n.</strong></span> <span class='ocrx_word' id='word_1_6' title='bbox 702 241 817 292; x_wconf 79' lang='lat' dir='ltr'><strong>arros</strong></span> <span class='ocrx_word' id='word_1_7' title='bbox 836 239 900 294; x_wconf 82' lang='lat' dir='ltr'><strong>nin.</strong></span> <span class='ocrx_word' id='word_1_8' title='bbox 920 239 1063 292; x_wconf 76' lang='lat' dir='ltr'><strong>crunon.</strong></span> <span class='ocrx_word' id='word_1_9' title='bbox 1180 230 1244 294; x_wconf 79' lang='grc' dir='ltr'><strong>ιιι</strong></span> 
     </span>
    </p>
   </div>
   <div class='ocr_carea' id='block_1_2' title="bbox 66 353 1382 4320">
    <p class='ocr_par' dir='ltr' id='par_1_2' title="bbox 66 353 1382 4320">
     <span class='ocr_line' id='line_1_2' title="bbox 66 353 1243 443; baseline 0.008 -27"><span class='ocrx_word' id='word_1_10' title='bbox 66 354 100 416; x_wconf 88' lang='lat' dir='ltr'><strong>io</strong></span> <span class='ocrx_word' id='word_1_11' title='bbox 126 353 198 441; x_wconf 90' lang='lat' dir='ltr'><strong>ipso</strong></span> <span class='ocrx_word' id='word_1_12' title='bbox 218 353 317 420; x_wconf 84' lang='lat' dir='ltr'><strong>uitalis</strong></span> <span class='ocrx_word' id='word_1_13' title='bbox 335 359 475 441; x_wconf 86' lang='lat' dir='ltr'><strong>quaedam</strong></span> <span class='ocrx_word' id='word_1_14' title='bbox 498 359 592 422; x_wconf 83' lang='lat' dir='ltr'><strong>virtus</strong></span> <span class='ocrx_word' id='word_1_15' title='bbox 619 358 799 424; x_wconf 88' lang='lat' dir='ltr'><strong>continetur.</strong></span> <span class='ocrx_word' id='word_1_16' title='bbox 844 357 952 443; x_wconf 91' lang='lat' dir='ltr'><strong>Neque</strong></span> <span class='ocrx_word' id='word_1_17' title='bbox 976 360 1004 423; x_wconf 94' lang='lat' dir='ltr'><strong>id</strong></span> <span class='ocrx_word' id='word_1_18' title='bbox 1026 359 1121 424; x_wconf 89' lang='lat' dir='ltr'><strong>solnm</strong></span> <span class='ocrx_word' id='word_1_19' title='bbox 1146 371 1243 426; x_wconf 89' lang='lat' dir='ltr'><strong>actum</strong></span> 
     </span>
     <span class='ocr_line' id='line_1_3' title="bbox 66 461 1243 546; baseline 0.007 -26"><span class='ocrx_word' id='word_1_20' title='bbox 66 467 120 520; x_wconf 84' lang='lat' dir='ltr'><strong>eu</strong></span> <span class='ocrx_word' id='word_1_21' title='bbox 142 468 176 520; x_wconf 88' lang='lat' dir='ltr'><strong>nt</strong></span> <span class='ocrx_word' id='word_1_22' title='bbox 196 478 251 522; x_wconf 87' lang='lat' dir='ltr'><strong>uos</strong></span> <span class='ocrx_word' id='word_1_23' title='bbox 274 479 347 543; x_wconf 86' lang='lat' dir='ltr'><strong>aqua</strong></span> <span class='ocrx_word' id='word_1_24' title='bbox 373 470 563 545; x_wconf 80' lang='lat' dir='ltr'><strong>repurgarot,</strong></span> <span class='ocrx_word' id='word_1_25' title='bbox 595 461 648 524; x_wconf 88' lang='lat' dir='ltr'><strong>scd</strong></span> <span class='ocrx_word' id='word_1_26' title='bbox 676 472 707 525; x_wconf 92' lang='lat' dir='ltr'><strong>ut</strong></span> <span class='ocrx_word' id='word_1_27' title='bbox 725 481 820 545; x_wconf 88' lang='lat' dir='ltr'><strong>aquae</strong></span> <span class='ocrx_word' id='word_1_28' title='bbox 844 461 873 523; x_wconf 82' lang='lat' dir='ltr'><strong>ui</strong></span> <span class='ocrx_word' id='word_1_29' title='bbox 889 481 944 546; x_wconf 90' lang='lat' dir='ltr'><strong>per</strong></span> <span class='ocrx_word' id='word_1_30' title='bbox 960 461 1063 540; x_wconf 85' lang='lat' dir='ltr'><strong>fidem,</strong></span> <span class='ocrx_word' id='word_1_31' title='bbox 1097 461 1243 528; x_wconf 74' lang='lat' dir='ltr'><strong>actionem</strong></span> 
     </span>
     <span class='ocr_line' id='line_1_4' title="bbox 67 561 1244 650; baseline 0.007 -30"><span class='ocrx_word' id='word_1_32' title='bbox 67 567 103 624; x_wconf 89' lang='lat' dir='ltr'><strong>et</strong></span> <span class='ocrx_word' id='word_1_33' title='bbox 122 579 209 644; x_wconf 91' lang='lat' dir='ltr'><strong>spem</strong></span> <span class='ocrx_word' id='word_1_34' title='bbox 229 582 264 624; x_wconf 89' lang='lat' dir='ltr'><strong>ac</strong></span> <span class='ocrx_word' id='word_1_35' title='bbox 282 563 490 647; x_wconf 80' lang='lat' dir='ltr'><strong>mysteriorum</strong></span> <span class='ocrx_word' id='word_1_36' title='bbox 507 561 701 627; x_wconf 74' lang='lat' dir='ltr'><strong>initiationem</strong></span> <span class='ocrx_word' id='word_1_37' title='bbox 719 573 750 626; x_wconf 91' lang='lat' dir='ltr'><strong>et</strong></span> <span class='ocrx_word' id='word_1_38' title='bbox 766 563 1001 628; x_wconf 85' lang='lat' dir='ltr'><strong>consecrationis</strong></span> <span class='ocrx_word' id='word_1_39' title='bbox 1017 563 1244 650; x_wconf 89' lang='lat' dir='ltr'><strong>appellationem</strong></span> 
     </span>
     <span class='ocr_line' id='line_1_5' title="bbox 68 661 1243 749; baseline 0.007 -27"><span class='ocrx_word' id='word_1_40' title='bbox 68 661 111 724; x_wconf 82' lang='lat' dir='ltr'><strong>ad</strong></span> <span class='ocrx_word' id='word_1_41' title='bbox 146 663 306 746; x_wconf 87' lang='lat' dir='ltr'><strong>perlectam</strong></span> <span class='ocrx_word' id='word_1_42' title='bbox 334 663 555 749; x_wconf 77' lang='lat' dir='ltr'><strong>absolutamque</strong></span> <span class='ocrx_word' id='word_1_43' title='bbox 587 665 710 730; x_wconf 88' lang='lat' dir='ltr'><strong>salutem</strong></span> <span class='ocrx_word' id='word_1_44' title='bbox 746 665 830 730; x_wconf 90' lang='lat' dir='ltr'><strong>nobis</strong></span> <span class='ocrx_word' id='word_1_45' title='bbox 859 663 931 749; x_wconf 88' lang='lat' dir='ltr'><strong>ipsis</strong></span> <span class='ocrx_word' id='word_1_46' title='bbox 960 665 1106 728; x_wconf 82' lang='lat' dir='ltr'><strong>corulerat.</strong></span> <span class='ocrx_word' id='word_1_47' title='bbox 1160 663 1243 748; x_wconf 81' lang='lat' dir='ltr'><strong>Ergo</strong></span> 
     </span>
     <span class='ocr_line' id='line_1_6' title="bbox 69 759 1382 853; baseline 0.005 -27"><span class='ocrx_word' id='word_1_48' title='bbox 69 759 221 828; x_wconf 82' lang='lat' dir='ltr'><strong>Christus</strong></span> <span class='ocrx_word' id='word_1_49' title='bbox 237 766 369 830; x_wconf 87' lang='lat' dir='ltr'><strong>ascendit</strong></span> <span class='ocrx_word' id='word_1_50' title='bbox 385 787 402 829; x_wconf 90' lang='lat' dir='ltr'><strong>e</strong></span> <span class='ocrx_word' id='word_1_51' title='bbox 419 764 563 844; x_wconf 89' lang='lat' dir='ltr'><strong>lordaue,</strong></span> <span class='ocrx_word' id='word_1_52' title='bbox 588 787 692 830; x_wconf 85' lang='lat' dir='ltr'><strong>vocem</strong></span> <span class='ocrx_word' id='word_1_53' title='bbox 707 769 800 853; x_wconf 87' lang='lat' dir='ltr'><strong>patris</strong></span> <span class='ocrx_word' id='word_1_54' title='bbox 817 767 924 846; x_wconf 90' lang='lat' dir='ltr'><strong>audiit,</strong></span> <span class='ocrx_word' id='word_1_55' title='bbox 949 788 1032 851; x_wconf 89' lang='lat' dir='ltr'><strong>quam</strong></span> <span class='ocrx_word' id='word_1_56' title='bbox 1048 777 1078 828; x_wconf 89' lang='lat' dir='ltr'><strong>et</strong></span> <span class='ocrx_word' id='word_1_57' title='bbox 1095 767 1241 853; x_wconf 90' lang='lat' dir='ltr'><strong>discipuli,</strong></span> <span class='ocrx_word' id='word_1_58' title='bbox 1265 771 1382 820; x_wconf 64' lang='lat' dir='ltr'><strong>Mb</strong></span> 
     </span>
     <span class='ocr_line' id='line_1_7' title="bbox 69 865 1243 954; baseline 0.007 -28"><span class='ocrx_word' id='word_1_59' title='bbox 69 865 129 948; x_wconf 89' lang='lat' dir='ltr'><strong>qui</strong></span> <span class='ocrx_word' id='word_1_60' title='bbox 153 866 295 945; x_wconf 76' lang='lat' dir='ltr'><strong>aderaut,</strong></span> <span class='ocrx_word' id='word_1_61' title='bbox 328 868 501 947; x_wconf 68' lang='lat' dir='ltr'><strong>auderuntq</strong></span> <span class='ocrx_word' id='word_1_62' title='bbox 533 880 565 933; x_wconf 94' lang='lat' dir='ltr'><strong>ut</strong></span> <span class='ocrx_word' id='word_1_63' title='bbox 584 869 648 954; x_wconf 90' lang='lat' dir='ltr'><strong>quis</strong></span> <span class='ocrx_word' id='word_1_64' title='bbox 674 869 724 934; x_wconf 91' lang='lat' dir='ltr'><strong>ille</strong></span> <span class='ocrx_word' id='word_1_65' title='bbox 753 871 846 947; x_wconf 91' lang='lat' dir='ltr'><strong>loret,</strong></span> <span class='ocrx_word' id='word_1_66' title='bbox 880 869 926 932; x_wconf 90' lang='lat' dir='ltr'><strong>cui</strong></span> <span class='ocrx_word' id='word_1_67' title='bbox 948 868 1148 932; x_wconf 89' lang='lat' dir='ltr'><strong>testimonium</strong></span> <span class='ocrx_word' id='word_1_68' title='bbox 1172 867 1243 934; x_wconf 90' lang='lat' dir='ltr'><strong>illud</strong></span> 
     </span>
     <span class='ocr_line' id='line_1_8' title="bbox 70 967 1243 1056; baseline 0.005 -28"><span class='ocrx_word' id='word_1_69' title='bbox 70 967 291 1049; x_wconf 80' lang='lat' dir='ltr'><strong>praeberetur,</strong></span> <span class='ocrx_word' id='word_1_70' title='bbox 326 981 536 1054; x_wconf 79' lang='lat' dir='ltr'><strong>agnoscerent.</strong></span> <span class='ocrx_word' id='word_1_71' title='bbox 583 970 661 1036; x_wconf 82' lang='lat' dir='ltr'><strong>Tum</strong></span> <span class='ocrx_word' id='word_1_72' title='bbox 690 972 778 1036; x_wconf 86' lang='lat' dir='ltr'><strong>etiam</strong></span> <span class='ocrx_word' id='word_1_73' title='bbox 801 970 922 1056; x_wconf 88' lang='lat' dir='ltr'><strong>spiritus</strong></span> <span class='ocrx_word' id='word_1_74' title='bbox 947 982 1067 1034; x_wconf 79' lang='lat' dir='ltr'><strong>sanictos</strong></span> <span class='ocrx_word' id='word_1_75' title='bbox 1090 971 1243 1034; x_wconf 91' lang='lat' dir='ltr'><strong>columbae</strong></span> 
     </span>
     <span class='ocr_line' id='line_1_9' title="bbox 69 1071 1243 1157; baseline 0.003 -25"><span class='ocrx_word' id='word_1_76' title='bbox 69 1071 178 1152; x_wconf 85' lang='lat' dir='ltr'><strong>specie</strong></span> <span class='ocrx_word' id='word_1_77' title='bbox 199 1072 335 1157; x_wconf 86' lang='lat' dir='ltr'><strong>delapsus</strong></span> <span class='ocrx_word' id='word_1_78' title='bbox 355 1083 418 1151; x_wconf 89' lang='lat' dir='ltr'><strong>est,</strong></span> <span class='ocrx_word' id='word_1_79' title='bbox 450 1075 691 1156; x_wconf 89' lang='lat' dir='ltr'><strong>quemadmodum</strong></span> <span class='ocrx_word' id='word_1_80' title='bbox 708 1075 736 1136; x_wconf 92' lang='lat' dir='ltr'><strong>in</strong></span> <span class='ocrx_word' id='word_1_81' title='bbox 756 1073 910 1138; x_wconf 87' lang='lat' dir='ltr'><strong>multarum</strong></span> <span class='ocrx_word' id='word_1_82' title='bbox 928 1072 1091 1137; x_wconf 89' lang='lat' dir='ltr'><strong>haereseon</strong></span> <span class='ocrx_word' id='word_1_83' title='bbox 1108 1073 1243 1140; x_wconf 88' lang='lat' dir='ltr'><strong>conluta·</strong></span> 
     </span>
     <span class='ocr_line' id='line_1_10' title="bbox 70 1171 1243 1260; baseline 0.003 -26"><span class='ocrx_word' id='word_1_84' title='bbox 70 1171 163 1236; x_wconf 90' lang='lat' dir='ltr'><strong>tione</strong></span> <span class='ocrx_word' id='word_1_85' title='bbox 176 1174 316 1239; x_wconf 83' lang='lat' dir='ltr'><strong>diximus.</strong></span> <span class='ocrx_word' id='word_1_86' title='bbox 364 1175 409 1238; x_wconf 79' lang='lat' dir='ltr'><strong>Ae</strong></span> <span class='ocrx_word' id='word_1_87' title='bbox 424 1195 460 1238; x_wconf 91' lang='lat' dir='ltr'><strong>ne</strong></span> <span class='ocrx_word' id='word_1_88' title='bbox 477 1176 591 1239; x_wconf 89' lang='lat' dir='ltr'><strong>trinitas</strong></span> <span class='ocrx_word' id='word_1_89' title='bbox 610 1175 672 1260; x_wconf 89' lang='lat' dir='ltr'><strong>ipsa</strong></span> <span class='ocrx_word' id='word_1_90' title='bbox 692 1175 721 1238; x_wconf 90' lang='lat' dir='ltr'><strong>in</strong></span> <span class='ocrx_word' id='word_1_91' title='bbox 740 1197 828 1239; x_wconf 91' lang='lat' dir='ltr'><strong>uuum</strong></span> <span class='ocrx_word' id='word_1_92' title='bbox 846 1176 964 1239; x_wconf 87' lang='lat' dir='ltr'><strong>redacta</strong></span> <span class='ocrx_word' id='word_1_93' title='bbox 982 1177 1162 1258; x_wconf 82' lang='lat' dir='ltr'><strong>contusaque</strong></span> <span class='ocrx_word' id='word_1_94' title='bbox 1178 1193 1243 1238; x_wconf 88' lang='lat' dir='ltr'><strong>cre·</strong></span> 
     </span>
     <span class='ocr_line' id='line_1_11' title="bbox 71 1275 1244 1363; baseline 0.004 -28"><span class='ocrx_word' id='word_1_95' title='bbox 71 1275 217 1352; x_wconf 89' lang='lat' dir='ltr'><strong>deretur,</strong></span> <span class='ocrx_word' id='word_1_96' title='bbox 249 1278 370 1362; x_wconf 88' lang='lat' dir='ltr'><strong>spiritus</strong></span> <span class='ocrx_word' id='word_1_97' title='bbox 387 1277 504 1362; x_wconf 91' lang='lat' dir='ltr'><strong>propria</strong></span> <span class='ocrx_word' id='word_1_98' title='bbox 531 1277 560 1340; x_wconf 93' lang='lat' dir='ltr'><strong>iu</strong></span> <span class='ocrx_word' id='word_1_99' title='bbox 581 1299 707 1363; x_wconf 86' lang='lat' dir='ltr'><strong>persone</strong></span> <span class='ocrx_word' id='word_1_100' title='bbox 723 1277 850 1361; x_wconf 81' lang='lat' dir='ltr'><strong>¹figuram</strong></span> <span class='ocrx_word' id='word_1_101' title='bbox 869 1276 946 1340; x_wconf 88' lang='lat' dir='ltr'><strong>illam</strong></span> <span class='ocrx_word' id='word_1_102' title='bbox 963 1277 1074 1353; x_wconf 90' lang='lat' dir='ltr'><strong>induit,</strong></span> <span class='ocrx_word' id='word_1_103' title='bbox 1107 1289 1137 1339; x_wconf 92' lang='lat' dir='ltr'><strong>et</strong></span> <span class='ocrx_word' id='word_1_104' title='bbox 1153 1296 1244 1362; x_wconf 89' lang='lat' dir='ltr'><strong>super</strong></span> 
     </span>
     <span class='ocr_line' id='line_1_12' title="bbox 72 1377 1243 1465; baseline 0.003 -27"><span class='ocrx_word' id='word_1_105' title='bbox 72 1377 161 1438; x_wconf 92' lang='lat' dir='ltr'><strong>illum</strong></span> <span class='ocrx_word' id='word_1_106' title='bbox 180 1379 305 1456; x_wconf 83' lang='lat' dir='ltr'><strong>resedit,</strong></span> <span class='ocrx_word' id='word_1_107' title='bbox 335 1399 428 1464; x_wconf 89' lang='lat' dir='ltr'><strong>seque</strong></span> <span class='ocrx_word' id='word_1_108' title='bbox 455 1379 483 1442; x_wconf 92' lang='lat' dir='ltr'><strong>in</strong></span> <span class='ocrx_word' id='word_1_109' title='bbox 504 1379 598 1465; x_wconf 92' lang='lat' dir='ltr'><strong>ipsum</strong></span> <span class='ocrx_word' id='word_1_110' title='bbox 623 1379 802 1459; x_wconf 83' lang='lat' dir='ltr'><strong>insinuavit3</strong></span> <span class='ocrx_word' id='word_1_111' title='bbox 834 1379 907 1442; x_wconf 91' lang='lat' dir='ltr'><strong>ntis</strong></span> <span class='ocrx_word' id='word_1_112' title='bbox 927 1379 974 1442; x_wconf 91' lang='lat' dir='ltr'><strong>cui</strong></span> <span class='ocrx_word' id='word_1_113' title='bbox 992 1377 1190 1442; x_wconf 89' lang='lat' dir='ltr'><strong>testimouium</strong></span> <span class='ocrx_word' id='word_1_114' title='bbox 1208 1377 1243 1441; x_wconf 94' lang='lat' dir='ltr'><strong>il·</strong></span> 
     </span>
     <span class='ocr_line' id='line_1_13' title="bbox 70 1479 1243 1566; baseline 0.003 -25"><span class='ocrx_word' id='word_1_115' title='bbox 70 1479 129 1542; x_wconf 92' lang='lat' dir='ltr'><strong>lud</strong></span> <span class='ocrx_word' id='word_1_116' title='bbox 155 1479 369 1564; x_wconf 79' lang='lat' dir='ltr'><strong>suffragabatur</strong></span> <span class='ocrx_word' id='word_1_117' title='bbox 391 1481 568 1566; x_wconf 88' lang='lat' dir='ltr'><strong>conspicuus</strong></span> <span class='ocrx_word' id='word_1_118' title='bbox 594 1493 691 1559; x_wconf 90' lang='lat' dir='ltr'><strong>esset,</strong></span> <span class='ocrx_word' id='word_1_119' title='bbox 723 1492 811 1565; x_wconf 91' lang='lat' dir='ltr'><strong>utque</strong></span> <span class='ocrx_word' id='word_1_120' title='bbox 836 1492 1055 1546; x_wconf 85' lang='lat' dir='ltr'><strong>sacrosanctam</strong></span> <span class='ocrx_word' id='word_1_121' title='bbox 1077 1479 1154 1544; x_wconf 90' lang='lat' dir='ltr'><strong>illam</strong></span> <span class='ocrx_word' id='word_1_122' title='bbox 1177 1501 1243 1544; x_wconf 89' lang='lat' dir='ltr'><strong>car·</strong></span> 
     </span>
     <span class='ocr_line' id='line_1_14' title="bbox 71 1581 1243 1669; baseline 0.002 -25"><span class='ocrx_word' id='word_1_123' title='bbox 71 1601 148 1644; x_wconf 90' lang='lat' dir='ltr'><strong>nem</strong></span> <span class='ocrx_word' id='word_1_124' title='bbox 175 1583 294 1646; x_wconf 87' lang='lat' dir='ltr'><strong>amicam</strong></span> <span class='ocrx_word' id='word_1_125' title='bbox 320 1603 405 1660; x_wconf 88' lang='lat' dir='ltr'><strong>csse,</strong></span> <span class='ocrx_word' id='word_1_126' title='bbox 438 1585 552 1667; x_wconf 88' lang='lat' dir='ltr'><strong>deoque</strong></span> <span class='ocrx_word' id='word_1_127' title='bbox 581 1584 716 1669; x_wconf 89' lang='lat' dir='ltr'><strong>placere,</strong></span> <span class='ocrx_word' id='word_1_128' title='bbox 749 1585 841 1669; x_wconf 90' lang='lat' dir='ltr'><strong>patris</strong></span> <span class='ocrx_word' id='word_1_129' title='bbox 866 1583 1044 1668; x_wconf 79' lang='lat' dir='ltr'><strong>suspiritus</strong></span> <span class='ocrx_word' id='word_1_130' title='bbox 1068 1581 1243 1646; x_wconf 88' lang='lat' dir='ltr'><strong>auctoritate</strong></span> 
     </span>
     <span class='ocr_line' id='line_1_15' title="bbox 71 1683 1243 1771; baseline 0.001 -26"><span class='ocrx_word' id='word_1_131' title='bbox 71 1692 247 1763; x_wconf 88' lang='lat' dir='ltr'><strong>constaret,</strong></span> <span class='ocrx_word' id='word_1_132' title='bbox 282 1697 310 1748; x_wconf 94' lang='lat' dir='ltr'><strong>ut</strong></span> <span class='ocrx_word' id='word_1_133' title='bbox 329 1685 398 1748; x_wconf 92' lang='lat' dir='ltr'><strong>illud</strong></span> <span class='ocrx_word' id='word_1_134' title='bbox 417 1685 579 1770; x_wconf 87' lang='lat' dir='ltr'><strong>praedicuri</strong></span> <span class='ocrx_word' id='word_1_135' title='bbox 600 1686 693 1771; x_wconf 86' lang='lat' dir='ltr'><strong>palam</strong></span> <span class='ocrx_word' id='word_1_136' title='bbox 716 1696 833 1770; x_wconf 88' lang='lat' dir='ltr'><strong>posset,</strong></span> <span class='ocrx_word' id='word_1_137' title='bbox 868 1684 1102 1748; x_wconf 80' lang='lat' dir='ltr'><strong>incarnationem</strong></span> <span class='ocrx_word' id='word_1_138' title='bbox 1122 1683 1173 1746; x_wconf 88' lang='lat' dir='ltr'><strong>lilii</strong></span> <span class='ocrx_word' id='word_1_139' title='bbox 1189 1703 1243 1746; x_wconf 87' lang='lat' dir='ltr'><strong>vo·</strong></span> 
     </span>
     <span class='ocr_line' id='line_1_16' title="bbox 71 1785 1242 1872; baseline 0.001 -26"><span class='ocrx_word' id='word_1_140' title='bbox 71 1785 160 1847; x_wconf 89' lang='lat' dir='ltr'><strong>lente</strong></span> <span class='ocrx_word' id='word_1_141' title='bbox 177 1806 211 1848; x_wconf 87' lang='lat' dir='ltr'><strong>ac</strong></span> <span class='ocrx_word' id='word_1_142' title='bbox 229 1786 368 1870; x_wconf 89' lang='lat' dir='ltr'><strong>probante</strong></span> <span class='ocrx_word' id='word_1_143' title='bbox 383 1797 465 1872; x_wconf 86' lang='lat' dir='ltr'><strong>patre</strong></span> <span class='ocrx_word' id='word_1_144' title='bbox 482 1807 549 1850; x_wconf 89' lang='lat' dir='ltr'><strong>csse</strong></span> <span class='ocrx_word' id='word_1_145' title='bbox 567 1789 746 1872; x_wconf 87' lang='lat' dir='ltr'><strong>perlectam,</strong></span> <span class='ocrx_word' id='word_1_146' title='bbox 771 1808 805 1851; x_wconf 90' lang='lat' dir='ltr'><strong>ac</strong></span> <span class='ocrx_word' id='word_1_147' title='bbox 822 1789 947 1872; x_wconf 89' lang='lat' dir='ltr'><strong>denique</strong></span> <span class='ocrx_word' id='word_1_148' title='bbox 964 1807 1053 1850; x_wconf 87' lang='lat' dir='ltr'><strong>verus</strong></span> <span class='ocrx_word' id='word_1_149' title='bbox 1071 1796 1102 1848; x_wconf 96' lang='lat' dir='ltr'><strong>ut</strong></span> <span class='ocrx_word' id='word_1_150' title='bbox 1118 1805 1242 1872; x_wconf 89' lang='lat' dir='ltr'><strong>appare-</strong></span> 
     </span>
     <span class='ocr_line' id='line_1_17' title="bbox 72 1885 1364 2006; baseline 0.003 -57"><span class='ocrx_word' id='word_1_151' title='bbox 72 1895 126 1949; x_wconf 87' lang='lat' dir='ltr'><strong>ret</strong></span> <span class='ocrx_word' id='word_1_152' title='bbox 144 1885 219 1950; x_wconf 81' lang='lat' dir='ltr'><strong>dlius</strong></span> <span class='ocrx_word' id='word_1_153' title='bbox 237 1897 267 1952; x_wconf 89' lang='lat' dir='ltr'><strong>et</strong></span> <span class='ocrx_word' id='word_1_154' title='bbox 280 1889 347 1952; x_wconf 91' lang='lat' dir='ltr'><strong>illud</strong></span> <span class='ocrx_word' id='word_1_155' title='bbox 365 1889 524 1974; x_wconf 90' lang='lat' dir='ltr'><strong>propltctee</strong></span> <span class='ocrx_word' id='word_1_156' title='bbox 540 1889 710 1953; x_wconf 85' lang='lat' dir='ltr'><strong>vaticinium</strong></span> <span class='ocrx_word' id='word_1_157' title='bbox 730 1889 877 1974; x_wconf 85' lang='lat' dir='ltr'><strong>expleret,</strong></span> <span class='ocrx_word' id='word_1_158' title='bbox 900 1893 943 1952; x_wconf 81' lang='lat' dir='ltr'><strong>Et</strong></span> <span class='ocrx_word' id='word_1_159' title='bbox 951 1901 1022 1970; x_wconf 82' lang='lat' dir='ltr'><strong>post</strong></span> <span class='ocrx_word' id='word_1_160' title='bbox 1033 1893 1102 1951; x_wconf 86' lang='lat' dir='ltr'><strong>doec</strong></span> <span class='ocrx_word' id='word_1_161' title='bbox 1117 1893 1146 1950; x_wconf 84' lang='lat' dir='ltr'><strong>a&#39;n</strong></span> <span class='ocrx_word' id='word_1_162' title='bbox 1160 1901 1239 1953; x_wconf 82' lang='lat' dir='ltr'><strong>terra</strong></span> <span class='ocrx_word' id='word_1_163' title='bbox 1264 1907 1364 2006; x_wconf 58' lang='lat' dir='ltr'><strong>nprpqu.</strong></span> 
     </span>
     <span class='ocr_line' id='line_1_18' title="bbox 73 1987 1382 2074; baseline 0.007 -24"><span class='ocrx_word' id='word_1_164' title='bbox 73 1994 158 2050; x_wconf 67' lang='lat' dir='ltr'><strong>umus</strong></span> <span class='ocrx_word' id='word_1_165' title='bbox 179 2003 236 2065; x_wconf 82' lang='lat' dir='ltr'><strong>est,</strong></span> <span class='ocrx_word' id='word_1_166' title='bbox 271 2003 298 2052; x_wconf 85' lang='lat' dir='ltr'><strong>et</strong></span> <span class='ocrx_word' id='word_1_167' title='bbox 318 2013 381 2052; x_wconf 88' lang='lat' dir='ltr'><strong>cum</strong></span> <span class='ocrx_word' id='word_1_168' title='bbox 405 1995 563 2054; x_wconf 75' lang='lat' dir='ltr'><strong>bominibus</strong></span> <span class='ocrx_word' id='word_1_169' title='bbox 589 2003 781 2054; x_wconf 82' lang='lat' dir='ltr'><strong>conversatus.</strong></span> <span class='ocrx_word' id='word_1_170' title='bbox 830 1987 924 2074; x_wconf 79' lang='lat' dir='ltr'><strong>Igitur</strong></span> <span class='ocrx_word' id='word_1_171' title='bbox 943 2012 960 2054; x_wconf 90' lang='lat' dir='ltr'><strong>e</strong></span> <span class='ocrx_word' id='word_1_172' title='bbox 979 1987 1104 2054; x_wconf 90' lang='lat' dir='ltr'><strong>lordaoe</strong></span> <span class='ocrx_word' id='word_1_173' title='bbox 1127 1990 1241 2074; x_wconf 83' lang='lat' dir='ltr'><strong>digres-</strong></span> <span class='ocrx_word' id='word_1_174' title='bbox 1261 1993 1382 2059; x_wconf 71' lang='lat' dir='ltr'><strong>stiunt.</strong></span> 
     </span>
     <span class='ocr_line' id='line_1_19' title="bbox 73 2091 1242 2178; baseline 0.002 -24"><span class='ocrx_word' id='word_1_175' title='bbox 73 2113 131 2154; x_wconf 87' lang='lat' dir='ltr'><strong>sus</strong></span> <span class='ocrx_word' id='word_1_176' title='bbox 158 2102 239 2154; x_wconf 90' lang='lat' dir='ltr'><strong>certo</strong></span> <span class='ocrx_word' id='word_1_177' title='bbox 269 2113 396 2178; x_wconf 87' lang='lat' dir='ltr'><strong>uereque</strong></span> <span class='ocrx_word' id='word_1_178' title='bbox 418 2115 434 2154; x_wconf 90' lang='lat' dir='ltr'><strong>a</strong></span> <span class='ocrx_word' id='word_1_179' title='bbox 456 2093 571 2158; x_wconf 89' lang='lat' dir='ltr'><strong>diabolo</strong></span> <span class='ocrx_word' id='word_1_180' title='bbox 597 2093 626 2156; x_wconf 93' lang='lat' dir='ltr'><strong>in</strong></span> <span class='ocrx_word' id='word_1_181' title='bbox 647 2095 764 2156; x_wconf 87' lang='lat' dir='ltr'><strong>deserto</strong></span> <span class='ocrx_word' id='word_1_182' title='bbox 787 2101 916 2157; x_wconf 88' lang='lat' dir='ltr'><strong>tentatus</strong></span> <span class='ocrx_word' id='word_1_183' title='bbox 936 2103 999 2171; x_wconf 92' lang='lat' dir='ltr'><strong>est,</strong></span> <span class='ocrx_word' id='word_1_184' title='bbox 1036 2106 1064 2156; x_wconf 92' lang='lat' dir='ltr'><strong>et</strong></span> <span class='ocrx_word' id='word_1_185' title='bbox 1082 2103 1149 2178; x_wconf 92' lang='lat' dir='ltr'><strong>post</strong></span> <span class='ocrx_word' id='word_1_186' title='bbox 1167 2091 1242 2156; x_wconf 89' lang='lat' dir='ltr'><strong>ieiu-</strong></span> 
     </span>
     <span class='ocr_line' id='line_1_20' title="bbox 73 2193 1241 2280; baseline 0 -24"><span class='ocrx_word' id='word_1_187' title='bbox 73 2194 159 2256; x_wconf 86' lang='lat' dir='ltr'><strong>nium</strong></span> <span class='ocrx_word' id='word_1_188' title='bbox 177 2193 298 2272; x_wconf 85' lang='lat' dir='ltr'><strong>esuriit,</strong></span> <span class='ocrx_word' id='word_1_189' title='bbox 332 2207 364 2259; x_wconf 94' lang='lat' dir='ltr'><strong>ut</strong></span> <span class='ocrx_word' id='word_1_190' title='bbox 380 2197 455 2280; x_wconf 89' lang='lat' dir='ltr'><strong>quod</strong></span> <span class='ocrx_word' id='word_1_191' title='bbox 474 2217 565 2258; x_wconf 89' lang='lat' dir='ltr'><strong>verae</strong></span> <span class='ocrx_word' id='word_1_192' title='bbox 590 2194 673 2258; x_wconf 88' lang='lat' dir='ltr'><strong>carni</strong></span> <span class='ocrx_word' id='word_1_193' title='bbox 691 2206 847 2279; x_wconf 84' lang='lat' dir='ltr'><strong>susceptae</strong></span> <span class='ocrx_word' id='word_1_194' title='bbox 869 2205 1100 2258; x_wconf 87' lang='lat' dir='ltr'><strong>consentaneum</strong></span> <span class='ocrx_word' id='word_1_195' title='bbox 1120 2205 1166 2256; x_wconf 93' lang='lat' dir='ltr'><strong>est</strong></span> <span class='ocrx_word' id='word_1_196' title='bbox 1187 2214 1241 2257; x_wconf 83' lang='lat' dir='ltr'><strong>ex·</strong></span> 
     </span>
     <span class='ocr_line' id='line_1_21' title="bbox 73 2293 1239 2384; baseline 0.001 -27"><span class='ocrx_word' id='word_1_197' title='bbox 73 2296 230 2382; x_wconf 88' lang='lat' dir='ltr'><strong>primeret.</strong></span> <span class='ocrx_word' id='word_1_198' title='bbox 278 2293 445 2362; x_wconf 88' lang='lat' dir='ltr'><strong>Secundum</strong></span> <span class='ocrx_word' id='word_1_199' title='bbox 464 2299 536 2361; x_wconf 90' lang='lat' dir='ltr'><strong>baec</strong></span> <span class='ocrx_word' id='word_1_200' title='bbox 553 2297 711 2384; x_wconf 90' lang='lat' dir='ltr'><strong>discipulos</strong></span> <span class='ocrx_word' id='word_1_201' title='bbox 728 2297 834 2380; x_wconf 80' lang='lat' dir='ltr'><strong>elegit,</strong></span> <span class='ocrx_word' id='word_1_202' title='bbox 869 2297 1022 2360; x_wconf 89' lang='lat' dir='ltr'><strong>veritatem</strong></span> <span class='ocrx_word' id='word_1_203' title='bbox 1047 2294 1239 2382; x_wconf 87' lang='lat' dir='ltr'><strong>praedicauit,</strong></span> 
     </span>
     <span class='ocr_line' id='line_1_22' title="bbox 73 2397 1238 2483; baseline -0.002 -21"><span class='ocrx_word' id='word_1_204' title='bbox 73 2397 278 2481; x_wconf 82' lang='lat' dir='ltr'><strong>aegritudines</strong></span> <span class='ocrx_word' id='word_1_205' title='bbox 297 2400 430 2476; x_wconf 85' lang='lat' dir='ltr'><strong>sanavit,</strong></span> <span class='ocrx_word' id='word_1_206' title='bbox 454 2401 589 2478; x_wconf 89' lang='lat' dir='ltr'><strong>dormiit,</strong></span> <span class='ocrx_word' id='word_1_207' title='bbox 615 2398 735 2476; x_wconf 84' lang='lat' dir='ltr'><strong>esuriit,</strong></span> <span class='ocrx_word' id='word_1_208' title='bbox 760 2400 818 2461; x_wconf 91' lang='lat' dir='ltr'><strong>iter</strong></span> <span class='ocrx_word' id='word_1_209' title='bbox 836 2399 920 2476; x_wconf 88' lang='lat' dir='ltr'><strong>lecit,</strong></span> <span class='ocrx_word' id='word_1_210' title='bbox 952 2399 1082 2483; x_wconf 80' lang='lat' dir='ltr'><strong>prodigia</strong></span> <span class='ocrx_word' id='word_1_211' title='bbox 1100 2398 1238 2482; x_wconf 82' lang='lat' dir='ltr'><strong>patravit,</strong></span> 
     </span>
     <span class='ocr_line' id='line_1_23' title="bbox 74 2500 1241 2586; baseline 0.002 -24"><span class='ocrx_word' id='word_1_212' title='bbox 74 2509 213 2564; x_wconf 91' lang='lat' dir='ltr'><strong>mortuos</strong></span> <span class='ocrx_word' id='word_1_213' title='bbox 230 2501 390 2580; x_wconf 82' lang='lat' dir='ltr'><strong>excitavit,</strong></span> <span class='ocrx_word' id='word_1_214' title='bbox 423 2503 520 2566; x_wconf 89' lang='lat' dir='ltr'><strong>caecis</strong></span> <span class='ocrx_word' id='word_1_215' title='bbox 536 2502 630 2566; x_wconf 85' lang='lat' dir='ltr'><strong>visum</strong></span> <span class='ocrx_word' id='word_1_216' title='bbox 647 2501 898 2586; x_wconf 81' lang='lat' dir='ltr'><strong>repraesentavit,</strong></span> <span class='ocrx_word' id='word_1_217' title='bbox 929 2501 1040 2566; x_wconf 90' lang='lat' dir='ltr'><strong>claudis</strong></span> <span class='ocrx_word' id='word_1_218' title='bbox 1057 2511 1086 2563; x_wconf 92' lang='lat' dir='ltr'><strong>et</strong></span> <span class='ocrx_word' id='word_1_219' title='bbox 1101 2500 1241 2586; x_wconf 78' lang='lat' dir='ltr'><strong>paralyti-</strong></span> 
     </span>
     <span class='ocr_line' id='line_1_24' title="bbox 77 2601 1242 2690; baseline 0.003 -26"><span class='ocrx_word' id='word_1_220' title='bbox 77 2602 126 2664; x_wconf 90' lang='lat' dir='ltr'><strong>cis</strong></span> <span class='ocrx_word' id='word_1_221' title='bbox 143 2602 222 2666; x_wconf 82' lang='lat' dir='ltr'><strong>uires</strong></span> <span class='ocrx_word' id='word_1_222' title='bbox 237 2603 377 2668; x_wconf 87' lang='lat' dir='ltr'><strong>restituit.</strong></span> <span class='ocrx_word' id='word_1_223' title='bbox 423 2601 675 2688; x_wconf 84' lang='lat' dir='ltr'><strong>Quemadmodum</strong></span> <span class='ocrx_word' id='word_1_224' title='bbox 692 2601 877 2688; x_wconf 84' lang='lat' dir='ltr'><strong>evangelium</strong></span> <span class='ocrx_word' id='word_1_225' title='bbox 894 2604 986 2690; x_wconf 83' lang='lat' dir='ltr'><strong>ipsunt</strong></span> <span class='ocrx_word' id='word_1_226' title='bbox 1002 2601 1141 2668; x_wconf 89' lang='lat' dir='ltr'><strong>coelestis</strong></span> <span class='ocrx_word' id='word_1_227' title='bbox 1155 2603 1242 2688; x_wconf 78' lang='lat' dir='ltr'><strong>regui</strong></span> 
     </span>
     <span class='ocr_line' id='line_1_25' title="bbox 77 2703 1241 2792; baseline 0.003 -27"><span class='ocrx_word' id='word_1_228' title='bbox 77 2703 255 2783; x_wconf 85' lang='lat' dir='ltr'><strong>veritatem,</strong></span> <span class='ocrx_word' id='word_1_229' title='bbox 288 2727 323 2768; x_wconf 91' lang='lat' dir='ltr'><strong>ac</strong></span> <span class='ocrx_word' id='word_1_230' title='bbox 337 2728 402 2770; x_wconf 92' lang='lat' dir='ltr'><strong>cnm</strong></span> <span class='ocrx_word' id='word_1_231' title='bbox 421 2707 512 2791; x_wconf 88' lang='lat' dir='ltr'><strong>ipsius</strong></span> <span class='ocrx_word' id='word_1_232' title='bbox 533 2707 600 2784; x_wconf 92' lang='lat' dir='ltr'><strong>lilii,</strong></span> <span class='ocrx_word' id='word_1_233' title='bbox 634 2704 818 2792; x_wconf 89' lang='lat' dir='ltr'><strong>tumpatris,</strong></span> <span class='ocrx_word' id='word_1_234' title='bbox 850 2705 1021 2790; x_wconf 85' lang='lat' dir='ltr'><strong>aespiritus</strong></span> <span class='ocrx_word' id='word_1_235' title='bbox 1040 2707 1135 2770; x_wconf 88' lang='lat' dir='ltr'><strong>sancti</strong></span> <span class='ocrx_word' id='word_1_236' title='bbox 1157 2705 1241 2770; x_wconf 92' lang='lat' dir='ltr'><strong>boui-</strong></span> 
     </span>
     <span class='ocr_line' id='line_1_26' title="bbox 77 2807 1238 2893; baseline 0.001 -23"><span class='ocrx_word' id='word_1_237' title='bbox 77 2816 170 2870; x_wconf 88' lang='lat' dir='ltr'><strong>tatem</strong></span> <span class='ocrx_word' id='word_1_238' title='bbox 203 2807 469 2892; x_wconf 88' lang='lat' dir='ltr'><strong>humanitatemque</strong></span> <span class='ocrx_word' id='word_1_239' title='bbox 499 2808 695 2893; x_wconf 80' lang='lat' dir='ltr'><strong>praedicavit:</strong></span> <span class='ocrx_word' id='word_1_240' title='bbox 728 2808 804 2871; x_wconf 89' lang='lat' dir='ltr'><strong>idem</strong></span> <span class='ocrx_word' id='word_1_241' title='bbox 835 2807 885 2871; x_wconf 95' lang='lat' dir='ltr'><strong>ille</strong></span> <span class='ocrx_word' id='word_1_242' title='bbox 919 2828 1006 2893; x_wconf 90' lang='lat' dir='ltr'><strong>porro</strong></span> <span class='ocrx_word' id='word_1_243' title='bbox 1037 2829 1145 2872; x_wconf 88' lang='lat' dir='ltr'><strong>revera</strong></span> <span class='ocrx_word' id='word_1_244' title='bbox 1172 2828 1238 2871; x_wconf 89' lang='lat' dir='ltr'><strong>cru·</strong></span> 
     </span>
     <span class='ocr_line' id='line_1_27' title="bbox 78 2908 1237 2995; baseline 0.002 -24"><span class='ocrx_word' id='word_1_245' title='bbox 78 2909 176 2971; x_wconf 85' lang='lat' dir='ltr'><strong>cintus</strong></span> <span class='ocrx_word' id='word_1_246' title='bbox 203 2908 233 2972; x_wconf 94' lang='lat' dir='ltr'><strong>iu</strong></span> <span class='ocrx_word' id='word_1_247' title='bbox 252 2930 305 2972; x_wconf 89' lang='lat' dir='ltr'><strong>sua</strong></span> <span class='ocrx_word' id='word_1_248' title='bbox 329 2931 417 2974; x_wconf 90' lang='lat' dir='ltr'><strong>carno</strong></span> <span class='ocrx_word' id='word_1_249' title='bbox 441 2923 471 2974; x_wconf 89' lang='lat' dir='ltr'><strong>et</strong></span> <span class='ocrx_word' id='word_1_250' title='bbox 496 2913 625 2995; x_wconf 87' lang='lat' dir='ltr'><strong>perlecta</strong></span> <span class='ocrx_word' id='word_1_251' title='bbox 652 2909 776 2974; x_wconf 89' lang='lat' dir='ltr'><strong>bominis</strong></span> <span class='ocrx_word' id='word_1_252' title='bbox 801 2919 905 2972; x_wconf 91' lang='lat' dir='ltr'><strong>natura</strong></span> <span class='ocrx_word' id='word_1_253' title='bbox 928 2910 1084 2990; x_wconf 80' lang='lat' dir='ltr'><strong>sustinuit3</strong></span> <span class='ocrx_word' id='word_1_254' title='bbox 1117 2929 1188 2973; x_wconf 88' lang='lat' dir='ltr'><strong>uere</strong></span> <span class='ocrx_word' id='word_1_255' title='bbox 1208 2909 1237 2974; x_wconf 88' lang='lat' dir='ltr'><strong>in</strong></span> 
     </span>
     <span class='ocr_line' id='line_1_28' title="bbox 77 3011 1237 3097; baseline 0.003 -24"><span class='ocrx_word' id='word_1_256' title='bbox 77 3030 170 3073; x_wconf 89' lang='lat' dir='ltr'><strong>cruce</strong></span> <span class='ocrx_word' id='word_1_257' title='bbox 192 3031 295 3095; x_wconf 89' lang='lat' dir='ltr'><strong>passus</strong></span> <span class='ocrx_word' id='word_1_258' title='bbox 318 3021 382 3090; x_wconf 91' lang='lat' dir='ltr'><strong>est,</strong></span> <span class='ocrx_word' id='word_1_259' title='bbox 413 3013 453 3076; x_wconf 90' lang='lat' dir='ltr'><strong>ita</strong></span> <span class='ocrx_word' id='word_1_260' title='bbox 470 3012 603 3097; x_wconf 90' lang='lat' dir='ltr'><strong>quidem,</strong></span> <span class='ocrx_word' id='word_1_261' title='bbox 636 3012 711 3075; x_wconf 90' lang='lat' dir='ltr'><strong>utin</strong></span> <span class='ocrx_word' id='word_1_262' title='bbox 729 3031 764 3074; x_wconf 90' lang='lat' dir='ltr'><strong>eo</strong></span> <span class='ocrx_word' id='word_1_263' title='bbox 782 3011 920 3074; x_wconf 90' lang='lat' dir='ltr'><strong>divinitas</strong></span> <span class='ocrx_word' id='word_1_264' title='bbox 938 3012 1101 3090; x_wconf 85' lang='lat' dir='ltr'><strong>existeret,</strong></span> <span class='ocrx_word' id='word_1_265' title='bbox 1134 3011 1237 3076; x_wconf 87' lang='lat' dir='ltr'><strong>sedod</strong></span> 
     </span>
     <span class='ocr_line' id='line_1_29' title="bbox 77 3109 1239 3198; baseline 0.002 -24"><span class='ocrx_word' id='word_1_266' title='bbox 77 3109 246 3197; x_wconf 91' lang='lat' dir='ltr'><strong>patiendum</strong></span> <span class='ocrx_word' id='word_1_267' title='bbox 264 3112 382 3178; x_wconf 89' lang='lat' dir='ltr'><strong>minime</strong></span> <span class='ocrx_word' id='word_1_268' title='bbox 401 3133 468 3178; x_wconf 88' lang='lat' dir='ltr'><strong>sese</strong></span> <span class='ocrx_word' id='word_1_269' title='bbox 484 3124 693 3192; x_wconf 89' lang='lat' dir='ltr'><strong>converteret,</strong></span> <span class='ocrx_word' id='word_1_270' title='bbox 724 3113 776 3176; x_wconf 88' lang='lat' dir='ltr'><strong>sed</strong></span> <span class='ocrx_word' id='word_1_271' title='bbox 796 3113 941 3198; x_wconf 87' lang='lat' dir='ltr'><strong>passionis</strong></span> <span class='ocrx_word' id='word_1_272' title='bbox 959 3134 1069 3198; x_wconf 86' lang='lat' dir='ltr'><strong>expers</strong></span> <span class='ocrx_word' id='word_1_273' title='bbox 1088 3123 1118 3177; x_wconf 91' lang='lat' dir='ltr'><strong>et</strong></span> <span class='ocrx_word' id='word_1_274' title='bbox 1134 3113 1239 3176; x_wconf 86' lang='lat' dir='ltr'><strong>immu-</strong></span> 
     </span>
     <span class='ocr_line' id='line_1_30' title="bbox 77 3211 1239 3298; baseline 0.003 -22"><span class='ocrx_word' id='word_1_275' title='bbox 77 3211 177 3276; x_wconf 89' lang='lat' dir='ltr'><strong>tabilis</strong></span> <span class='ocrx_word' id='word_1_276' title='bbox 202 3227 344 3278; x_wconf 87' lang='lat' dir='ltr'><strong>maneret.</strong></span> <span class='ocrx_word' id='word_1_277' title='bbox 391 3212 458 3298; x_wconf 84' lang='lat' dir='ltr'><strong>Qua</strong></span> <span class='ocrx_word' id='word_1_278' title='bbox 476 3214 505 3278; x_wconf 91' lang='lat' dir='ltr'><strong>in</strong></span> <span class='ocrx_word' id='word_1_279' title='bbox 525 3236 559 3280; x_wconf 87' lang='lat' dir='ltr'><strong>no</strong></span> <span class='ocrx_word' id='word_1_280' title='bbox 576 3217 634 3279; x_wconf 90' lang='lat' dir='ltr'><strong>duo</strong></span> <span class='ocrx_word' id='word_1_281' title='bbox 655 3215 704 3278; x_wconf 90' lang='lat' dir='ltr'><strong>illa</strong></span> <span class='ocrx_word' id='word_1_282' title='bbox 726 3225 925 3280; x_wconf 85' lang='lat' dir='ltr'><strong>consentanea</strong></span> <span class='ocrx_word' id='word_1_283' title='bbox 947 3215 1112 3280; x_wconf 87' lang='lat' dir='ltr'><strong>certissime</strong></span> <span class='ocrx_word' id='word_1_284' title='bbox 1131 3213 1239 3279; x_wconf 90' lang='lat' dir='ltr'><strong>intelli·</strong></span> 
     </span>
     <span class='ocr_line' id='line_1_31' title="bbox 77 3317 1239 3402; baseline 0.004 -25"><span class='ocrx_word' id='word_1_285' title='bbox 77 3324 206 3400; x_wconf 78' lang='lat' dir='ltr'><strong>guutur,</strong></span> <span class='ocrx_word' id='word_1_286' title='bbox 240 3329 267 3380; x_wconf 91' lang='lat' dir='ltr'><strong>ut</strong></span> <span class='ocrx_word' id='word_1_287' title='bbox 285 3329 314 3380; x_wconf 91' lang='lat' dir='ltr'><strong>ct</strong></span> <span class='ocrx_word' id='word_1_288' title='bbox 331 3317 468 3382; x_wconf 76' lang='lat' dir='ltr'><strong>Christus</strong></span> <span class='ocrx_word' id='word_1_289' title='bbox 487 3339 538 3402; x_wconf 90' lang='lat' dir='ltr'><strong>pro</strong></span> <span class='ocrx_word' id='word_1_290' title='bbox 557 3317 641 3382; x_wconf 79' lang='lat' dir='ltr'><strong>euobis</strong></span> <span class='ocrx_word' id='word_1_291' title='bbox 660 3338 751 3381; x_wconf 90' lang='lat' dir='ltr'><strong>carne</strong></span> <span class='ocrx_word' id='word_1_292' title='bbox 766 3317 802 3380; x_wconf 89' lang='lat' dir='ltr'><strong>sit</strong></span> <span class='ocrx_word' id='word_1_293' title='bbox 821 3337 943 3402; x_wconf 88' lang='lat' dir='ltr'><strong>passus,</strong></span> <span class='ocrx_word' id='word_1_294' title='bbox 974 3327 1004 3380; x_wconf 89' lang='lat' dir='ltr'><strong>et</strong></span> <span class='ocrx_word' id='word_1_295' title='bbox 1019 3317 1166 3402; x_wconf 86' lang='lat' dir='ltr'><strong>passionis</strong></span> <span class='ocrx_word' id='word_1_296' title='bbox 1185 3337 1239 3382; x_wconf 83' lang='lat' dir='ltr'><strong>ex·</strong></span> 
     </span>
     <span class='ocr_line' id='line_1_32' title="bbox 78 3418 1239 3506; baseline 0.002 -26"><span class='ocrx_word' id='word_1_297' title='bbox 78 3438 149 3504; x_wconf 91' lang='lat' dir='ltr'><strong>pers</strong></span> <span class='ocrx_word' id='word_1_298' title='bbox 175 3419 372 3484; x_wconf 88' lang='lat' dir='ltr'><strong>indivinitate</strong></span> <span class='ocrx_word' id='word_1_299' title='bbox 392 3431 573 3506; x_wconf 88' lang='lat' dir='ltr'><strong>permaneat.</strong></span> <span class='ocrx_word' id='word_1_300' title='bbox 619 3418 689 3484; x_wconf 91' lang='lat' dir='ltr'><strong>Nou</strong></span> <span class='ocrx_word' id='word_1_301' title='bbox 711 3420 788 3504; x_wconf 90' lang='lat' dir='ltr'><strong>quod</strong></span> <span class='ocrx_word' id='word_1_302' title='bbox 814 3419 939 3482; x_wconf 89' lang='lat' dir='ltr'><strong>hominis</strong></span> <span class='ocrx_word' id='word_1_303' title='bbox 961 3428 1064 3483; x_wconf 86' lang='lat' dir='ltr'><strong>natura</strong></span> <span class='ocrx_word' id='word_1_304' title='bbox 1082 3441 1117 3482; x_wconf 92' lang='lat' dir='ltr'><strong>ac</strong></span> <span class='ocrx_word' id='word_1_305' title='bbox 1133 3418 1239 3484; x_wconf 83' lang='lat' dir='ltr'><strong>divini·</strong></span> 
     </span>
     <span class='ocr_line' id='line_1_33' title="bbox 78 3521 1239 3606; baseline 0 -22"><span class='ocrx_word' id='word_1_306' title='bbox 78 3532 126 3584; x_wconf 88' lang='lat' dir='ltr'><strong>tas</strong></span> <span class='ocrx_word' id='word_1_307' title='bbox 144 3532 296 3606; x_wconf 87' lang='lat' dir='ltr'><strong>separatae</strong></span> <span class='ocrx_word' id='word_1_308' title='bbox 314 3543 330 3584; x_wconf 92' lang='lat' dir='ltr'><strong>a</strong></span> <span class='ocrx_word' id='word_1_309' title='bbox 349 3524 524 3586; x_wconf 87' lang='lat' dir='ltr'><strong>seinvicem</strong></span> <span class='ocrx_word' id='word_1_310' title='bbox 551 3523 700 3601; x_wconf 87' lang='lat' dir='ltr'><strong>existant,</strong></span> <span class='ocrx_word' id='word_1_311' title='bbox 733 3543 837 3585; x_wconf 83' lang='lat' dir='ltr'><strong>verum</strong></span> <span class='ocrx_word' id='word_1_312' title='bbox 857 3521 970 3585; x_wconf 87' lang='lat' dir='ltr'><strong>tametsi</strong></span> <span class='ocrx_word' id='word_1_313' title='bbox 991 3543 1048 3585; x_wconf 90' lang='lat' dir='ltr'><strong>una</strong></span> <span class='ocrx_word' id='word_1_314' title='bbox 1068 3531 1149 3585; x_wconf 90' lang='lat' dir='ltr'><strong>esset</strong></span> <span class='ocrx_word' id='word_1_315' title='bbox 1164 3521 1239 3584; x_wconf 89' lang='lat' dir='ltr'><strong>divi-</strong></span> 
     </span>
     <span class='ocr_line' id='line_1_34' title="bbox 77 3621 1232 3710; baseline 0 -24"><span class='ocrx_word' id='word_1_316' title='bbox 77 3622 172 3700; x_wconf 86' lang='lat' dir='ltr'><strong>nitas,</strong></span> <span class='ocrx_word' id='word_1_317' title='bbox 205 3622 275 3686; x_wconf 89' lang='lat' dir='ltr'><strong>nibil</strong></span> <span class='ocrx_word' id='word_1_318' title='bbox 296 3621 332 3686; x_wconf 92' lang='lat' dir='ltr'><strong>ob</strong></span> <span class='ocrx_word' id='word_1_319' title='bbox 352 3622 498 3688; x_wconf 90' lang='lat' dir='ltr'><strong>sinceram</strong></span> <span class='ocrx_word' id='word_1_320' title='bbox 524 3635 552 3686; x_wconf 91' lang='lat' dir='ltr'><strong>et</strong></span> <span class='ocrx_word' id='word_1_321' title='bbox 573 3623 829 3710; x_wconf 85' lang='lat' dir='ltr'><strong>incomparabilem</strong></span> <span class='ocrx_word' id='word_1_322' title='bbox 856 3633 987 3686; x_wconf 88' lang='lat' dir='ltr'><strong>naturam</strong></span> <span class='ocrx_word' id='word_1_323' title='bbox 1012 3634 1058 3688; x_wconf 90' lang='lat' dir='ltr'><strong>est</strong></span> <span class='ocrx_word' id='word_1_324' title='bbox 1082 3643 1232 3708; x_wconf 88' lang='lat' dir='ltr'><strong>perpessa.</strong></span> 
     </span>
     <span class='ocr_line' id='line_1_35' title="bbox 77 3721 1233 3810; baseline 0.003 -23"><span class='ocrx_word' id='word_1_325' title='bbox 77 3725 122 3788; x_wconf 83' lang='lat' dir='ltr'><strong>At</strong></span> <span class='ocrx_word' id='word_1_326' title='bbox 138 3721 274 3788; x_wconf 84' lang='lat' dir='ltr'><strong>Christus</strong></span> <span class='ocrx_word' id='word_1_327' title='bbox 292 3735 323 3788; x_wconf 91' lang='lat' dir='ltr'><strong>et</strong></span> <span class='ocrx_word' id='word_1_328' title='bbox 337 3725 365 3788; x_wconf 92' lang='lat' dir='ltr'><strong>ln</strong></span> <span class='ocrx_word' id='word_1_329' title='bbox 387 3747 476 3790; x_wconf 89' lang='lat' dir='ltr'><strong>carne</strong></span> <span class='ocrx_word' id='word_1_330' title='bbox 494 3747 597 3810; x_wconf 89' lang='lat' dir='ltr'><strong>passus</strong></span> <span class='ocrx_word' id='word_1_331' title='bbox 616 3738 680 3803; x_wconf 83' lang='lat' dir='ltr'><strong>est,</strong></span> <span class='ocrx_word' id='word_1_332' title='bbox 704 3736 735 3789; x_wconf 91' lang='lat' dir='ltr'><strong>et</strong></span> <span class='ocrx_word' id='word_1_333' title='bbox 753 3727 782 3788; x_wconf 90' lang='lat' dir='ltr'><strong>in</strong></span> <span class='ocrx_word' id='word_1_334' title='bbox 800 3727 902 3790; x_wconf 91' lang='lat' dir='ltr'><strong>eadem</strong></span> <span class='ocrx_word' id='word_1_335' title='bbox 921 3737 1016 3789; x_wconf 93' lang='lat' dir='ltr'><strong>morte</strong></span> <span class='ocrx_word' id='word_1_336' title='bbox 1033 3735 1080 3790; x_wconf 88' lang='lat' dir='ltr'><strong>est</strong></span> <span class='ocrx_word' id='word_1_337' title='bbox 1097 3727 1233 3805; x_wconf 86' lang='lat' dir='ltr'><strong>allectus,</strong></span> 
     </span>
     <span class='ocr_line' id='line_1_36' title="bbox 78 3825 1236 3913; baseline 0.003 -23"><span class='ocrx_word' id='word_1_338' title='bbox 78 3847 145 3890; x_wconf 87' lang='lat' dir='ltr'><strong>cum</strong></span> <span class='ocrx_word' id='word_1_339' title='bbox 168 3825 284 3890; x_wconf 87' lang='lat' dir='ltr'><strong>interim</strong></span> <span class='ocrx_word' id='word_1_340' title='bbox 311 3828 464 3892; x_wconf 87' lang='lat' dir='ltr'><strong>divinitate</strong></span> <span class='ocrx_word' id='word_1_341' title='bbox 487 3829 549 3912; x_wconf 89' lang='lat' dir='ltr'><strong>ipsa</strong></span> <span class='ocrx_word' id='word_1_342' title='bbox 571 3827 687 3893; x_wconf 88' lang='lat' dir='ltr'><strong>viveret</strong></span> <span class='ocrx_word' id='word_1_343' title='bbox 709 3849 744 3892; x_wconf 93' lang='lat' dir='ltr'><strong>ac</strong></span> <span class='ocrx_word' id='word_1_344' title='bbox 771 3839 903 3892; x_wconf 91' lang='lat' dir='ltr'><strong>mortuos</strong></span> <span class='ocrx_word' id='word_1_345' title='bbox 929 3827 1093 3905; x_wconf 82' lang='lat' dir='ltr'><strong>excitaret,</strong></span> <span class='ocrx_word' id='word_1_346' title='bbox 1129 3846 1236 3913; x_wconf 85' lang='lat' dir='ltr'><strong>corpus</strong></span> 
     </span>
     <span class='ocr_line' id='line_1_37' title="bbox 77 3929 1237 4016; baseline 0.003 -24"><span class='ocrx_word' id='word_1_347' title='bbox 77 3947 150 3992; x_wconf 83' lang='lat' dir='ltr'><strong>uero</strong></span> <span class='ocrx_word' id='word_1_348' title='bbox 167 3949 199 3990; x_wconf 92' lang='lat' dir='ltr'><strong>rc</strong></span> <span class='ocrx_word' id='word_1_349' title='bbox 220 3950 289 3992; x_wconf 87' lang='lat' dir='ltr'><strong>vera</strong></span> <span class='ocrx_word' id='word_1_350' title='bbox 306 3930 449 4016; x_wconf 90' lang='lat' dir='ltr'><strong>sepultum</strong></span> <span class='ocrx_word' id='word_1_351' title='bbox 468 3951 502 3994; x_wconf 92' lang='lat' dir='ltr'><strong>ac</strong></span> <span class='ocrx_word' id='word_1_352' title='bbox 521 3930 617 3994; x_wconf 90' lang='lat' dir='ltr'><strong>triduo</strong></span> <span class='ocrx_word' id='word_1_353' title='bbox 635 3929 731 3993; x_wconf 88' lang='lat' dir='ltr'><strong>anima</strong></span> <span class='ocrx_word' id='word_1_354' title='bbox 749 3952 855 3996; x_wconf 86' lang='lat' dir='ltr'><strong>careus</strong></span> <span class='ocrx_word' id='word_1_355' title='bbox 874 3941 903 3994; x_wconf 89' lang='lat' dir='ltr'><strong>et</strong></span> <span class='ocrx_word' id='word_1_356' title='bbox 919 3930 1021 4016; x_wconf 89' lang='lat' dir='ltr'><strong>spiritu</strong></span> <span class='ocrx_word' id='word_1_357' title='bbox 1041 3941 1179 4014; x_wconf 89' lang='lat' dir='ltr'><strong>motuque</strong></span> <span class='ocrx_word' id='word_1_358' title='bbox 1193 3930 1237 3996; x_wconf 89' lang='lat' dir='ltr'><strong>ia·</strong></span> 
     </span>
     <span class='ocr_line' id='line_1_38' title="bbox 77 4031 1232 4117; baseline 0.004 -23"><span class='ocrx_word' id='word_1_359' title='bbox 77 4041 174 4109; x_wconf 83' lang='lat' dir='ltr'><strong>neret,</strong></span> <span class='ocrx_word' id='word_1_360' title='bbox 207 4031 376 4102; x_wconf 85' lang='lat' dir='ltr'><strong>obvolutum</strong></span> <span class='ocrx_word' id='word_1_361' title='bbox 398 4032 540 4109; x_wconf 88' lang='lat' dir='ltr'><strong>oiudoue,</strong></span> <span class='ocrx_word' id='word_1_362' title='bbox 575 4032 841 4096; x_wconf 86' lang='lat' dir='ltr'><strong>iornouumentum</strong></span> <span class='ocrx_word' id='word_1_363' title='bbox 866 4034 1048 4117; x_wconf 89' lang='lat' dir='ltr'><strong>depositum,</strong></span> <span class='ocrx_word' id='word_1_364' title='bbox 1081 4033 1232 4099; x_wconf 89' lang='lat' dir='ltr'><strong>occlusum</strong></span> 
     </span>
     <span class='ocr_line' id='line_1_39' title="bbox 79 4131 1235 4219; baseline 0.003 -22"><span class='ocrx_word' id='word_1_365' title='bbox 79 4134 171 4219; x_wconf 91' lang='lat' dir='ltr'><strong>lapide</strong></span> <span class='ocrx_word' id='word_1_366' title='bbox 188 4153 222 4196; x_wconf 89' lang='lat' dir='ltr'><strong>ac</strong></span> <span class='ocrx_word' id='word_1_367' title='bbox 238 4133 342 4217; x_wconf 80' lang='lat' dir='ltr'><strong>sigillis</strong></span> <span class='ocrx_word' id='word_1_368' title='bbox 359 4133 555 4218; x_wconf 84' lang='lat' dir='ltr'><strong>obsignatum.</strong></span> <span class='ocrx_word' id='word_1_369' title='bbox 601 4131 708 4217; x_wconf 85' lang='lat' dir='ltr'><strong>Neque</strong></span> <span class='ocrx_word' id='word_1_370' title='bbox 730 4155 802 4197; x_wconf 86' lang='lat' dir='ltr'><strong>vero</strong></span> <span class='ocrx_word' id='word_1_371' title='bbox 827 4135 890 4219; x_wconf 87' lang='lat' dir='ltr'><strong>ipsa</strong></span> <span class='ocrx_word' id='word_1_372' title='bbox 908 4145 955 4198; x_wconf 88' lang='lat' dir='ltr'><strong>est</strong></span> <span class='ocrx_word' id='word_1_373' title='bbox 974 4135 1112 4200; x_wconf 89' lang='lat' dir='ltr'><strong>conclusa</strong></span> <span class='ocrx_word' id='word_1_374' title='bbox 1130 4136 1235 4200; x_wconf 89' lang='lat' dir='ltr'><strong>divini-</strong></span> 
     </span>
     <span class='ocr_line' id='line_1_40' title="bbox 78 4235 1234 4320; baseline 0.007 -22"><span class='ocrx_word' id='word_1_375' title='bbox 78 4248 125 4298; x_wconf 90' lang='lat' dir='ltr'><strong>tas</strong></span> <span class='ocrx_word' id='word_1_376' title='bbox 140 4246 188 4297; x_wconf 91' lang='lat' dir='ltr'><strong>aot</strong></span> <span class='ocrx_word' id='word_1_377' title='bbox 204 4236 334 4320; x_wconf 88' lang='lat' dir='ltr'><strong>sepulta,</strong></span> <span class='ocrx_word' id='word_1_378' title='bbox 366 4237 417 4300; x_wconf 85' lang='lat' dir='ltr'><strong>sed</strong></span> <span class='ocrx_word' id='word_1_379' title='bbox 436 4259 500 4298; x_wconf 89' lang='lat' dir='ltr'><strong>cum</strong></span> <span class='ocrx_word' id='word_1_380' title='bbox 519 4235 703 4300; x_wconf 88' lang='lat' dir='ltr'><strong>sanctissima</strong></span> <span class='ocrx_word' id='word_1_381' title='bbox 725 4235 790 4300; x_wconf 89' lang='lat' dir='ltr'><strong>eins</strong></span> <span class='ocrx_word' id='word_1_382' title='bbox 808 4236 904 4300; x_wconf 89' lang='lat' dir='ltr'><strong>anima</strong></span> <span class='ocrx_word' id='word_1_383' title='bbox 927 4237 962 4300; x_wconf 88' lang='lat' dir='ltr'><strong>ad</strong></span> <span class='ocrx_word' id='word_1_384' title='bbox 978 4237 1089 4302; x_wconf 83' lang='lat' dir='ltr'><strong>interos</strong></span> <span class='ocrx_word' id='word_1_385' title='bbox 1112 4240 1234 4306; x_wconf 89' lang='lat' dir='ltr'><strong>descen·</strong></span> 
     </span>
    </p>
   </div>
   <div class='ocr_carea' id='block_1_3' title="bbox 79 4336 1349 4467">
    <p class='ocr_par' dir='ltr' id='par_1_3' title="bbox 79 4336 1349 4467">
     <span class='ocr_line' id='line_1_41' title="bbox 79 4336 1347 4455; baseline 0.002 -55"><span class='ocrx_word' id='word_1_386' title='bbox 79 4337 139 4412; x_wconf 92' lang='lat' dir='ltr'><strong>dit,</strong></span> <span class='ocrx_word' id='word_1_387' title='bbox 168 4336 353 4421; x_wconf 90' lang='lat' dir='ltr'><strong>indidemque</strong></span> <span class='ocrx_word' id='word_1_388' title='bbox 371 4339 501 4421; x_wconf 84' lang='lat' dir='ltr'><strong>captivas</strong></span> <span class='ocrx_word' id='word_1_389' title='bbox 524 4337 638 4403; x_wconf 84' lang='lat' dir='ltr'><strong>animas</strong></span> <span class='ocrx_word' id='word_1_390' title='bbox 656 4337 780 4424; x_wconf 89' lang='lat' dir='ltr'><strong>cripuit,</strong></span> <span class='ocrx_word' id='word_1_391' title='bbox 815 4342 958 4402; x_wconf 77' lang='lat' dir='ltr'><strong>etinctum</strong></span> <span class='ocrx_word' id='word_1_392' title='bbox 982 4345 1228 4426; x_wconf 77' lang='lat' dir='ltr'><strong>mortirnlrfregn&#39;t,</strong></span> <span class='ocrx_word' id='word_1_393' title='bbox 1266 4357 1347 4455; x_wconf 48' lang='lat' dir='ltr'><strong>qscqp</strong></span> 
     </span>
     <span class='ocr_line' id='line_1_42' title="bbox 1295 4439 1349 4467; baseline 0 -11"><span class='ocrx_word' id='word_1_394' title='bbox 1295 4441 1303 4467; x_wconf 88' lang='lat'><strong>,</strong></span> <span class='ocrx_word' id='word_1_395' title='bbox 1342 4439 1349 4456; x_wconf 93' lang='lat'><strong>.</strong></span> 
     </span>
    </p>
   </div>
   <div class='ocr_carea' id='block_1_4' title="bbox 113 4469 878 4547">
    <p class='ocr_par' dir='ltr' id='par_1_4' title="bbox 113 4469 878 4547">
     <span class='ocr_line' id='line_1_43' title="bbox 113 4469 878 4547; baseline -0.001 -21"><span class='ocrx_word' id='word_1_396' title='bbox 113 4474 137 4526; x_wconf 78' lang='grc'><strong>8.</strong></span> <span class='ocrx_word' id='word_1_397' title='bbox 153 4473 206 4530; x_wconf 79' lang='lat' dir='ltr'><strong>rut</strong></span> <span class='ocrx_word' id='word_1_398' title='bbox 228 4469 370 4547; x_wconf 67' lang='lat' dir='ltr'><strong>melpum&lt;</strong></span> <span class='ocrx_word' id='word_1_399' title='bbox 384 4489 472 4530; x_wconf 86' lang='lat' dir='ltr'><strong>nonum</strong></span> <span class='ocrx_word' id='word_1_400' title='bbox 494 4481 566 4546; x_wconf 81' lang='lat' dir='ltr'><strong>ooput</strong></span> <span class='ocrx_word' id='word_1_401' title='bbox 580 4478 663 4540; x_wconf 80' lang='lat' dir='ltr'><strong>tuctptt</strong></span> <span class='ocrx_word' id='word_1_402' title='bbox 678 4477 705 4526; x_wconf 82' lang='lat' dir='ltr'><strong>tu</strong></span> <span class='ocrx_word' id='word_1_403' title='bbox 722 4477 776 4528; x_wconf 79' lang='grc' dir='ltr'>ιιιιι.</span> <span class='ocrx_word' id='word_1_404' title='bbox 795 4477 878 4530; x_wconf 82' lang='lat' dir='ltr'><strong>Pcton</strong></span> 
     </span>
    </p>
   </div>
   <div class='ocr_carea' id='block_1_5' title="bbox 0 0 1549 5016">
    <p class='ocr_par' dir='ltr' id='par_1_5' title="bbox 0 0 1549 5016">
     <span class='ocr_line' id='line_1_44' title="bbox 0 0 1549 5016; baseline 0 0"><span class='ocrx_word' id='word_1_405' title='bbox 0 0 1549 5016; x_wconf 95' lang='lat' dir='ltr'><strong> </strong></span> 
     </span>
    </p>
   </div>
  </div>
 </body>
</html>
