3068 5008
542 314 651 371 tttotx
669 317 798 372 888081.
1190 304 1251 370 787

126 449 210 488 morea
227 447 254 490 et
271 435 370 490 babltoa
383 441 442 502 788.
459 465 492 480 ·-
526 437 654 507 detegitur
692 436 776 489 Ariani
800 435 931 506 epistolam
956 437 988 489 ad
1007 437 1134 490 llebraeoa
1150 437 1251 490 mneo-

128 521 260 572 ableletio
269 521 404 575 Thebaidis
417 523 538 594 episcopo
551 523 652 576 ibid-
725 523 785 573 bant
804 525 862 574 780.

128 607 355 662 excommunicetur
372 627 427 660 cum
451 609 502 661 auia
520 609 654 662 aectatori-
691 607 837 659 orianorum
854 605 963 660 obiectio
979 625 1009 659 ea
1027 611 1047 661 Ι.
1073 607 1187 660 Corinth.
1210 609 1252 660 ubi

127 691 173 742 bue
189 691 249 742 ibid.
262 721 293 732 -
312 692 461 746 Alexandria
471 693 599 746 discedere
613 694 653 744 lu·
723 691 756 743 du
780 703 934 744 mortuorum
964 692 1145 745 rmumctionc
1170 692 1254 762 egitur

128 775 202 828 betur
217 776 318 829 ibid-
340 778 432 830 multoe
445 779 471 831 in
488 779 602 830 frendent
614 777 655 829 in·
726 781 782 828 788.
796 805 828 820 ·-
845 778 897 828 eine
913 777 1006 829 eolutin
1024 781 1073 829 788
1090 786 1116 828 et
1129 779 1187 829 800.
1202 781 1251 829 801

130 859 197 913 ducit
215 865 271 914 780.
288 891 322 903 -
356 864 423 932 fugit
448 865 473 915 iu
491 863 655 915 Palaestinam
725 873 751 914 et
769 865 827 913 808.
846 891 877 904 -
912 861 1003 914 iterum
1024 862 1073 916 ulia
1096 861 1205 914 obiectio
1224 879 1253 914 ex

128 945 189 999 ibid.
206 976 237 988 -
274 947 417 1000 Alexander
440 949 572 1018 episcopua
599 948 655 1017 epl-
725 947 824 1000 loannis
842 946 930 1016 quinto
947 947 1045 1017 capite,
1070 957 1097 998 et
1110 945 1164 998 eiua
1182 945 1254 998 relu-

128 1031 205 1082 atolea
221 1031 360 1101 encyclicae
385 1033 417 1085 ad
440 1033 573 1102 epiecopot
590 1033 656 1084 mitit
725 1032 790 1084 tatio
807 1035 865 1084 808.

128 1115 188 1167 ibid.
203 1145 235 1158 -
252 1127 313 1185 quot
328 1135 431 1170 numero
446 1118 541 1171 fuerint
555 1117 654 1169 ibid·
693 1117 776 1170 Ariani
793 1116 932 1169 Hebralcae
948 1117 1048 1185 lingone
1063 1116 1159 1186 ignari,
1187 1116 1255 1168 caina

128 1201 180 1253 erit
198 1201 310 1253 leutorce
327 1219 431 1272 qucrurn
448 1203 565 1272 princepe
579 1205 657 1254 Euae-
726 1219 815 1254 vocum
831 1201 868 1253 ric
884 1202 1052 1270 expendenda
1070 1206 1128 1254 748.

127 1287 183 1338 bine
200 1287 362 1340 Nicomediae
387 1289 519 1358 episcopua
543 1287 605 1341 ibid.
622 1317 656 1328 -—
695 1287 778 1339 Ariani
792 1287 934 1340 refutantur
956 1287 1021 1340 circa
1043 1287 1212 1340 obiectionem
1223 1287 1256 1338 de

129 1371 181 1423 Arii
195 1371 302 1440 epietola
317 1391 365 1444 qna
380 1391 450 1425 enum
467 1373 559 1442 dogma
574 1373 658 1443 expli·
727 1371 932 1424 consubamntiali
947 1373 1026 1425 verbo
1043 1376 1098 1424 788.
1118 1399 1149 1413 -
1185 1371 1255 1424 Cou-

130 1459 294 1509 811788-
338 1459 386 1510 elia
413 1457 520 1527 epistola
546 1459 657 1510 eioeden
726 1456 895 1508 aubatantialia
910 1457 1060 1510 vocabulum
1076 1468 1116 1510 eat
1139 1473 1255 1510 uocem-

129 1541 162 1593 ud
188 1541 354 1594 Alexandrum
375 1547 431 1594 788.
450 1571 483 1584 -
525 1542 571 1596 aed
589 1545 656 1596 (lou-
727 1539 791 1592 rium
809 1545 867 1594 787.

128 1627 251 1678 ιῑιυῑίηιιι
269 1625 420 1697 encyclicam
437 1627 568 1697 epietolanr
594 1629 656 1680 ecri-
693 1623 842 1680 Arianorum
858 1639 950 1696 quante
966 1626 1088 1680 mlliditaa
1102 1627 1127 1680 io
1149 1627 1255 1680 circum·

129 1711 180 1780 pult
195 1719 281 1764 contra
298 1712 382 1764 Arium
396 1717 454 1764 784.
464 1741 499 1754 -
525 1713 575 1766 erit
592 1731 658 1765 more
726 1710 856 1762 veniendi:
865 1711 1056 1781 simplicioribus
1066 1713 1255 1765 mentibualbl.

131 1799 189 1848 788.
210 1825 243 1838 -··
285 1797 396 1850 [limene
427 1798 538 1868 cynodue
572 1809 659 1852 contra
694 1795 799 1848 Arianae
814 1797 945 1850 boereecce
958 1797 1139 1850 cmtlutetionie
1152 1797 1256 1850 conclu·

130 1881 236 1934 Arianoe
258 1881 319 1934 ibid.
337 1909 370 1924 -
411 1883 499 1951 quibua
522 1883 659 1952 eoriptume
726 1881 764 1932 eio
786 1881 818 1932 ub
837 1881 1019 1934 illuminatione
1041 1900 1087 1951 per
1102 1891 1202 1951 aputunr
1224 1898 1256 1934 ex

131 1967 194 2019 lucie
212 1983 323 2019 errorem
341 1985 411 2020 cuum
427 1968 585 2020 confirmaret
602 1973 660 2021 788.

130 2081 163 2094 -
181 2053 329 2105 brianonum
341 2052 451 2106 baereeia
464 2069 535 2105 cura
551 2053 600 2105 deo
614 2065 659 2106 tn·

129 2138 209 2189 lemtu
226 2141 282 2190 787.
301 2167 332 2179 -
358 2155 444 2190 eorum
462 2139 572 2190 fautore·
586 2139 656 2207 ptin-

131 2223 199 2291 cipoe
215 2223 277 2274 ibid.

94 2325 243 2378 Arianorum
267 2325 461 2376 17881788.-
503 2343 590 2377 eorum
615 2327 659 2377 fir-

129 2422 281 2462 mamentum
297 2409 359 2462 ibiul.
378 2437 410 2450 -
438 2427 525 2462 eorum
539 2410 658 2479 blesphe-

130 2494 180 2546 mie
196 2496 229 2547 de
254 2493 306 2546 filio
329 2494 370 2546 dei
394 2495 455 2547 ibid.
474 2524 506 2535 -
548 2495 659 2563 cuptioca

130 2580 211 2632 oratio
224 2583 281 2631 788.
304 2605 331 2620 -
357 2580 409 2631 elue
423 2580 543 2632 refutatio
558 2583 615 2633 740.
626 2608 660 2621 -

131 2665 279 2718 Ariaoorunr
294 2663 448 2731 objectiones
467 2669 524 2716 748.
543 2693 572 2705 -
603 2663 659 2715 nni-

130 2767 196 2801 marn
229 2749 362 2802 humanam
395 2748 530 2802 detrahunt
559 2747 659 2800 Chriato

133 2838 190 2887 748.

92 2935 182 2990 Ariani
208 2937 346 2990 catholicoe
368 2949 394 2988 et
424 2935 506 2988 verbia
531 2945 557 2986 et
585 2933 660 2987 armis

131 3033 312 3092 peraequantur
329 3025 387 3074 885.

94 3124 150 3176 Arii
170 3141 238 3175 mora
260 3124 368 3193 prodigii
385 3123 472 3174 aimilia
489 3134 515 3174 et
532 3141 546 3174 n
570 3123 619 3174 deo
634 3123 659 3173 in

132 3209 253 3262 ultionem
269 3210 377 3262 immine
393 3213 449 3261 788.

93 3311 245 3366 Arieoorum
260 3313 342 3364 variae
358 3310 510 3364 obiectione·
526 3311 607 3381 prima
622 3319 661 3361 eet

132 3397 166 3448 de
178 3397 234 3449 eolo
249 3407 274 3449 et
288 3416 349 3450 vero
362 3397 411 3450 deo
427 3401 484 3450 701.
499 3427 530 3438 ·-
560 3394 594 3448 de
609 3396 660 3447 filio

132 3494 218 3534 creato
236 3487 294 3534 788.
311 3511 343 3523 -—
378 3501 408 3534 ex
427 3483 525 3535 louunie
541 3483 559 3534 l.
578 3482 660 3552 capito

132 3571 191 3619 888.
206 3595 240 3608 -
265 3577 292 3619 et
309 3567 361 3621 ciue
377 3569 468 3620 aolutio
487 3571 544 3620 788.
561 3596 595 3608 -
629 3585 660 3619 ex

132 3653 236 3706 Aetibtu
267 3653 439 3723 epootolornnu
466 3657 523 3705 784.
549 3681 584 3694 -
631 3671 662 3704 ex

131 3739 254 3790 blettbaei
271 3739 401 3808 evangelio
425 3743 482 3792 788.
502 3767 531 3778 ·-
568 3755 599 3789 ex
618 3741 661 3789 ln-

132 3823 204 3877 eunia
222 3825 353 3892 evengello
377 3824 409 3876 de
435 3824 552 3876 mittente
568 3821 663 3874 maiore

130 3909 328 3964 1878ιί71778-
347 3909 400 3961 eiua
412 3908 542 3979 reapoorin
554 3913 611 3962 778.
631 3935 662 3949 -

133 3995 195 4046 item
218 3995 250 4046 de
273 3996 389 4046 mittente
412 3993 525 4045 diealmlli
547 4011 562 4046 e
586 3993 663 4046 urben

135 4077 198 4130 ibid.
219 4107 248 4120 -·
283 4097 314 4131 ex
332 4079 430 4130 lnanoia
448 4083 490 4132 80.
508 4079 599 4147 capite,
613 4095 663 4148 quo

135 4163 248 4216 Chriatna
265 4163 328 4216 dicit
347 4163 423 4216 deum
439 4162 520 4216 meum
537 4168 594 4216 777.

94 4265 248 4320 Alienorum
263 4276 332 4318 eecta
345 4267 371 4318 in
385 4277 436 4318 trea
448 4265 571 4318 lectione·
585 4265 664 4318 divin

133 4354 192 4404 870.
213 4380 243 4391 -
277 4368 309 4404 ex
334 4351 365 4404 iia
388 4351 430 4421 qui
453 4351 548 4403 luerint
572 4350 664 4404 occulti

132 4437 258 4505 fingentes
272 4454 300 4490 ee
315 4453 370 4488 oeae
385 4436 541 4489 orthodoxae
553 4440 612 4488 871.
634 4465 659 4475 -

132 4539 198 4591 quae
212 4521 288 4574 luerit
302 4539 389 4576 eorum
403 4521 465 4574 fide·
479 4521 521 4592 qul
535 4519 663 4574 wacon

132 4607 237 4660 fueruat
254 4606 399 4676 congregati
414 4605 476 4660 ibid.

727 1965 858 2033 evangelio
876 1969 976 2019 loanni:
994 1971 1051 2019 808.

697 2049 779 2102 drieni
812 2063 904 2119 negant
929 2051 1037 2104 animant
1062 2063 1214 2122 aaeumptam
1241 2071 1256 2106 e

729 2135 951 2188 0111010771.-
985 2137 1030 2189 red
1047 2137 1151 2190 Arianuu
1172 2137 1257 2190 lullu-

728 2219 824 2272 cioatuc
836 2220 935 2274 videtur
946 2219 972 2273 in
984 2222 1071 2274 haiae
1082 2222 1139 2275 loon
1155 2221 1257 2276 citando

728 2309 786 2356 778.
804 2333 840 2345 -
873 2317 898 2357 et
922 2323 986 2377 quae
1008 2307 1041 2359 de
1067 2317 1140 2376 patre
1159 2308 1257 2376 tropice

728 2389 860 2453 dicuutur,
886 2408 930 2442 nur
945 2409 995 2446 non
1013 2391 1045 2442 de
1063 2391 1119 2444 lilio
1144 2393 1258 2446 aimilitcr

728 2487 877 2544 usurpentur
890 2475 951 2528 ibid.

696 2560 780 2612 Adoni
804 2561 837 2612 de
869 2561 959 2630 spiritu
993 2573 1082 2615 aancto
1114 2579 1257 2632 pervortam

728 2643 820 2712 dogma
839 2646 965 2698 refutatur
982 2651 1039 2699 777.
1059 2675 1094 2688 -··
1126 2665 1182 2700 eom
1205 2665 1257 2702 nott

728 2747 784 2781 eaae
809 2741 919 2783 meatum
942 2735 1000 2784 778.
1018 2759 1050 2772 ·-
1084 2750 1115 2784 ex
1136 2731 1257 2786 ldattlraei
1301 2755 1308 2770 ·

728 2819 769 2866 10.
796 2816 878 2884 capite
912 2817 1020 2868 obiectio
1051 2816 1084 2868 de
1110 2817 1166 2870 aoln
1189 2817 1257 2870 bono

728 2899 777 2952 dcc
804 2905 861 2952 780.
887 2927 918 2942 -
959 2901 1016 2970 quia
1042 2902 1121 2955 multa
1144 2902 1211 2954 bona
1231 2903 1257 2956 in

727 2985 857 3054 aoripturia
880 2985 1039 3056 appellantur
1059 2991 1117 3039 781.
1136 3015 1169 3028 -
1210 2989 1258 3040 alia

728 3071 839 3123 obiectio
861 3087 891 3122 ex
915 3071 1036 3124 Mettbaei
1062 3075 1103 3124 80.
1130 3081 1157 3123 et
1179 3073 1258 3125 Merui

730 3160 769 3207 10.
788 3157 820 3208 de
842 3155 899 3208 filiie
919 3155 1042 3208 Zebedaei
1063 3157 1124 3210 ibid.
1150 3185 1183 3199 -
1215 3158 1259 3228 qui

701 3259 704 3266 ⁴
728 3242 799 3296 locus
825 3241 962 3309 explicetur
986 3246 1043 3294 788.
1073 3273 1106 3284 -
1149 3243 1259 3296 obiectio

729 3327 762 3378 do
778 3327 877 3379 Glrriato
890 3327 1009 3380 arucitato
1022 3344 1053 3380 ex
1066 3328 1170 3380 mortula
1181 3347 1196 3380 a
1209 3328 1258 3382 deo

728 3411 791 3464 ibid.
815 3441 848 3452 -
898 3411 945 3463 ulla
971 3429 1002 3463 ex
1032 3414 1114 3466 Lucae
1146 3419 1188 3466 tt.
1213 3431 1257 3466 ca-

730 3497 783 3566 pite
795 3496 828 3548 de
843 3495 941 3548 curato
953 3507 1041 3550 orante
1055 3509 1152 3566 putrem
1160 3503 1217 3552 784.
1226 3527 1258 3542 ·-

729 3581 779 3635 alia
800 3581 833 3634 de
857 3581 949 3634 auxilio
973 3583 1118 3651 angelorum
1142 3587 1200 3637 788.
1223 3612 1258 3626 -

730 3687 775 3721 cur
790 3667 903 3720 Chrietua
918 3667 944 3720 in
959 3686 990 3720 eo
1007 3678 1036 3720 ut
1051 3669 1077 3722 in
1094 3669 1184 3722 ceteri·
1198 3687 1259 3740 pee-

729 3753 811 3806 aionea
831 3755 951 3808 burnanaa
979 3755 1117 3823 auaceperit
1138 3753 1200 3806 ibid.
1226 3783 1258 3796 ·-

731 3838 858 3908 quomodo
887 3840 988 3908 angelus
1007 3839 1131 3892 Christum
1152 3841 1259 3892 anulor-

731 3934 797 3976 taaae
822 3923 913 3976 dicitur
936 3929 993 3978 788.
1010 3953 1044 3966 -
1076 3923 1126 3977 alia
1150 3925 1259 3980 obiectio

732 4009 765 4060 do
782 4008 882 4062 Chriato
903 4008 1006 4078 lugente
1030 4011 1097 4079 quod
1124 4027 1139 4062 a
1162 4009 1212 4062 deo
1226 4011 1260 4064 ait

731 4093 863 4146 derelicto·
882 4097 940 4146 787.
964 4123 997 4134 -
1040 4093 1086 4146 aed
1108 4094 1209 4147 humani
1233 4096 1259 4148 in

733 4178 832 4230 Chaieto
846 4177 951 4232 ellectua
968 4179 1045 4230 fuieee
1054 4179 1260 4248 probarentne.

731 4291 763 4304 -·
788 4273 815 4314 et
829 4262 882 4315 eiua
895 4265 978 4316 anima
993 4264 1026 4316 ed
1039 4264 1136 4320 inleroe
1151 4265 1260 4318 duacen-

730 4349 770 4400 dit
786 4351 844 4400 788.
861 4377 893 4388 -
928 4360 954 4401 et
973 4349 1078 4404 occloaia
1104 4351 1200 4404 loribua
1216 4351 1259 4404 iu-

730 4451 829 4503 greum
846 4445 884 4486 eat
903 4438 959 4488 781.
979 4463 1009 4476 -
1043 4447 1070 4488 et
1085 4453 1130 4489 cur
1144 4437 1170 4490 in
1186 4455 1259 4490 ontoe

729 4519 823 4587 partim
837 4519 976 4584 Hebraico,
1003 4521 1095 4589 partim
1107 4521 1210 4591 Syriaco
1225 4521 1259 4573 eit

729 4603 828 4656 locutua
841 4607 898 4660 788.
923 4633 949 4647 -
984 4605 1033 4662 alia
1047 4606 1157 4660 obiectio
1170 4624 1201 4660 ex
1214 4607 1257 4660 lo·
