3082 5006
410 311 821 366 aauunumuurmuu.
840 311 983 362 usuam.
1238 295 1277 362 ra

112 429 161 494 itu
181 431 338 496 consistat.
385 429 446 496 Sed
471 433 571 497 inesse
591 431 708 516 quidem
728 432 757 495 in
777 430 894 494 homine
912 430 1033 494 omuino
1053 430 1201 494 latendum
1217 440 1276 512 est,

112 551 151 594 ne
165 531 298 598 diuinum
312 535 485 599 beuelinlum
499 535 637 598 tollamus
651 534 790 610 emedio,
811 555 845 596 ae
860 532 905 596 dei
919 533 1089 596 auctoritati
1104 533 1275 596 dilddaruns.

112 629 326 720 Quaecumque
353 638 429 701 enim
455 637 503 700 ille
528 637 614 712 dicis,
651 636 736 720 plane
761 656 831 699 vera
859 648 944 711 sunt,
977 635 1091 700 tametsi
1118 635 1277 698 nonnullae

110 735 281 800 sententiae
300 738 361 800 sint
381 759 457 822 qaae
473 739 567 802 aciem
589 749 709 802 nostrae
732 738 840 800 meotis
858 737 1011 821 effugiant.
1059 734 1207 819 eroeirca
1226 756 1278 799 ne·

108 857 187 920 gare
202 840 324 902 omnino
343 842 379 904 ad
397 841 554 923 imaginem
570 841 617 903 dei
636 861 812 925 expressum
831 839 995 919 homiuem,
1027 861 1045 902 s
1063 840 1118 902 lide
1134 837 1278 902 ertlroliea

109 950 142 1002 et
160 941 289 1005 eeclesia
306 941 353 1004 del
371 940 497 1006 alienum
516 953 574 1006 est.
619 940 771 1026 Siquidem
789 941 923 1006 homines
938 961 1040 1005 onrnes
1057 942 1092 1004 ad
1111 939 1190 1004 illius
1209 940 1279 1003 ima-

107 1041 211 1125 ginem
227 1044 336 1106 eouditi
349 1055 418 1108 snut
434 1065 488 1107 nee
506 1045 582 1108 ullus
599 1046 647 1128 qui
664 1043 780 1128 quidem
798 1043 827 1106 io
844 1044 930 1106 deum
948 1055 1048 1128 speret
1063 1042 1185 1106 inliciari
1203 1040 1278 1104 istud

109 1154 227 1227 potestg
260 1147 316 1210 nisi
335 1145 361 1210 si
383 1147 432 1230 qui
450 1147 526 1208 lorte
545 1145 605 1210 siut
627 1145 675 1229 qui
696 1146 750 1210 silri
770 1145 882 1209 labulas
901 1147 1087 1229 enrrtiugant,
1118 1155 1151 1208 et
1165 1155 1223 1206 tam
1241 1141 1278 1204 ab

109 1245 242 1310 ecelesia
259 1268 346 1331 quam
365 1247 403 1311 alr
421 1268 456 1312 es
475 1247 608 1312 doctrina
626 1247 687 1310 siut
702 1247 836 1326 exclusi,
860 1268 935 1331 quae
955 1269 972 1312 a
990 1246 1149 1312 maioribus
1168 1244 1278 1310 nostris

106 1369 150 1412 ex
165 1349 390 1434 prophetarum,
413 1349 502 1434 legis,
525 1350 724 1436 apostolorum
736 1361 767 1413 et
777 1348 1029 1434 evangelistarum
1044 1361 1090 1414 est
1101 1346 1279 1414 auctoritate

108 1452 232 1514 tradita.

199 1549 285 1618 Unde
307 1575 371 1618 eam
394 1554 423 1618 io
443 1553 497 1618 hae
514 1567 598 1640 parte
617 1555 728 1618 maiore
746 1573 833 1638 quam
857 1575 911 1640 par
933 1554 973 1618 sit
994 1552 1193 1618 contentionis
1216 1559 1278 1616 stu·
1291 1565 1351 1636 usp.
1370 1570 1415 1620 tu.

106 1654 158 1718 dio
175 1657 334 1733 ducantur,
357 1656 396 1720 ab
410 1655 612 1720 ecclesiastiea
629 1656 786 1720 traditione
802 1677 838 1719 ac
856 1657 988 1720 doctrina
1005 1657 1158 1720 reocduru.
1193 1651 1280 1737 Quae

106 1777 173 1820 enm
198 1778 304 1820 omnes
327 1757 461 1822 lromiues
479 1758 525 1821 dei
544 1760 579 1821 ad
600 1758 757 1843 irnegiueur
775 1769 892 1821 creatos
908 1777 974 1820 esse
993 1759 1139 1835 lateatne,
1170 1758 1279 1821 nullam

107 1868 209 1922 tamen
230 1871 343 1945 partem
361 1861 463 1924 delinit
483 1859 513 1924 io
528 1881 584 1945 qun
606 1858 770 1924 istiusmodi
791 1859 928 1944 imaginis
948 1860 1024 1924 ratio
1045 1860 1217 1924 collocanda
1234 1860 1278 1922 vi-

106 1962 227 2026 deatur.
276 1958 335 2026 Sed
356 1983 411 2026 uec
428 1962 475 2026 isti
494 1963 542 2047 qui
560 1983 595 2026 ra
612 1963 648 2025 de
669 1982 702 2026 re
720 1961 854 2026 fabulose
872 1962 979 2047 aliquid
997 1971 1137 2028 asserunt
1160 1973 1209 2026 eut
1227 1983 1279 2026 ue-
1356 2049 1364 2054 ι

106 2077 195 2146 gant,
229 2064 435 2128 demonstrare
463 2064 610 2149 quidpiam
636 2076 771 2150 possunt.
817 2062 937 2128 Etenim
959 2064 1108 2142 nonnulli,
1144 2066 1220 2149 quod
1244 2067 1280 2128 de

106 2165 239 2250 imagine
257 2166 376 2245 dicitur,
396 2167 492 2232 anima
511 2167 574 2251 ipsa
588 2167 849 2244 circumscribunt,
874 2165 902 2230 id
918 2187 1006 2230 unum
1023 2167 1078 2230 rati
1096 2166 1172 2250 quod
1189 2183 1279 2230 earne

106 2280 282 2332 concretum
300 2281 347 2334 est
361 2267 531 2333 ratiocinari
549 2287 647 2352 posse.
692 2265 760 2332 Nec
775 2267 844 2332 illud
857 2267 1025 2351 intelligunt
1042 2267 1167 2332 auiuram
1185 2267 1278 2351 ipsam

109 2388 176 2432 esse
197 2390 277 2452 quse
295 2371 506 2448 ratiocinetur,
541 2369 567 2432 si
586 2369 703 2454 quidem
724 2371 920 2436 attendendae
944 2369 1185 2434 ratiocinationes
1205 2370 1279 2434 istae
1342 2365 1347 2372 ’

108 2485 196 2552 aunt,
234 2482 265 2534 et
282 2492 339 2534 non
356 2472 453 2557 potios
470 2472 587 2538 sincere
605 2493 640 2535 ac
656 2470 779 2556 simplici
796 2483 894 2536 mente
909 2473 944 2536 ed
961 2473 1048 2536 deum
1063 2481 1179 2558 oportet
1194 2491 1279 2536 acne·

109 2571 200 2650 dere,
235 2583 266 2636 et
284 2593 366 2656 quse·
381 2575 418 2638 ab
440 2595 477 2638 eo
495 2574 572 2638 dicta
591 2585 661 2638 sunt
679 2594 730 2658 pro
747 2574 922 2638 certissimis
940 2575 1081 2651 credere,
1106 2573 1224 2638 lamani
1241 2573 1279 2636 al

109 2693 144 2738 eo
161 2675 232 2740 solo
257 2675 376 2759 cognita
399 2677 461 2740 sint
485 2676 531 2741 oui
558 2676 654 2740 omnis
676 2686 723 2740 est
742 2675 894 2760 explorate
920 2675 1044 2740 veritas.
1090 2676 1168 2742 utils
1185 2677 1280 2762 placet

108 2798 164 2842 nee
181 2779 212 2842 in
230 2776 330 2842 anima
348 2798 402 2842 nee
418 2778 447 2842 in
464 2799 589 2864 corpore
608 2797 677 2841 esse
698 2777 783 2840 sitam
805 2778 981 2862 imaginem,
1016 2778 1067 2842 sed
1089 2778 1153 2842 sola
1170 2778 1278 2843 virtute

108 2880 270 2946 contineri.
317 2879 378 2945 atti
394 2901 452 2944 aon
469 2881 627 2957 virtutem,
659 2879 711 2942 sed
732 2879 905 2964 baptismum
922 2890 951 2942 et
967 2901 1042 2964 quae
1061 2880 1094 2944 iu
1106 2900 1142 2943 eo
1161 2881 1279 2944 oculer-

109 2994 157 3047 tor
171 2982 302 3066 gratinus
325 3002 394 3048 esse
414 2993 559 3046 statuunt.
605 2978 701 3064 Quem
722 2981 780 3044 illis
803 2981 979 3045 sententiam
999 2980 1106 3044 dictam
1124 2980 1193 3048 illud
1208 3003 1280 3066 apo·

108 3084 177 3150 suti
199 3084 365 3170 persuasitr
398 3087 631 3164 Quemadmodum
652 3088 828 3164 portaniaus
850 3089 1000 3164 rinogrirem
1023 3088 1147 3158 umeri,
1178 3095 1278 3165 porte·
1301 3121 1380 3168 ,m

108 3209 170 3250 mus
193 3191 347 3267 homnem
370 3199 399 3248 et
418 3190 558 3250 malesei.
604 3183 684 3251 Sunt
707 3186 756 3269 qui
780 3185 834 3250 bae
856 3185 994 3271 opinione
1019 3186 1131 3250 reiecta
1153 3185 1194 3249 ita
1210 3207 1280 3250 seo·
1306 3175 1382 3229 Μ

108 3290 200 3352 dant:
237 3284 317 3353 Olim
346 3288 461 3372 quidem
487 3288 516 3350 in
543 3288 660 3352 Ademo
685 3287 814 3350 divinem
840 3287 917 3352 illam
941 3287 1097 3372 imaginem
1126 3287 1279 3368 extitisse,

110 3389 205 3454 donee
221 3389 252 3454 in
270 3399 423 3476 peceatum
441 3389 541 3474 lapsus
563 3390 680 3454 arboris
706 3390 802 3452 lructu
821 3399 995 3454 rasceretur
1009 3401 1097 3475 atquae
1118 3391 1278 3476 aparsdisi

110 3491 217 3557 dailos
235 3490 501 3572 exterminantem
523 3503 714 3577 posteaquam
734 3511 807 3556 vero
823 3489 925 3576 pulsus
944 3503 1007 3572 est,
1031 3503 1090 3558 tum
1108 3513 1224 3558 omnem
1244 3493 1278 3557 il·

109 3593 166 3664 lam
191 3594 349 3677 imaginem
374 3593 510 3677 periisse.
556 3591 669 3677 Magna
693 3605 740 3658 est
762 3594 882 3656 omniuo
900 3593 930 3656 in
949 3594 1150 3677 confingendis
1173 3595 1278 3659 labulis

109 3695 263 3760 hominnm
277 3695 421 3764 eiusmodi
435 3696 566 3760 lieentia.
598 3694 713 3780 Quibus
727 3717 764 3760 oe
778 3700 818 3758 ad
832 3699 930 3758 inrum
947 3697 1058 3778 quidem
1071 3700 1171 3759 redere
1191 3717 1275 3777 opor·
1294 3700 1347 3748 ⁰⁸¹·
1361 3703 1417 3760 t&

110 3809 168 3873 tels
202 3807 235 3862 el
254 3799 370 3883 quidem
391 3818 449 3862 ooo
474 3797 540 3861 istis
558 3799 662 3878 modo,
697 3799 748 3862 sed
770 3818 828 3862 neo
846 3797 967 3882 illisqui
988 3798 1173 3862 terentillo
1191 3810 1276 3884 panto

109 3900 253 3964 musar.
301 3897 344 3962 lla
363 3921 452 3986 porro
465 3899 644 3964 eredendum
663 3910 710 3964 est
721 3899 879 3984 imaginem
896 3899 926 3963 in
946 3899 1063 3964 lromine
1077 3900 1221 3986 reperiri,
1244 3880 1305 3966 ut‘

110 4000 141 4064 in
158 4012 220 4066 toto
239 4000 368 4066 maxime
382 4021 438 4066 neo
456 4001 629 4088 simpliciter
650 3999 792 4066 resideat.
838 3997 981 4068 Ceterum
1007 4001 1124 4065 ubinam
1141 4000 1191 4066 itta
1215 4023 1277 4066 ma·

111 4103 192 4168 xime
210 4103 269 4184 sit,
302 4115 332 4167 et
346 4126 402 4189 qua
417 4114 500 4190 parte
519 4104 717 4189 compleatur,
748 4103 824 4187 quod
843 4103 1029 4180 dictumest,
1058 4107 1098 4165 od
1113 4107 1274 4186 riaogr'nem,

112 4204 184 4269 deos
206 4207 307 4284 novit,
338 4207 386 4290 qui
404 4204 545 4292 singulari
565 4206 620 4268 lroe
644 4205 780 4288 imaginis
798 4225 870 4268 snae
896 4203 1039 4267 beneficio
1060 4203 1207 4269 hominum
1225 4227 1277 4292 gr·

113 4328 168 4371 uus
184 4309 303 4372 allicere
322 4308 427 4372 voluit.
471 4305 580 4391 Neque
602 4327 677 4372 vero
700 4307 775 4371 hane
796 4306 845 4370 ille
862 4305 1025 4392 perdidisse
1049 4307 1193 4391 putandus
1212 4318 1275 4387 ests

113 4410 228 4473 tametsi
247 4411 313 4473 sine
329 4409 496 4473 ullorerom
510 4408 679 4472 discrimine
691 4407 876 4494 gravissimis
892 4427 926 4471 se
937 4407 1101 4472 sceleribus
1118 4407 1274 4494 inquinans

113 4510 228 4577 dirime
252 4511 323 4576 illud
342 4510 481 4596 imaginis
506 4509 597 4576 decus
621 4508 679 4578 vile
705 4508 911 4595 clientumque
934 4507 1105 4578 reddiderit.
1161 4507 1277 4598 Quippe
