3068 5008
450 285 777 342 snuoarnauunosas.
1130 275 1194 340 567

28 408 163 470 stantiae
185 407 347 492 imperante
371 408 463 487 vixit,
496 407 525 472 in
551 407 685 471 omnibus
712 405 876 472 Marcionis
901 407 1036 490 uestigiis
1052 405 1193 472 inhaesit.

28 507 93 571 Etsi
121 509 290 592 quibusdam
314 511 436 575 adiectis
460 510 635 574 cumulatius
659 509 766 595 aliquid
789 511 897 574 docere
920 509 1042 574 studuit.

114 714 294 800 Apelleiani.
341 716 463 801 Apelles
487 713 622 778 similiter
645 727 733 798 atque
752 713 869 778 Marcio
893 725 923 778 et
941 712 1094 778 Luciacus
1112 713 1194 798 quie-

28 818 94 901 puid
126 819 274 881 eonditum
301 829 347 882 est
371 839 435 882 curu
462 817 525 902 ipso
547 817 699 880 conditore
725 817 883 900 vituperat,
928 815 999 880 Non
1016 828 1114 881 tamen
1138 816 1195 880 tris

28 920 119 982 atilli
140 921 297 1006 principia,
331 923 383 984 sed
408 941 497 983 uuum
522 929 633 987 lautum
658 921 790 998 invexit3
822 919 983 1004 itidemque
1002 921 1088 982 deum
1104 941 1192 983 cuum

28 1045 58 1084 uc
84 1043 256 1107 supremum
284 1034 313 1087 et
333 1023 460 1086 nominis
486 1035 659 1106 expertem,
695 1023 742 1105 qui
769 1022 948 1106 singularem
974 1023 1099 1086 alterum
1126 1043 1193 1107 pro·

28 1125 189 1186 creavcrit.
236 1122 378 1209 Quicum
397 1125 488 1214 malus
513 1125 677 1204 evasisset,
711 1126 847 1188 muudum
863 1146 920 1188 sua
940 1123 988 1190 illa
1005 1123 1193 1210 improbitate

28 1227 171 1289 condidit.

112 1327 283 1392 Senecioni.
329 1327 462 1394 Severus
486 1330 532 1392 bic
553 1329 666 1415 Apellis
693 1329 807 1394 assecla
832 1331 933 1394 vinum
952 1351 986 1394 ac
1003 1329 1095 1394 vitem
1110 1328 1193 1416 peni·

28 1445 70 1495 lus
92 1434 233 1510 damnat,
265 1454 339 1516 quiae
359 1453 398 1495 ex
418 1429 550 1496 Satanae
570 1433 718 1514 serpentis
742 1442 885 1496 ettoniae
906 1453 1070 1516 congressu
1089 1453 1194 1518 props-

28 1549 92 1620 gsta
113 1537 208 1620 lingit.
254 1533 430 1599 Muliebrem
448 1555 563 1619 quoquo
587 1556 692 1598 sexum
711 1534 862 1620 repudiat,
895 1537 970 1620 quod
989 1536 1023 1599 aul
1041 1533 1193 1600 siraistsam

28 1641 168 1701 uirtutem
190 1638 344 1722 pertineat.
391 1635 560 1722 Principum
580 1637 722 1702 vocabola
743 1638 884 1721 quaedam
903 1648 991 1721 atque
1007 1637 1193 1724 apocryphos

28 1743 117 1804 ibros
147 1740 269 1804 inducit.
326 1738 358 1804 ln
381 1752 562 1804 mortuorum
590 1739 809 1806 resurreetione
833 1741 987 1824 veterique
1014 1749 1192 1806 testamento

28 1843 191 1907 refellendo
213 1864 278 1906 cum
302 1842 367 1906 aliis
391 1843 564 1907 haeresibus
586 1842 745 1906 consentit.

110 1943 243 2008 Tationi.
299 1944 445 2008 'Patiauus
469 1945 592 2029 primum
623 1966 687 2006 oum
720 1955 824 2008 sancto
857 1941 971 2006 lustina
999 1957 1129 2030 martyre
1156 1966 1192 2012 aa

28 2047 199 2130 ubilosopbo
223 2048 308 2111 uiuit.
355 2045 427 2111 Post
449 2045 533 2110 cairus
556 2046 666 2110 obitum
689 2046 865 2130 contagione
883 2043 1049 2111 Marcionis
1072 2047 1192 2130 dogma·

28 2171 83 2214 ‘um
105 2151 219 2215 aflatus
238 2150 302 2213 eius
318 2149 476 2233 discipulus
497 2149 567 2224 luit,
600 2152 636 2210 ad
653 2169 746 2232 eaque
765 2169 842 2233 quae
863 2171 928 2212 cnm
946 2169 982 2210 eo
998 2147 1193 2213 communiter

28 2255 122 2318 enuit
143 2273 219 2315 nora
238 2255 358 2337 iusuper
374 2252 494 2317 addidit.
540 2247 657 2314 Ferunt
672 2272 688 2314 e
705 2248 923 2336 Mesopotamia
940 2251 1096 2316 oriundum
1115 2251 1191 2316 buno

28 2377 131 2420 nume.

114 2455 196 2520 llaec
211 2469 257 2522 est
273 2479 386 2522 summa
401 2457 466 2522 libri
479 2455 518 2537 l.,
544 2467 605 2520 tres
617 2468 712 2520 tomos
727 2457 896 2536 continens,
917 2455 1058 2522 haereses
1070 2451 1189 2522 XLVI.

113 2666 144 2726 lu
164 2663 262 2748 priore
279 2683 352 2726 vero
372 2675 451 2726 tomo
469 2662 535 2725 libri
551 2659 607 2740 ll.,
640 2661 688 2746 qui
707 2662 866 2727 secuudum
889 2661 1053 2724 institutum
1071 2681 1087 2724 a
1105 2657 1190 2726 nobis'

32 2765 111 2828 nitio
131 2776 275 2829 tumorum
300 2765 431 2829 ordinem
458 2777 579 2850 quartus
605 2775 670 2843 est,
702 2763 842 2828 haereses
866 2763 1055 2828 continentur
1080 2761 1190 2830 XVlll

28 2889 77 2932 roc
105 2868 204 2931 niodo.

113 2967 285 3032 Enoratitae
304 2969 425 3034 Tatiani
452 2971 591 3054 quraoiiam
620 2968 701 3032 velut
722 2970 881 3054 appendix.
933 2965 973 3033 lli
998 2967 1114 3052 nuptias
1139 2967 1190 3032 ta-

28 3081 147 3149 nuant‚
181 3093 254 3156 qnos
270 3069 420 3136 Sathnoae
446 3073 587 3136 tribuunt.
635 3071 681 3134 ab
703 3072 896 3136 animatorum
921 3069 1050 3136 omnium
1068 3090 1122 3135 usu
1138 3070 1189 3135 ab·

28 3175 194 3239 utinoulum
218 3196 286 3238 csse
309 3175 451 3239 sentiunt.

110 3273 335 3364 Catapbryges‚
369 3277 417 3361 qni
436 3287 465 3340 et
482 3275 703 3354 Montanium,
736 3287 890 3362 atrumque
915 3286 1120 3340 testamentum
1140 3297 1191 3362 ap-

28 3381 169 3457 nubant,
201 3382 252 3442 sed
272 3402 365 3442 uacuos
386 3381 597 3465 prophetasad
617 3390 753 3462 receptos
771 3390 802 3442 et
816 3379 951 3464 antiquus
968 3378 1124 3457 adiiciunt,
1154 3399 1189 3444 aa

28 3481 204 3546 llontanum
227 3483 371 3566 quendam
395 3494 424 3544 et
447 3480 610 3545 Priscillam
634 3481 814 3566 praedicant.

109 3583 289 3670 Pepoziaui,
313 3585 361 3667 qui
378 3596 409 3648 et
426 3583 609 3667 Quintilliani
626 3585 779 3660 licuntur,
803 3583 908 3668 qulbus
924 3583 1068 3648 accedunt
1082 3593 1113 3646 et
1131 3583 1190 3646 Ar-

32 3687 186 3773 etullae,
217 3686 418 3771 superioribus
441 3689 555 3772 quidem
573 3687 648 3765 illis,
680 3681 1066 3771 bocestCatapbrygibus,
1097 3705 1191 3750 annu-

28 3789 159 3852 ueranli
177 3799 262 3866 suntp
294 3790 346 3852 seul
361 3791 397 3852 ab
413 3790 448 3852 iis
470 3801 565 3852 tamen
585 3789 704 3852 diuersa
721 3789 862 3854 uonnurlla
880 3789 1023 3854 sentiunt.
1069 3787 1115 3850 Aa
1132 3784 1192 3850 Pe-

28 3913 131 3958 uuzam
156 3891 303 3956 desertum
328 3893 471 3974 quoddam
496 3891 630 3976 oppidum
652 3889 800 3954 Galatiam
824 3891 900 3955 inter
924 3902 955 3954 et
974 3887 1189 3975 Cappadociam

28 4017 52 4056 uc
73 3991 233 4078 Phrygiam
253 3995 340 4057 situm
365 3994 473 4057 diuinis
497 3993 656 4056 horroribus
673 3993 838 4070 extollunt,
872 3993 994 4077 eamque
1014 3992 1189 4079 Hierosoly.-

28 4118 98 4158 nam
128 4116 195 4158 esse
220 4096 320 4158 dicunt
345 4099 406 4175 (est
430 4107 527 4160 autem
552 4107 582 4158 et
607 4095 663 4158 ulia
690 4092 837 4179 Pepuza).
883 4093 1060 4160 Mulieribos
1087 4117 1189 4164 sacros

28 4199 216 4282 nagistratus
230 4219 263 4260 ae
280 4198 446 4262 succinctio
461 4199 607 4262 delerant.
655 4193 756 4262 Certis
773 4197 927 4260 initiantur
938 4199 1100 4283 mysteriis,
1126 4199 1189 4282 qui-

28 4339 98 4386 nino.
134 4331 195 4388 seire
221 4331 247 4386 lu
270 4328 342 4400 αὐτῷ
365 4337 415 4386 rod.
437 4337 534 4397 anama.
569 4336 595 4386 ln
664 4333 706 4386 39.
724 4337 815 4396 neporus
834 4331 1022 4388 Koanoanmt

29 4409 77 4454 dit.
97 4405 181 4454 Pom.
199 4415 228 4451 eo
243 4407 316 4453 uerba
333 4409 388 4453 sumt
404 4405 498 4454 omisso.
659 4399 699 4452 40.
725 4398 860 4467 ἱερατεύειν
891 4401 1026 4467 (iporeiam
1056 4405 1108 4454 cm.
1129 4403 1189 4472 len.)

53 4475 98 4522 brt
119 4463 241 4536 bppdobn
265 4473 334 4524 codd.
357 4485 413 4522 mss.
437 4476 546 4534 aurens,
574 4476 595 4522 st
628 4473 696 4523 eodm
713 4485 769 4520 anso
787 4475 889 4532 uterquc.
923 4467 1028 4536 ispau'eur
1047 4475 1111 4522 edili.

29 4543 76 4592 dit.
95 4541 212 4604 prinecps.
655 4536 695 4594 lt.
714 4538 818 4610 piarent
833 4540 902 4592 mdo.
919 4554 974 4592 nus.
991 4543 1083 4596 amu.
1099 4545 1175 4612 princ.
