3068 5008
599 1025 736 1088 snuurr

412 1179 928 1268 EPIPHANII

330 1383 1006 1464 uhscnrnstunosls

207 1556 283 1608 alvu
301 1557 419 1608 EORUM
438 1557 530 1621 Quale
550 1557 586 1608 lN
605 1556 754 1610 Pnuanto
771 1557 873 1608 DICTA
890 1555 983 1607 SUNT
1000 1555 1123 1608 SUMMA

531 1642 800 1694 comeusflensro.

175 1774 322 1860 Quoniam
347 1779 512 1844 haerescon
538 1779 665 1845 omnium
691 1779 808 1844 nomina
830 1779 1005 1843 declaranda
1031 1777 1193 1862 nobishoc
1217 1776 1247 1841 in

82 1879 165 1944 libro
182 1882 384 1967 suscepimus,
418 1903 473 1946 nec
493 1905 551 1946 non
569 1878 737 1946 execranda
760 1903 795 1944 ac
814 1880 926 1945 nelarie
945 1883 1058 1945 illarum
1076 1880 1187 1967 flagitia
1205 1880 1249 1944 sio

81 1994 225 2066 tanquam
243 1985 484 2070 praesentissima
503 1985 643 2069 quaedam
661 2005 777 2049 veneno
797 1986 963 2069 patefacere
981 1985 1135 2062 volumus,
1160 1993 1249 2067 utque

81 2086 135 2150 his
165 2086 247 2149 velut
276 2087 407 2151 antidota
433 2088 574 2172 quaedam
611 2108 779 2173 opponere,
820 2107 895 2172 quac
925 2087 973 2152 vel
1002 2087 1039 2150 iis
1068 2088 1116 2171 qui
1147 2107 1249 2151 morsu

80 2189 171 2276 petiti
186 2200 256 2252 suut
277 2191 407 2254 remedio
428 2211 495 2254 csse
518 2191 648 2275 possint,
680 2191 728 2255 vel
748 2211 801 2254 eos
817 2189 922 2274 quibus
938 2209 975 2253 ne
990 2189 1119 2253 incidant
1134 2189 1249 2275 perieu-

80 2294 148 2357 lum
166 2303 213 2355 ct
237 2293 441 2376 praemuniant
455 2314 490 2356 ac
507 2304 704 2371 conservent,
737 2290 914 2372 Pacarium,
946 2292 1167 2356 siveArculam
1188 2313 1250 2355 me·

83 2395 200 2474 dicam,
232 2396 267 2460 ad
289 2417 390 2459 eorum
413 2395 461 2479 qui
484 2415 500 2457 a
523 2395 709 2480 serpentibus
733 2395 785 2460 icti
808 2387 877 2460 sunt
901 2395 1060 2460 remedium
1086 2396 1151 2460 inrc
1176 2413 1249 2481 opus

83 2497 158 2562 illud
173 2517 208 2561 ac
227 2497 330 2561 librum
353 2498 629 2584 interpretabimur,
662 2498 710 2582 qui
728 2499 757 2562 iu
776 2509 837 2564 tres
855 2510 954 2585 partes
975 2499 1087 2563 divisus
1108 2499 1249 2562 haereses

85 2599 239 2684 octogiuta
266 2599 487 2686 complectitur,
520 2621 594 2684 quae
617 2611 785 2686 serpentum
811 2623 846 2665 ao
872 2601 1017 2688 reptilium
1038 2601 1149 2665 similes
1168 2612 1248 2666 sunt.

86 2701 259 2768 Secundum
277 2723 349 2788 quas
366 2701 501 2766 ueritatis
516 2703 744 2783 brunamentum,
770 2715 800 2768 et
815 2704 954 2768 salutaris
973 2705 1106 2768 doctrina
1125 2705 1250 2789 fideique

86 2805 215 2868 formula
231 2806 363 2870 subiecta
381 2816 439 2886 est,
463 2829 498 2870 ac
515 2803 626 2870 Christi
643 2826 763 2891 sponsa,
787 2817 889 2870 sancta
904 2807 1041 2871 videlicet
1056 2807 1181 2871 ccclesia
1199 2807 1250 2869 de-

84 2908 210 2972 clarata.
257 2906 344 2992 Quae
367 2930 431 2972 cum
455 2908 511 2972 inm
529 2919 589 2988 tum
609 2908 645 2972 ab
663 2909 736 2972 orbe
752 2909 871 2973 conditu
889 2929 957 2972 csse
974 2910 1122 2994 coeperit,
1148 2919 1250 2994 postea

84 3022 187 3074 tamen
203 3031 256 3095 per
269 3008 382 3077 Christi
403 3011 512 3075 domini
536 3011 768 3075 incarnationem
787 3022 949 3098 temporum
969 3012 1159 3077 successione
1181 3022 1250 3074 ante

83 3125 331 3178 commemoratas
356 3135 459 3178 omnes
486 3112 627 3178 haereses
652 3115 769 3198 vulgata
788 3125 874 3199 atquc
893 3116 1057 3201 patefacta,
1088 3115 1251 3199 eademque

83 3239 105 3281 a
121 3215 207 3279 uubis
223 3216 253 3278 in
272 3216 499 3280 commentarius
518 3237 559 3281 cx
574 3213 686 3280 Christi
707 3217 925 3302 praedicatione
944 3219 1054 3306 relata,
1078 3237 1112 3280 ac
1130 3235 1247 3280 rursum

83 3328 153 3406 post
167 3318 342 3404 explicatam
359 3340 474 3382 omnem
491 3320 612 3384 istarum
630 3319 794 3383 haereseon
811 3320 1024 3404 improbitatem
1043 3341 1083 3384 cx
1099 3319 1249 3405 apostolo-

81 3442 153 3486 rum
176 3420 327 3506 disciplina
348 3431 485 3485 accurate
509 3443 544 3485 ac
568 3423 721 3507 perspicue
748 3421 830 3484 brevi
856 3422 980 3506 quodam
1008 3434 1053 3485 est
1076 3421 1249 3508 compendio

81 3522 236 3603 subiecta,
269 3523 311 3587 uti
331 3543 366 3586 ea
383 3543 416 3587 re
433 3523 549 3587 illorum
569 3535 742 3588 recreentur
761 3545 795 3587 ae
814 3525 986 3589 reficiantur
1002 3526 1089 3590 animi
1108 3527 1156 3611 qui
1172 3525 1250 3588 huno

82 3627 251 3690 haereseon
279 3625 542 3712 percurrendnrum
569 3626 699 3690 laborem
726 3627 930 3713 susceperint,
963 3651 1052 3715 porro
1073 3651 1127 3692 vos
1146 3646 1249 3691 omues

81 3730 276 3794 honestarum
291 3750 390 3793 rernm
404 3728 530 3794 studiosi
548 3729 674 3793 lectores
690 3741 809 3815 rogatos
824 3732 960 3795 volumus
977 3743 1007 3795 ut
1023 3744 1053 3795 et
1068 3729 1249 3816 prooemium

79 3834 181 3918 ipsum
197 3841 227 3894 ct
241 3831 458 3914 insequentium
474 3832 636 3896 haerescon
653 3833 868 3919 expositionem
887 3857 922 3898 ac
936 3833 1070 3898 veritatis
1088 3831 1249 3918 proicssio·

80 3955 155 4001 uem
183 3944 212 3996 et
228 3934 408 4014 doctrinam,
442 3954 476 3997 ac
495 3945 617 3999 sanctae
634 3946 664 3999 et
683 3935 845 4002 catholicae
861 3937 1006 4002 ecclesiae
1028 3936 1111 4000 iidem
1129 3955 1146 3999 a
1165 3933 1249 3998 nubis

80 4057 260 4124 expressum
285 4057 460 4122 percurrere
482 4037 591 4101 velitis.

172 4137 258 4224 Quae
277 4141 391 4226 quidem
409 4141 506 4205 omnis
523 4140 578 4205 hoc
597 4141 627 4205 iu
646 4161 735 4227 opere
753 4143 965 4229 comprehensa
983 4139 1074 4206 tribus
1092 4140 1174 4206 libris
1194 4161 1248 4205 ex·

118 4314 145 4365 4.
164 4305 238 4379 utputo
255 4315 309 4364 edtt
328 4314 410 4366 Petuu.
687 4317 737 4366 mus
756 4318 824 4366 uertit
846 4330 961 4380 rogamus
985 4323 1013 4363 ut
1035 4329 1121 4365 omnes
1138 4312 1250 4364 studiose

119 4383 144 4433 5.
163 4383 229 4432 bibri
246 4385 317 4444 vraiqo
338 4375 550 4448 α’παγγελὲλεῖσαν.
686 4382 790 4433 versetis
809 4391 835 4432 et
853 4381 1035 4448 praefationem
1053 4391 1079 4432 ct
1095 4387 1145 4433 ceth

117 4448 142 4503 6.
173 4452 328 4501 Scribendum
354 4451 452 4513 fonnem
474 4466 527 4501 cum
551 4453 649 4503 Petnnio
717 4451 741 4505 7.
758 4447 909 4518 φιλοκάλως
931 4454 967 4503 td
986 4455 1063 4514 princ.
1104 4448 1249 4520 φιλοκάλοις

77 4517 282 4584 παρακαλεῖσθε.
310 4519 345 4581 Gt.
357 4521 431 4580 Epist.
443 4521 476 4568 ud
487 4521 567 4580 dccc,
583 4523 651 4571 cutus
684 4522 721 4571 cd.
739 4524 821 4572 Pctus.

75 4601 138 4644 vm
154 4589 247 4652 qemettt
263 4588 308 4640 loct
329 4588 381 4638 utto
400 4590 463 4638 ratio
483 4592 524 4638 ent.
561 4589 650 4639 comu-
718 4589 742 4641 d.
760 4591 869 4641 Fmtcsm
884 4581 941 4644 τάδ’
957 4585 984 4642 ds
1000 4591 1044 4660 τῇ.
