3060 5026
307 269 371 332 416
732 281 854 334 οκααει
872 277 1042 333 mmm!

308 399 363 482 μέν
379 399 474 484 γέρων
489 395 565 484 ύπλρ
582 395 766 484 ὀγδοήκοντα
781 401 834 482 έτη
850 397 979 485 γεγονός
996 396 1050 464 ούκ
1066 399 1150 480 ίλαβε
1165 397 1327 482 παρθένον
1345 400 1393 475 εἰς
1407 405 1465 482 χρη

308 523 371 580 σιν,
401 497 472 566 όλλά
496 508 608 584 μᾶλλον
633 497 820 589 ιμ’κονομήθη
845 498 926 591 αύτῷ
950 505 992 578 εἰς
1012 497 1045 566 τό
1070 497 1236 581 φυλάττειν·
1270 499 1467 587 δεύτερονδί

309 602 430 680 πάντως
445 629 505 669 που
526 606 579 669 καί
599 600 684 669 αότοί
702 600 834 690 ύπῆρχον
858 607 976 670 δίκαιοι
1022 604 1082 667 Καλ
1097 599 1153 668 ούκ
1169 599 1279 684 ἰτόλμα
1302 599 1323 669 δ
1343 601 1469 679 άιιοόεας

308 703 355 772 ότι
373 709 406 772 έκ
420 705 589 789 πνεύματος
606 702 695 792 άγίου
718 708 777 772 έστλ
797 705 831 771 τό
849 709 881 773 έν
899 702 993 796 αύτῇ,
1025 708 1068 770 έτι
1084 704 1293 787 ἐπιβάλλεσθαι
1319 707 1401 789 μετά
1420 733 1469 772 τον

309 808 402 891 αύτην
417 813 592 892 οἰκονομίαν
613 816 744 891 χρῆσθαι
759 817 802 897 τῷ
820 808 917 874 σκεύει
934 816 977 896 τῷ
993 809 1201 886 καταξεωδέντι
1216 815 1361 893 χωρῆσαι
1377 809 1416 877 δν
1428 811 1468 876 ού-
1518 831 1519 870 ι

309 910 399 998 ρανδς
414 915 464 978 καί
482 919 521 997 γῆ
541 909 599 976 ούκ
620 911 735 997 έχοόρει,
759 910 796 976 δι’
812 909 980 997 ύπερβολὴν
994 918 1046 994 τῆς
1060 907 1151 976 αύτοῦ
1165 909 1271 993 δόξης,
1304 915 1336 976 εἰ
1353 911 1413 1000 γάρ
1428 914 1469 978 καλ

308 1021 365 1078 νῦν
381 1017 424 1090 εἰς
445 1009 540 1096 ὄνομα
563 1011 656 1079 αύτοῦ
682 1015 829 1100 παρθένοι
854 1017 994 1079 διατελεῖν
1018 1011 1220 1099 ἀγωνίζονται,
1251 1015 1309 1078 καλ
1329 1012 1470 1101 α’γνεύειε,

308 1119 360 1182 καί
377 1114 623 1202 έγκρατεύισθαι,
654 1124 721 1193 πῶς
742 1125 852 1199 μᾶλλον
873 1116 931 1182 ούκ
952 1108 991 1199 ἦν
1010 1115 1178 1202 πιστότερος
1192 1112 1308 1199 Ἰωσὴφ
1330 1119 1389 1183 καλ
1405 1115 1470 1198 αύτη

309 1217 331 1302 ἦ
355 1223 478 1305 Μαρία,
513 1219 610 1285 πάντα
634 1219 844 1302 συμβάλλουσα
868 1221 910 1296 εἰς
932 1221 1057 1304 καρδίαν
1081 1215 1187 1300 αότῆς,
1220 1214 1263 1292 οός
1292 1221 1470 1306 γέγραπται,
1519 1237 1520 1240 ’

304 1319 393 1389 Ἀλλά
412 1319 485 1405 μετά
510 1321 656 1405 τοσαύτην
677 1324 729 1387 καλ
749 1320 890 1404 τοιαύτην
911 1323 963 1386 καί
985 1320 1158 1403 τηλικαύτην
1181 1322 1372 1404 οἰκονομίαν
1393 1347 1472 1390 οντα·

310 1431 429 1508 φθῆναι
443 1425 533 1490 πάλιν
554 1427 676 1511 γέροντα
692 1425 836 1512 παρθένῳ
854 1421 930 1514 άγνῇ
947 1426 999 1489 καί
1014 1423 1202 1512 τετιμημένη,
1231 1425 1286 1488 καί
1304 1425 1413 1492 σκεύει
1426 1453 1473 1510 γα·

312 1526 437 1612 ρήσαντι
451 1527 503 1593 τόν
519 1523 692 1612 άγοόρητον,
722 1529 775 1593 καί
792 1524 1001 1614 ύποδεξαμένηι
1015 1532 1149 1592 τοιοῦτον
1164 1524 1337 1612 μυστήριον
1354 1534 1472 1614 σημείου

313 1633 492 1716 ἰπουρανίου
513 1632 563 1696 καί
586 1636 664 1713 ζωῆς
685 1627 874 1715 άνδροόπωνς
1520 1615 1521 1622 ¹

175 1959 243 2030 Κεφ,
257 1954 290 2013 3'.
402 1938 508 2006 Πόθεν
525 1937 581 2026 γάρ
599 1935 635 2005 ού
654 1943 794 2022 δείξωμεν
809 1937 856 2005 ότι
870 1935 945 2024 άγνη
960 1939 1115 2004 διετέλεσεν
1128 1934 1148 2020 ἦ
1162 1938 1336 2022 παρθένοςς
1376 1939 1476 2019 Δειξά-

311 2064 410 2109 τασαν
425 2039 497 2126 ἡμῖν
513 2039 607 2120 εύδός
624 2041 669 2109 ότι
688 2041 830 2126 μεταίτην
845 2049 899 2108 τοῦ
920 2048 1053 2126 σωτῆρος
1069 2037 1155 2123 ἡμῶν
1171 2038 1279 2122 κύησίν
1294 2067 1388 2120 τινας
1404 2045 1477 2128 έγίιε

171 2175 225 2222 μοι.
237 2163 297 2208 ιοιι.
313 2169 402 2231 νηοεν
417 2143 438 2230 ἡ
456 2150 572 2231 Μαρία.
616 2149 737 2212 Εἰπωσι
752 2142 788 2210 τά
805 2143 938 2228 όνόματα
953 2143 1138 2223 πλάττοντες,
1160 2145 1193 2208 οί
1205 2147 1415 2230 πλαστουργολ
1432 2148 1477 2210 καὶ

234 2306 237 2314 .
314 2251 454 2340 ῥαψῳδοί
470 2256 523 2332 τῆς
538 2247 657 2331 ἀπάτης
673 2249 725 2312 καί
742 2252 976 2331 κακομηχανίας,
1005 2247 1056 2312 καλ
1077 2245 1133 2311 οὐκ
1157 2247 1257 2328 έχουσι
1274 2248 1388 2324 δεῖξαι.
1437 2244 1478 2313 Ού
1522 2259 1523 2324 λ

313 2351 369 2440 γάρ
401 2351 567 2435 1συνήοιθη
588 2354 629 2416 έτι
651 2352 821 2435 παρθένος,
852 2349 894 2433 μὴ
910 2352 1031 2436 γένοιτο.
1085 2351 1128 2413 Εἰ
1139 2345 1196 2434 γάρ
1222 2349 1406 2433 ἐγέννησεν,
1437 2347 1481 2418 αἐί

314 2479 385 2522 ποτε
401 2453 456 2520 σύν
472 2451 553 2542 αύτῷ
568 2451 742 2538 ύπόρχουοα
758 2461 800 2541 τῷ
818 2459 943 2538 σωτῆρι,
965 2451 1027 2536 άμα
1044 2453 1143 2536 ίλεγου
1158 2452 1208 2515 καί
1223 2449 1260 2515 τά
1276 2453 1374 2518 τέκνα
1390 2453 1480 2536 αύτῆς

314 2567 453 2624 συνεῖναι.
501 2560 606 2644 Πλανᾴ
628 2556 661 2621 δέ
678 2553 788 2632 αύτούς
811 2553 842 2622 τό
869 2559 1039 2640 εἰρημένον,
1067 2551 1150 2620 Ἰδού
1169 2551 1189 2636 ἡ
1205 2551 1302 2638 μήτηρ
1322 2577 1404 2637 σου,
1433 2560 1479 2623 καλ
1523 2569 1524 2648 j

315 2663 347 2727 οί
355 2660 478 2740 άδελφοί
492 2680 548 2725 σου
561 2661 617 2736 έξω
631 2660 755 2741 έοτηκαν
767 2661 922 2740 ζητοῦντές
937 2680 976 2723 σε.
1021 2658 1082 2722 Καὶ
1096 2653 1151 2722 ούκ
1166 2655 1320 2723 ολδασινδ
1335 2658 1404 2746 ιτρδ
1418 2658 1480 2727 τού

313 2789 368 2829 του
392 2754 430 2844 ἦν
453 2763 653 2848 γεγραμμένον
678 2759 739 2841 ότι,
778 2765 818 2826 Of
838 2761 962 2841 άδελφοί
983 2759 1077 2825 αύτοῦ
1105 2761 1282 2826 ’ἐπίστευον
1310 2765 1357 2839 εἰς
1381 2763 1480 2830 αάτόν.

319 2867 539 2950 Προβαλνοντες
559 2861 615 2950 γάρ
631 2865 681 2929 καί
697 2860 782 2947 ἡμεῖς
802 2869 845 2952 τῷ
859 2861 970 2953 χρόνῳ,
1002 2864 1052 2927 καλ
1069 2860 1273 2945 θαυμάζοντες
1288 2864 1342 2928 έπλ
1366 2876 1436 2944 τοῖς
1454 2869 1483 2932 έτ

315 2971 496 3044 ταῖςδείαις
518 2975 649 3054 γραφαῖς
665 2964 706 3042 οἷς
723 2963 846 3043 εύτελοδς
867 2966 1091 3052 γεγραμμένοις,
1122 2962 1191 3030 ἰδού
1207 2961 1283 3030 κατά
1299 2973 1371 3033 πάν
1391 2973 1427 3035 έν
1443 2971 1483 3034 αἰ-

315 3068 424 3153 σθήσει
438 3070 587 3156 γινόμενοι
602 3067 828 3155 εὐχαριστοῦμεν
841 3075 904 3157 θεῷ
918 3075 960 3158 τῷ
971 3070 1260 3157 προαοφαλισαμένητ
1277 3068 1333 3134 διά
1352 3079 1421 3138 τῶν
1438 3077 1485 3138 δο-

314 3170 451 3238 κούντων
465 3173 598 3257 βραχέων
613 3169 753 3256 ῥημάτων
769 3173 802 3237 έν
815 3199 852 3260 τη
869 3176 938 3259 θείᾳ
956 3178 1056 3262 γραφῇ
1074 3177 1221 3257 παριστάν
1237 3168 1344 3254 πάσης
1360 3181 1485 3260 γραφῆς

315 3273 370 3358 την
387 3274 538 3358 άληθειαυ.
578 3274 641 3340 ’Asi
656 3271 712 3361 γάρ
727 3271 888 3350 άκούοντες
903 3276 970 3358 περὶ
981 3273 1149 3356 Ἰακιύβου,
1171 3271 1218 3340 ὅτι
1236 3267 1329 3351 οὗτος
1349 3277 1485 3360 άδελφδς

315 3379 446 3445 ἰκαλεῖτο
469 3385 522 3444 τοῦ
545 3382 670 3462 κυρίου,
702 3375 906 3460 θαυμάζοντες
928 3377 1079 3460 έλέγομεν,
1115 3381 1167 3453 Τίς
1188 3374 1209 3459 ἦ
1230 3381 1330 3462 χρείας
1370 3389 1433 3448 νῦν
1457 3381 1486 3446 δέ

315 3483 446 3568 έγνωμεν
462 3478 549 3563 δίἣν
565 3484 677 3559 αἰτίαν,
701 3477 742 3556 εἰς
759 3487 902 3565 προεῖπεν
919 3477 939 3562 ἡ
955 3483 1024 3544 θεία
1039 3476 1157 3566 γραφη,
1187 3475 1259 3544 άλλά
1279 3479 1414 3562 πάντως
1429 3489 1486 3560 ἳνα,

316 3583 390 3650 ὅταν
403 3582 560 3665 αἰιούωμεν
575 3583 635 3665 δτι,
656 3580 739 3648 Ἰδού
755 3579 776 3666 ἡ
791 3579 887 3666 μήτηρ
904 3604 976 3661 σου,
999 3583 1050 3647 καλ
1065 3585 1097 3648 οί
1109 3580 1233 3662 άδελφοί
1245 3604 1302 3648 σου
1321 3586 1386 3663 ἔξω
1406 3585 1488 3670 έστη-

315 3709 387 3754 κασι
402 3689 555 3770 ζητοῦντές
571 3705 619 3766 σε,
650 3685 797 3768 μάθωμεν
818 3683 864 3750 ότι
887 3687 954 3768 περλ
972 3685 1124 3768 Ἰακοόβου
1139 3686 1282 3771 λέγεικαὶ
1303 3693 1371 3753 τῶν
1392 3689 1490 3756 ἄλλων

317 3795 392 3857 υίοδν
405 3787 542 3871 Ἰωσήφ,
573 3790 623 3854 καλ
642 3785 679 3854 οό
698 3789 765 3874 περλ
789 3791 863 3853 υἱῶν
880 3793 1004 3873 Μαρίας
1025 3794 1085 3854 τῶν
1102 3783 1144 3871 μή
1160 3789 1332 3873 γινομένων.
1386 3801 1489 3877 Δῆλον

316 3891 372 3979 γάρ
402 3885 464 3974 ’ἦν
483 3891 528 3958 ότι
556 3895 660 3974 μείζων
682 3884 721 3974 ἦν
740 3888 923 3972 δ’ἰάκωβος
948 3897 984 3980 τῇ
1008 3887 1122 3979 ἡλικία,
1154 3888 1229 3956 κατά
1251 3888 1306 3973 τὴν
1332 3894 1490 3982 ένσαρκον

315 4001 370 4062 τοῦ
388 3997 522 4080 4κυρίου
544 4000 720 4079 παρουσίαν.
762 3991 924 4074 Ἀδελφούς
947 3993 979 4058 δὲ
998 3989 1107 4069 αύτούς
1127 3993 1200 4078 λέγει
1227 3995 1490 4082 θδιελέγχουοη*

315 4096 436 4184 γραφη,
458 4098 508 4163 καλ
527 4095 666 4180 όνομαστλ
683 4103 814 4164 καλοῦσα
830 4093 992 4178 Ἰάκωβον,
1014 4097 1065 4161 καλ
1082 4093 1190 4179 Ἰωσῆ,
1220 4097 1271 4162 καλ
1289 4101 1489 4184 οΣυμεῶνα,

317 4202 370 4264 καλ
386 4196 524 4280 Ἰούδαν,
557 4203 608 4266 καλ
632 4200 797 4284 Σαλοόμην,
827 4200 879 4264 καλ
900 4203 1037 4286 Μαρίαν·
1067 4202 1118 4264 ίνα
1143 4197 1264 4280 μάθωσι
1280 4205 1392 4268 τοίνυν
1409 4211 1491 4284 τίνος

352 4337 526 4390 cn.1x.-
562 4343 582 4390 l.
610 4339 738 4408 ουνῆφδαι
761 4341 812 4389 ωδ.
830 4341 878 4388 Ρο-
944 4335 967 4388 4.
986 4335 1099 4404 Χριστοῦ
1116 4339 1167 4389 cod.
1186 4339 1283 4402 Βλειλίρ.

315 4407 366 4470 τίκ,
383 4412 437 4458 tem
451 4411 555 4459 Ρετουιο.
574 4406 703 4474 ουιήφθαι
718 4408 875 4471 τοδαλεσλρ.
943 4406 967 4456 5.
986 4403 1125 4490 ἰλίγγουαα
1141 4408 1193 4456 eod.
1209 4407 1308 4472 κλεσλς.

350 4473 375 4524 2.
392 4475 489 4535 „neat
506 4469 579 4528 ow
595 4479 713 4528 Ρειαυλαε.
943 4469 967 4526 6.
986 4489 1099 4542 οιμεωνα
1116 4473 1161 4527 καλ
1180 4471 1251 4528 ἰούδα
1268 4478 1320 4528 eod.
1339 4478 1451 4547 κλειτὸς.

351 4539 375 4594 3.
393 4531 426 4609 ἦν
442 4558 488 4594 ιιοπ
504 4546 572 4594 habet
588 4545 638 4594 οοιλ
657 4546 754 4607 medin.
