3042 5016
288 211 426 265 suumn
442 211 506 263 uus.
519 211 564 262 ιιι.
583 209 666 263 nun.
679 209 698 260 t.
714 207 817 259 nasu.
828 207 948 260 uxxvu
1135 193 1197 257 285

28 331 196 395 affectione
223 342 254 396 et
270 331 434 397 substantia
459 331 544 396 nobis
571 327 717 409 obtrudit3
748 305 814 392 cum
839 326 908 390 illud
931 327 962 390 in
983 326 1122 390 eoniesso
1146 326 1197 406 sit,

29 443 155 498 creatas
172 453 222 498 res
244 455 346 504 omnes
367 455 434 499 esse
453 454 486 498 re
507 455 596 513 vera,
629 449 725 518 neque
742 428 891 494 tamenab
910 429 996 493 ullum
1015 430 1198 493 commodum

28 547 84 600 aut
98 537 314 602 incrementum
333 538 445 621 gloriae
462 557 477 600 a
495 537 568 615 deo,
600 536 647 620 qni
666 535 743 600 nulla
765 554 798 598 re
817 553 890 618 opos
908 532 1011 611 babet,
1045 531 1198 615 excogita·

29 651 80 703 tas
97 637 209 719 luisso3
239 661 298 704 non
314 661 400 704 secus
417 650 506 724 atque
524 640 552 702 in
571 639 659 702 unico
678 638 725 702 dei
744 637 821 714 lilio,
852 635 974 720 eiusque
989 645 1092 700 sancto
1112 634 1199 720 spiri·

30 755 79 822 tu,
104 743 190 806 nelos
205 754 252 806 est
264 764 329 806 corn
346 753 511 808 creaturum
526 763 624 805 reru·
641 741 809 804 conditione
823 739 890 803 illos
907 738 1084 822 adaequare.
1133 735 1198 802 Dici

31 845 117 908 enim
143 844 219 909 istud
244 845 323 910 nullo
346 847 433 910 modo
453 855 562 931 potest.
608 845 650 908 Αι
674 863 745 907 veru
770 841 935 906 rationibus
960 841 1198 926 syllogismisqbe

32 948 102 1011 suis
118 969 172 1011 nos
194 948 366 1034 aggreditur
381 949 506 1026 Aetius,
531 950 566 1010 de
586 946 763 1011 coelestibus
779 945 869 1009 rebus
885 941 1037 1028 garriens,
1062 953 1092 1006 et
1108 942 1199 1007 auda·

31 1061 103 1114 cter
120 1051 156 1114 ad
174 1050 327 1137 superiora
344 1051 544 1128 contendens,
570 1059 656 1134 atque
675 1048 711 1112 ab
728 1047 918 1112 inferioribus
938 1046 1083 1110 creaturis
1100 1047 1198 1132 petitis

31 1153 223 1236 argumentis
240 1175 294 1217 nos
311 1174 502 1240 oppugnans,
532 1172 596 1216 curu
613 1163 710 1215 tamen
729 1149 791 1214 suis
810 1148 868 1214 illis
885 1147 1090 1236 disputationis
1110 1169 1196 1234 argu·

32 1257 87 1319 tiis
105 1254 176 1319 nibil
198 1257 317 1320 omniuo
336 1264 519 1341 promoveat.
566 1251 725 1318 Hominum
749 1250 854 1338 quippe
879 1251 1021 1338 sapientia
1045 1252 1196 1337 praeterit,

32 1360 166 1422 humana
183 1359 375 1423 ratiocinandi
403 1357 450 1422 vis
466 1379 500 1422 ac
517 1357 663 1422 subtilitas
687 1357 859 1441 consepulta
876 1355 971 1420 iacetr
1002 1357 1118 1431 Euolat,
1151 1355 1196 1418 in·
1227 1372 1314 1420 unta.

32 1461 120 1546 quit,
154 1466 272 1542 rpr'rr'tus
287 1465 348 1524 eiua
364 1472 395 1524 et
408 1471 569 1523 revertebar
588 1464 617 1522 iu
631 1463 776 1540 puluerem
796 1481 888 1522 ruam.
935 1455 1196 1545 Syllogismorum,
1224 1427 1271 1483 ω’
1285 1428 1317 1471 ¹⁴⁸

31 1565 176 1648 iuquam,
210 1563 346 1628 acumina
373 1562 471 1627 omunia
490 1563 636 1628 bominum
660 1561 788 1646 ingeniis
808 1561 978 1646 excogitata
995 1570 1196 1647 praetereunt,

31 1667 231 1752 hominesque
248 1666 360 1751 pariter
374 1687 440 1730 cum
457 1665 506 1731 illa
522 1664 603 1729 aaut
622 1664 867 1744 ratiocinatione,
892 1676 922 1728 et
938 1665 1079 1728 affectato
1095 1675 1199 1728 contre

32 1771 124 1834 iidem
153 1767 319 1833 calliditatis
344 1768 480 1833 artillcio.
526 1773 628 1831 Mouet
649 1778 746 1831 autem
771 1787 807 1832 ea
827 1789 913 1853 quam
932 1767 1111 1854 syllogismis
1136 1766 1198 1831 suis

32 1871 254 1938 circumvenire
276 1883 418 1951 conatur,
433 1874 530 1953 fides,
554 1893 635 1953 spes,
660 1877 832 1947 eternitas,
858 1871 899 1936 uti
921 1872 1061 1956 scriptum
1084 1880 1143 1934 est.
1230 1885 1249 1930 ι.
1259 1885 1313 1930 cor.

126 1975 206 2039 seuit
225 1970 322 2059 Caput
338 1971 448 2038 XXll.
493 1971 527 2039 si
550 1974 710 2037 substantia
738 1974 832 2038 omnis
857 1973 988 2058 ingenita
1010 1974 1066 2053 sit,
1098 1973 1196 2038 cnius-
1221 1939 1301 1994 ”⁹¹⁸¹

34 2076 117 2142 modi
135 2087 183 2141 est
195 2077 405 2162 omnipotentis
423 2077 488 2155 dei,
513 2077 580 2162 quid
599 2077 705 2140 attinet
720 2076 795 2140 hanc
812 2078 926 2161 quidem
944 2076 1129 2162 passionibus
1146 2075 1198 2140 ob-

35 2179 181 2261 noxiam,
217 2180 297 2244 illam
322 2200 397 2244 vero
420 2190 573 2265 expertem
598 2181 794 2243 asseveraret
846 2176 982 2261 Quodsi
1007 2179 1198 2243 attributione

36 2284 164 2368 quadam
179 2283 328 2367 ingenitae
346 2293 487 2361 naturae,
512 2282 605 2347 altera
622 2281 802 2366 quantitate,
826 2283 981 2366 qualitate,
1016 2292 1103 2366 atque
1119 2280 1199 2346 omui

35 2405 163 2472 prorsus
191 2397 291 2449 manet
320 2385 483 2450 mutatione
511 2384 663 2470 superior,
698 2385 790 2448 altera
821 2383 1025 2448 affectionibus
1054 2383 1197 2463 obnoxia,

36 2509 115 2573 quae
130 2499 226 2551 tanen
243 2487 326 2573 ipsa,
350 2499 383 2551 ut
399 2487 572 2552 immutabili
589 2488 771 2552 substantiae
789 2487 958 2552 conditione
974 2486 1030 2568 sit,
1055 2485 1198 2552 beneficio

37 2591 164 2676 quodam
178 2589 302 2657 alterius
315 2590 355 2654 sit
371 2592 493 2674 adepta,
525 2591 550 2654 si
566 2591 654 2666 baec,
685 2591 822 2675 inquam,
853 2591 893 2656 ite
916 2611 949 2655 se
972 2589 1116 2669 babeant,
1148 2601 1199 2654 aut

37 2715 131 2771 casu,
161 2692 336 2757 ac-lortuito
352 2693 381 2756 id
399 2692 560 2778 contigisse
580 2695 734 2760 dicendum
759 2704 822 2773 est,
854 2705 904 2758 aut
922 2693 992 2757 illod
1013 2712 1198 2778 consequens

38 2807 104 2876 est,
128 2807 204 2860 utet
220 2817 255 2861 ea
271 2814 345 2882 qnae
362 2796 424 2881 agit
438 2795 589 2882 ingenita,
621 2807 651 2860 et
669 2817 745 2882 quae
765 2798 954 2862 mumtiouem
971 2796 1080 2882 patitur
1099 2797 1199 2882 genita

37 2909 209 2963 censeatur.

127 2998 251 3066 Coulut.
271 2997 378 3064 XXll.
426 2998 451 3064 l.
475 2999 584 3087 Neque
601 3003 794 3068 substantiam
816 3023 931 3066 omnem
949 3001 1109 3086 ingenitam
1131 3021 1198 3066 esse

38 3105 181 3182 dicimus,
214 3125 269 3168 uec
286 3124 401 3168 omnem
422 3105 511 3168 adeo
532 3107 680 3191 genitam,
712 3105 847 3190 quoniam
870 3105 917 3190 qni
935 3104 1023 3168 lilium
1039 3126 1124 3170 suum
1147 3125 1199 3189 ge·

38 3210 121 3287 uuit,
154 3217 185 3270 et
200 3227 217 3270 a
234 3227 267 3271 se
287 3207 352 3292 ipso
376 3205 510 3292 spiritum
530 3219 663 3272 sanctum
680 3207 794 3289 emisit,
825 3209 905 3273 illum
926 3207 1044 3293 inquam
1065 3207 1198 3294 spiritum

40 3311 86 3395 qui
105 3331 208 3374 eorum
226 3331 299 3395 quae
317 3309 366 3373 lilii
379 3319 448 3374 suut
461 3308 609 3396 particeps
621 3311 686 3391 luit,
711 3331 768 3375 non
786 3331 901 3390 omnes,
925 3311 977 3374 sed
995 3331 1082 3375 unum
1096 3311 1200 3376 dunta-

40 3425 90 3478 xat
105 3411 229 3498 genuit3
253 3413 330 3477 unde
345 3423 375 3477 et
390 3411 557 3498 unigenitus
574 3423 638 3494 est,
662 3423 692 3478 st
707 3435 797 3478 unum
811 3413 910 3478 emisit
925 3435 942 3478 a
960 3435 994 3478 se
1014 3414 1097 3500 ipso,
1122 3415 1199 3482 unde

40 3517 162 3602 spiritus
187 3526 319 3580 sanctus.
365 3511 426 3580 Per
447 3537 535 3579 unum
563 3537 651 3601 porro
676 3517 805 3596 creauit,
839 3527 869 3581 et
884 3516 914 3581 in
936 3537 995 3583 uno
1015 3517 1200 3582 confirmavit

41 3639 164 3697 omues,
190 3639 312 3703 quorum
329 3617 377 3680 alii
392 3618 553 3702 generandi
570 3619 628 3682 siut
644 3618 770 3699 babent,
803 3630 832 3684 et
852 3630 918 3706 pust
933 3621 1055 3706 primam
1073 3619 1199 3684 creatio·

42 3741 109 3786 nem
128 3719 269 3805 deinceps
282 3731 482 3805 generantur,
506 3721 555 3785 alii
572 3721 615 3785 sic
632 3722 724 3785 creati
744 3733 814 3787 sunt
832 3736 863 3788 ut
879 3743 974 3809 raeque
989 3722 1122 3808 gignant,
1148 3741 1200 3785 ns·

42 3845 95 3907 que
114 3824 286 3908 gignantur.
335 3821 446 3888 Verum
470 3824 601 3888 increata
626 3824 766 3890 trinitatis
792 3826 956 3892 substantia
980 3825 1069 3908 longe
1094 3823 1130 3887 ab
1155 3823 1200 3888 his
1315 3867 1318 3875 ι

42 3927 177 3991 omnibus
192 3926 289 4005 abest,
313 3946 388 4011 quae
405 3927 441 3990 ab
459 3926 524 4012 ipsa
540 3926 670 3992 trinitate
687 3940 786 3994 creata
803 3940 883 4010 sunt,
907 3950 965 3992 uon
983 3925 1095 4012 genita.
1131 3924 1200 3990 ldeo
1228 3954 1315 4002 Μ,

42 4029 182 4094 trinitatis
198 4029 265 4094 illud
281 4030 429 4115 proprium
446 4039 511 4110 est,
536 4040 567 4094 ot
584 4051 678 4114 neque
694 4031 751 4116 pati
768 4032 934 4116 quicquam,
957 4049 1053 4113 neque
1070 4049 1200 4096 commu·
1231 4008 1264 4065 ¹²·
1276 4008 1309 4054 ⁸²

43 4195 146 4258 babere,
176 4216 208 4250 eo
233 4197 302 4268 quod
326 4211 419 4268 sponte
442 4217 487 4252 sua
510 4201 604 4252 amicus
638 4195 694 4264 (atla
709 4203 807 4252 articulo
823 4199 917 4268 umlssol
933 4196 967 4254 'cri
980 4197 1045 4255 κατὰ
1060 4198 1200 4271 τᾶςιιροιι·

43 4267 165 4331 permittit
182 4285 211 4318 ea
228 4285 292 4337 quae
308 4278 366 4318 sunt
385 4269 529 4340 praedicta,
554 4275 605 4322 cett.
639 4267 758 4336 ρημέιας.

73 4335 95 4386 t.
115 4339 154 4388 rra
168 4337 238 4388 nco.
254 4351 309 4388 naa.
346 4337 409 4388 scca
426 4340 510 4390 nnat
526 4332 604 4392 atra·
627 4347 632 4352 ·
672 4335 696 4388 c.
717 4339 790 4401 uano
801 4329 826 4404 ‘a
843 4333 873 4391 τό
892 4330 916 4404 γ’
933 4327 983 4390 ola

46 4402 123 4472 adron
672 4403 696 4457 7.
713 4406 758 4458 τοῦ
776 4407 863 4457 erctdd
878 4409 909 4456 ob
925 4409 979 4458 edit
997 4409 1098 4460 ΡΜ.

74 4475 97 4523 5.
124 4474 207 4537 Supra
226 4476 296 4537 culpo
316 4478 380 4526 estut
400 4478 514 4538 sculptum
535 4472 606 4544 plica
