3044 5018
356 321 441 374 τουν
458 319 587 374 molus
607 321 688 374 ms
706 319 897 374 νοοτππνοπ.
1144 307 1206 374 δδδ

54 459 126 512 quam
140 439 287 510 εαύρλιιεεαι
303 457 369 492 σασα
383 441 465 492 firmat
479 440 555 492 etiam
572 442 689 492 Venetus.
726 439 793 492 Idem
808 440 871 492 liber
886 438 962 509 palo
975 449 1033 509 ροσε
1045 438 1087 495 έπί
1100 439 1210 509 πλείστα

27 524 150 596 ίῑρθόνῳ.
170 555 200 566 -
235 525 252 576 1.
270 525 313 576 σία
332 525 464 594 Vulgatam
481 522 613 591 έπιναιῑσαι
629 535 713 578 tuetur
730 527 806 578 etiam
823 528 886 577 Ven.

119 612 285 683 Ριμβθ.
318 609 336 662 λ.
351 611 375 662 2.
403 609 513 662 δεύοιτό
535 621 636 677 poterut
654 611 754 680 vulgata
775 612 899 679 εενῦριινεε
922 605 1021 678 όρίσαι,
1049 611 1087 672 είς
1100 629 1210 682 παραχρ.

27 691 86 764 ἱερή
105 727 135 738 -.
152 693 354 762 παρασκευάσαι.
390 696 444 746 Nec
459 695 532 748 είίιεν
547 695 638 762 legitur
653 696 679 746 ἰιε
694 697 808 758 Veneto,
827 697 868 764 qui
884 696 966 764 pergit
980 691 1011 748 '0
1028 693 1059 750 δέ
1072 693 1109 763 μη
1125 695 1210 764 φέρων

27 781 98 850 ττήν
114 777 240 848 τοσαύτην
261 782 309 847 τῆς
323 783 392 850 δισβ.
407 809 439 820 -
474 777 528 832 λί.
546 778 636 849 γνώμη
652 777 725 834 πάλιν
740 782 814 836 τοῦτο
830 782 893 832 Ven.
909 807 943 820 -
976 779 1062 832 λόει
1077 780 1101 833 6.
1119 778 1209 848 έπειδιί

41 862 118 926 ἓόλως
134 867 236 934 καθωμ.
255 883 277 919 τ.
295 883 350 932 πρ.,
380 868 436 936 βαλ.
459 863 501 920 έπλ
525 871 612 935 χεῖρας
632 861 709 920 αύτοῦ
727 868 790 916 Ven.
810 895 838 906 -
875 865 891 918 1.
903 864 927 918 9.
950 863 994 926 δί,
1018 877 1076 932 pont
1090 859 1210 927 Ἀλεξαν-

27 952 140 1020 ῑ;δρείᾳ,
166 969 214 1002 om.
239 953 303 1000 Veu.
322 979 354 990 -
389 949 406 1000 l.
423 951 458 1002 10.
483 947 530 1018 τήν
549 950 726 1006 Παλαιστινιῦν
750 953 812 1001 Ven.
830 979 863 990 -
897 950 1005 1003 Νἰοοιεο
1026 951 1163 1002 Chonintae
1179 949 1211 1002 de

29 1063 37 1084 .·
54 1036 157 1104 Origene
171 1053 202 1088 εκ
218 1035 358 1104 Ερίρίνεαίο
373 1035 436 1089 haec
455 1046 494 1086 est
508 1036 618 1086 narratio
634 1037 754 1088 Τίιοεευτ.
772 1035 877 1088 orthod.
896 1035 950 1086 Fid.
966 1038 1016 1098 IV,
1032 1035 1080 1088 31:
1106 1029 1210 1101 Ὦριγέ·

41 1139 109 1188 ·νης,
136 1118 214 1176 όκαλ
233 1115 415 1188 ’λδαμιίντινος
437 1119 635 1187 έπονομασθείς,
662 1115 800 1188 λεγόμενός
821 1118 876 1174 έστι
895 1119 940 1174 καλ
955 1119 1107 1186 Σνντάκιης
1123 1117 1167 1174 διό
1180 1117 1209 1174 τό

32 1208 147 1276 ,πλῆθος
173 1206 223 1260 τῶν
249 1203 463 1274 συγγραμμάτων.
505 1203 544 1260 Τό
568 1204 612 1272 μλν
629 1205 700 1273 γένος
720 1194 753 1272 ην
773 1203 923 1272 Αἰγύπτιος,
951 1202 1006 1265 νίός
1022 1204 1150 1260 Λεωνίδου
1166 1207 1210 1260 τοῦ

27 1323 39 1342 ι.
53 1287 193 1360 όγιωτιίτου
207 1287 349 1358 μάρτυρος,
367 1289 393 1344 έν
410 1285 586 1359 ’Δλεξανδρείᾳ
601 1289 631 1345 δί
645 1288 693 1358 τόν
709 1291 807 1357 οίκησιν
823 1289 956 1361 έσχηκυίς,
975 1285 1054 1345 κάκεῖ
1064 1287 1211 1350 παιδευθείς

34 1376 96 1434 ,καλ
109 1372 270 1444 όνατραφείς.
302 1371 445 1443 Ἔφοίτησε
461 1374 506 1429 καλ
522 1367 575 1436 τοῖς
595 1375 621 1430 έν
636 1371 759 1442 Ἀθήναις
774 1376 977 1444 παιδευτηρίοις,
994 1374 1039 1428 καλ
1061 1373 1149 1443 γέγονε
1166 1363 1211 1442 μίν

36 1457 134 1529 ,λόγιος
147 1458 195 1529 την
210 1456 364 1528 Ἑλληνικήν
379 1459 502 1515 παιδείαν.
536 1456 683 1530 Ἐσχόλασε
700 1459 729 1514 δί
743 1459 788 1515 καί
801 1467 854 1522 τοῖς
874 1459 1095 1529 ἐκκλησιαστικαῖς
1110 1458 1211 1527 δόγμα-

56 1563 99 1599 σιν.
132 1541 197 1600 'Em
213 1543 243 1600 δί
257 1546 302 1600 τοῦ
319 1543 385 1600 κατιί
402 1545 489 1600 Δέκιον
507 1546 621 1612 διωγμοῦ
640 1543 719 1602 πολλοὶ
741 1545 786 1598 καί
801 1541 880 1606 αύτός
893 1546 1014 1600 πέπονθεν
1029 1541 1092 1611 ύπλρ
1106 1545 1151 1598 τοῦ
1166 1540 1211 1599 λό-

27 1662 40 1674 ,.
55 1649 97 1698 γον
113 1633 160 1699 τῆς
175 1630 300 1693 πίστεως,
318 1626 505 1698 ὀνειδιζόμενός
519 1647 548 1684 τε
560 1630 607 1684 καλ
619 1628 755 1697 συρόμενος
769 1628 812 1685 διὰ
826 1630 909 1698 μέσης
919 1631 968 1699 τῆς
980 1628 1089 1690 πόλεως,
1105 1628 1151 1683 καλ
1164 1632 1210 1700 βιτ-

28 1749 40 1780 r,
57 1713 135 1776 σύνοις
153 1713 355 1786 ῦποβαλλόμειος
368 1715 413 1770 καί
427 1712 617 1785 χλευαζόμενος.
654 1710 701 1768 Ἐν
718 1717 764 1785 μιᾷ
782 1714 846 1783 γὰρ,
873 1711 910 1777 οῦς
925 1715 1039 1784 λέγεται,
1056 1711 1211 1782 ξυρήσαντες

56 1795 128 1854 αύτόν
145 1795 306 1867 οῖ”Ελληνες
322 1797 386 1866 πρός
397 1801 431 1870 τη·
448 1794 572 1869 ἀναβάσει
586 1800 630 1855 τοῦ
646 1800 793 1868 Σαραπείον
815 1801 968 1868 καλουμένου
984 1800 1103 1868 τεμένους
1119 1796 1211 1854 έκύθι·

32 1901 115 1950 .σαν,
140 1883 250 1946 θαλλούς
272 1883 451 1952 ἐπιτρέψαντες
475 1882 572 1941 διδόναι
593 1885 711 1952 φοινίκων
727 1891 781 1946 τοῖς
796 1881 907 1942 ἀνιοῦσιν
923 1885 959 1944 είς
975 1885 1141 1952 προςκῦνησιν
1165 1885 1209 1938 τοῦ

31 1993 33 2001 ·
56 1965 208 2035 Σαράπιδος.
242 1970 326 2025 Τοῦτο
346 1967 395 2038 γὰρ
411 1969 456 2024 καλ
475 1971 498 2024 οἱ
513 1971 563 2025 τυῦν
576 1967 689 2025 είδεόλων
706 1967 835 2026 είεόθασαν
857 1977 935 2026 παεῖν
953 1972 1037 2037 ἱερεῖς.
1071 1967 1103 2023 ‘0
1119 1967 1150 2024 δέ
1163 1972 1210 2024 λα·

27 2096 31 2126 :
58 2053 105 2122 βιόν
121 2054 221 2124 μεγάλῃ
237 2055 328 2124 φωνῇ,
349 2053 428 2122 μηδίν
443 2055 545 2116 δείσας,
565 2053 632 2122 μηδλ
648 2053 677 2110 δί
692 2051 832 2118 διστάσας,
849 2052 928 2126 ἐβόα,
946 2057 1039 2118 Δεῦτε,
1057 2052 1162 2123 λάβετε,
1180 2047 1210 2110 ού

27 2181 36 2212 .,
57 2137 95 2192 τόν
110 2139 202 2196 θαλλόν
215 2143 260 2196 τοῦ
280 2135 395 2205 είδυόλου,
412 2135 478 2194 ἀλλὰ
491 2137 534 2194 τόν
549 2137 642 2194 θαλλόν
651 2140 696 2194 τοῦ
707 2139 827 2206 Χριστοῦ.
854 2141 888 2194 Οί
899 2139 928 2194 δί
936 2141 985 2207 τῆς
1000 2139 1092 2200 κακίας
1106 2135 1210 2207 έργόταε

31 2273 32 2276 ,
58 2223 248 2290 παροξυνθέντες
264 2225 359 2293 αἳρεσιν
375 2220 446 2292 αύτῷ
462 2219 607 2292 προῦτειναν
624 2217 642 2290 ἦ
660 2224 739 2278 θῦσαι
753 2230 805 2286 τοῖς
822 2225 956 2294 δαίμοσιν,
981 2218 1045 2292 ἦτό
1062 2225 1139 2291 σῶμα
1152 2217 1210 2292 παρ’

61 2308 173 2372 λίθίονεος
188 2309 333 2378 μιανθῆναι.
368 2304 401 2362 ‘0
418 2307 449 2363 δί
464 2309 549 2377 φέρων
564 2309 620 2372 (εἰσ,
638 2309 682 2360 sed
695 2310 836 2362 Μοτείίίυιιι
847 2311 950 2362 venisse
964 2329 994 2362 ex
1010 2327 1056 2361 εσο
1073 2309 1159 2361 οοόίοο
1173 2309 1210 2360 τί·

61 2392 107 2446 deo
120 2414 195 2461 „oum
209 2407 259 2448 ιεπι
273 2395 420 2448 sceleratum
434 2405 546 2463 stuprum
563 2393 622 2446 ferri
636 2411 683 2447 νιοπ
699 2397 818 2463 ροεεοε“)
832 2393 879 2464 τήν
895 2395 1020 2462 τοσαύτην
1035 2387 1115 2465 ῦβριν,
1133 2392 1210 2450 ίλεει-

31 2542 34 2552 ,
59 2477 100 2546 νην
114 2479 201 2548 φωνην
217 2481 301 2548 (deut
316 2480 417 2532 verbum
431 2478 534 2547 ίρρηξε)
551 2476 588 2541 τός
605 2479 712 2547 αἱρεῖται
728 2483 821 2548 μᾶλλον
837 2477 915 2536 θύειν.
949 2481 1003 2536 Καὶ
1023 2475 1059 2540 οῦς
1075 2477 1121 2548 μίν
1137 2475 1152 2533 ό
1167 2495 1211 2533 πο·

61 2561 101 2624 λίς
116 2563 167 2635 έχει
182 2563 258 2633 λόγος
273 2563 437 2634 μετεμελήθη
452 2562 534 2630 πόλιν,
551 2565 596 2619 καλ
610 2559 658 2619 ούκ
671 2561 789 2634 έβούλετο
805 2573 893 2632 ποιεῖν,
911 2566 1002 2622 έκεῖνοι
1017 2564 1047 2620 δί
1062 2565 1111 2631 τῆς
1124 2561 1211 2632 προτί-

61 2665 103 2716 ρας
118 2647 270 2717 δραξάμενοι
283 2651 450 2711 καταθέσεως
465 2649 562 2720 λίβανον
582 2655 639 2710 ταῖς
655 2647 745 2704 τούτου
761 2651 846 2720 χερσὶν
866 2650 1004 2719 ένεθηκαν,
1030 2648 1076 2704 καί
1096 2651 1213 2704 καθεῖναι

60 2735 247 2800 παρεσκεύασαν
261 2736 298 2798 είς
311 2734 339 2792 τό
356 2735 413 2803 πῦρ.
424 2729 507 2790 ’Ὁθεν
522 2735 567 2790 καλ
581 2732 651 2802 παρὰ
664 2732 763 2790 πάντων
779 2739 830 2791 τῶν
847 2733 1009 2805 όμολογητιῦν
1024 2735 1068 2790 καλ
1083 2736 1133 2788 τῶν
1150 2751 1211 2801 μαρ-

60 2815 135 2885 τύρων
148 2821 313 2889 κατακριθελς
332 2816 459 2890 ίξεβλῆθη
474 2821 524 2887 Τῆς
540 2819 684 2888 έκκλησίας.
720 2819 813 2878 Δοιπόν
830 2819 860 2876 δί
876 2818 912 2890 μη
929 2821 1012 2890 φέρων
1027 2818 1073 2889 τὴν
1090 2817 1212 2890 αἰσχύνην

35 2951 38 2958 ,
61 2897 138 2971 όπήρε
154 2907 203 2974 τῆς
219 2901 410 2972 Ἀλεξανδρείας
429 2905 473 2958 καλ
487 2905 614 2976 κατέλαβε
628 2903 675 2974 τὴν
691 2899 871 2973 Παλαιστίνην.
903 2901 1070 2974 Ἐπιτραπεὶς
1091 2903 1121 2960 δὲ
1143 2902 1212 2972 παρὰ

61 2989 100 3041 τοῦ
116 2989 140 3044 έν
154 2987 340 3058 Ἱεροσολύμοις
359 2990 482 3056 ἱερατείαν
500 2990 573 3058 λόγον
596 2991 675 3047 είπεῖν
689 3009 744 3046 τινα
757 2989 904 3048 διδακτικόν
919 2981 964 3059 (ἦν
979 2989 1044 3060 γὰρ,
1060 2989 1142 3058 φησί,
1168 2989 1213 3044 καλ

61 3076 234 3144 πρεσβυτερίου
246 3074 294 3143 πρό
310 3075 355 3130 τοῦ
370 3076 448 3130 θῦσαι
462 3075 663 3144 κατηξιωμένος)
675 3071 786 3137 ἀναστὰς
802 3075 853 3146 έφη
862 3077 907 3131 τοῦ
920 3076 1127 3144 τεσσαρακοστοῦ
1144 3071 1211 3130 έννό·

62 3171 100 3210 τον
116 3163 216 3228 ψαλμοῦ
230 3159 323 3229 ῥητόν,
342 3160 389 3230 Τῷ
406 3158 437 3215 δλ
453 3157 597 3232 ἁμαρτωλῷ
613 3164 668 3216 κτλ.
690 3191 717 3202 -
752 3163 769 3214 λ.
784 3163 819 3217 λλ.
839 3163 944 3230 δεροαο
960 3161 1044 3216 εἵλατο
1060 3179 1090 3215 εκ
1105 3163 1168 3214 λίαν.
1186 3171 1212 3214 σε

63 3241 112 3294 διε.
147 3245 227 3300 εἵλετο
243 3245 297 3297 εολε
311 3245 387 3296 habet
404 3245 465 3297 ειίίι.
484 3249 566 3298 Petu.
585 3276 618 3286 -
652 3247 723 3300 1.12
748 3246 793 3302 καί
808 3243 844 3308 οῦς
860 3246 938 3300 huben
951 3247 1027 3300 etim
1046 3249 1109 3300 λίοεν.
1143 3247 1212 3300 idem

31 3379 35 3386 .
62 3322 78 3374 l·
90 3329 125 3380 13.
139 3330 257 3398 ίερατίον.
273 3360 299 3370 -
331 3330 346 3380 Ι.
360 3327 397 3384 λί.
418 3331 522 3402 δεροσα
532 3331 737 3400 προτρεπομένων
752 3323 803 3396 οῦν,
820 3332 888 3402 quod
904 3331 964 3385 olim
981 3333 1120 3401 εαερίοειυε
1135 3349 1211 3394 mm.

63 3425 123 3464 nunc
137 3432 167 3465 οι
180 3416 331 3468 auctoritato
348 3417 447 3468 Veneti.
483 3417 550 3468 idem
566 3417 716 3470 libentium
733 3417 749 3468 Ι.
767 3419 805 3470 ίό.
824 3418 905 3470 firmat
920 3417 988 3486 qnod
1002 3417 1100 3486 εοείρεί,
1117 3417 1212 3470 λοῦσαν

65 3500 301 3568 καταναγκασάντων
322 3501 373 3556 τεόν
398 3500 427 3556 τό
444 3503 590 3568 τηνικαῦτα.
607 3533 640 3544 -
675 3503 745 3556 λ17.
769 3499 843 3570 μόνον
858 3501 887 3558 τό
905 3503 949 3558 τοῦ
972 3503 1075 3570 ψαλμοῦ
1097 3504 1142 3558 τοῦ
1167 3498 1211 3571 μθ

65 3576 164 3639 έπειπελν
181 3589 244 3640 Van.
259 3615 289 3628 -
308 3585 324 3638 l.
337 3587 378 3640 θλ.
398 3586 443 3642 καί
459 3585 558 3643 πόντιον
573 3585 638 3655 όμσῦ
656 3590 716 3640 ven.
752 3587 821 3640 Idem
835 3587 853 3640 1.
863 3589 905 3643 23.
919 3588 989 3640 delet
1005 3588 1059 3644 Καὶ
1071 3599 1130 3640 νοτε
1148 3584 1213 3655 μετα

65 3663 152 3731 χρόνον.
173 3701 199 3712 ω-
236 3672 307 3724 λθίν.
324 3671 463 3742 Σαβίλλιον
478 3675 540 3724 λίεπ.
563 3704 595 3714 -
629 3673 645 3724 1.
660 3673 700 3728 27.
725 3672 772 3742 τήν
786 3672 869 3728 πίστιν
884 3667 1057 3738 α’ναδίξασθαι
1073 3674 1120 3740 (itu
1136 3675 1213 3724 νεειὶ-

31 3805 32 3810 ¹
66 3753 189 3824 tuendum)
206 3758 255 3824 τῆς
277 3752 318 3825 όγ.
335 3758 395 3812 θεοῦ
413 3757 567 3826 έκκλησίας·
592 3748 623 3826 ην
638 3756 688 3827 γόρ
702 3754 761 3814 τότε
776 3754 790 3812 ό
805 3754 883 3820 αύτός
900 3754 1038 3828 Ὤριγίνης
1058 3759 1107 3822 τῆς
1129 3751 1212 3824 σ’ρθῆε

66 3833 105 3887 καί
119 3841 256 3908 καθολικῆς
270 3839 416 3908 ἐκκλησίας.
442 3840 475 3896 '0
491 3842 520 3899 δί
534 3859 667 3914 προειρημ.
683 3853 758 3912 auget
773 3845 889 3896 Venetus.
907 3873 938 3886 -
972 3845 987 3894 1.
998 3847 1022 3896 ὁ.
1039 3843 1071 3896 nb
1086 3842 1133 3894 inf.
1152 3841 1211 3912 βαθ.

66 3917 110 3972 τεόν
125 3923 242 3992 ῥημάτων
256 3922 297 3994 νίἰ
315 3929 377 3979 Ven.
391 3958 425 3968 -
458 3929 476 3980 Ι.
493 3930 537 3982 ult.
555 3927 652 3998 τροφός
668 3923 739 3998 αύτῷ
758 3931 820 3980 ven.

126 4009 293 4082 Ριμδδ.
327 4011 382 4068 1.4.
400 4012 593 4082 έπιμελλςῦοσ.
610 4040 639 4054 -
674 4013 723 4066 λδ.
743 4012 796 4074 καί,
814 4024 873 4066 ante
890 4013 1050 4074 Θεοδοτίονος
1067 4012 1114 4081 (itt
1132 4023 1170 4066 εεε
1186 4013 1212 4065 in

69 4088 137 4157 δοῦ),
156 4111 205 4148 om.
223 4100 296 4160 ven„
314 4099 355 4167 qui
371 4100 453 4167 pergit
466 4099 594 4166 Πέμπιης
608 4116 636 4153 τε
654 4095 784 4159 έκδόσεννς
799 4097 864 4166 μετοί
879 4099 1048 4165 παραθέσεως
1063 4097 1121 4162 (καί
1136 4097 1213 4166 έκτης

69 4167 256 4251 ίαννείρίινν),
271 4213 303 4225 -
338 4185 353 4234 1.
363 4187 388 4238 δ.
406 4180 534 4253 Ἐβραῑκῇ
552 4183 670 4251 μίνλίειι.
686 4213 717 4224 --
751 4184 818 4236 λλΙ.
836 4183 894 4250 τῆς,
911 4194 969 4252 ροεε
980 4182 1145 4250 παραθέσεις,
1162 4201 1212 4236 οιπ.

69 4253 138 4323 ‘'w-1
162 4283 266 4336 pergem
289 4266 362 4339 Ἑβρ.
379 4266 457 4337 φύσει
476 4267 541 4336 μετὰ
563 4267 691 4338 στοιχείων
706 4269 750 4323 καλ
763 4265 908 4338 Ἑβραίκῆς
925 4263 959 4324 δι’
975 4265 1132 4335 Ἑλληνικῶν
1147 4285 1212 4324 στοι-

70 4340 149 4410 ιείυι,
167 4345 239 4414 &m
256 4381 290 4394 -
323 4355 341 4406 ν.
353 4353 391 4407 13.
409 4353 459 4408 ταν
475 4351 522 4410 ευ
538 4355 589 4408 τε.
607 4350 680 4425 Ἑρρ.
697 4356 761 4406 ν...
795 4353 864 4404 ιιι...
877 4353 895 4404 ι.
907 4351 945 4406 ιν.
961 4352 1163 4422 mmmm
1183 4381 1213 4394 -

70 4419 339 4506 Ῑ·19.ούχείπριλτοι
358 4436 440 4507 σίτην
459 4439 549 4507 legitur
568 4439 644 4492 οιίειιν
658 4440 683 4490 in
698 4441 762 4492 ven.
781 4467 813 4480 -·
848 4439 865 4492 Ι.
877 4439 920 4494 23.
938 4436 1004 4495 κατὰ
1019 4435 1048 4494 τό
1067 4435 1212 4506 σωμάτων.

72 4506 144 4607 θίμὲν
160 4519 210 4589 λέγ.
227 4519 302 4578 αύτόυ
316 4526 400 4592 νεῦρον
415 4525 478 4576 Van.
498 4551 528 4566 ·-
563 4524 697 4577 λαιόν.
722 4514 799 4593 ηύρεν
812 4525 876 4576 Ven.
912 4523 981 4576 λελοια
995 4523 1142 4593 paulopost
1155 4523 1214 4590 περί

72 4599 139 4652 αυτοῦ
152 4604 281 4676 λεγόμενα.
300 4639 333 4652 -
368 4610 484 4663 Ceterum
504 4609 572 4680 ερσιί
587 4609 703 4664 Ninum
720 4611 800 4664 Chon.
816 4609 892 4666 Thu.
909 4610 1017 4664 orthod.
1033 4609 1089 4662 Fid.
1105 4609 1149 4662 λλ
1164 4609 1212 4670 λος
