3066 5016
280 255 417 308 rantum
434 257 497 308 ura.
512 257 556 308 m.
581 255 663 309 rost.
677 257 709 306 u.
735 255 850 306 uxros.
869 253 935 307 aru.
954 253 1097 308 carmon.
1206 242 1268 306 tna

108 393 262 439 numerum
288 375 466 440 invenimus.
515 373 610 442 Unum
636 375 741 460 quibus
763 383 881 460 propter
906 395 992 440 unam
1015 375 1093 438 illam
1112 397 1130 440 a
1149 373 1269 459 reliquis

106 476 271 556 divulsam,
305 488 334 540 et
352 479 401 541 uui
424 499 533 564 sponso
558 478 714 556 tributam,
747 480 783 541 de
807 499 863 562 qua
887 475 1052 540 istiusmodi
1075 479 1269 563 appellatione

106 579 301 657 testificatur,
330 585 390 642 Une
403 594 447 643 ert
460 583 588 646 columba
603 602 674 654 meo,
700 590 730 642 et
744 601 867 656 rursus,
890 582 1020 658 Perfecta
1036 601 1106 641 meu.
1153 577 1269 663 Quibus

104 681 217 745 iudicat
234 683 353 766 pellices
373 705 476 747 omues
495 683 639 767 ignobiles
655 694 687 747 et
702 682 843 746 obscuras
862 701 942 760 esse,
967 701 1022 744 aee
1037 682 1205 744 innocentia
1219 690 1269 744 aut

105 785 245 848 castitate
268 806 302 848 ac
319 785 439 850 leuitate
464 786 592 850 censeri.
639 785 678 848 llt
701 783 817 869 quidem
837 785 873 847 ab
891 783 976 846 initio
991 785 1026 846 ad
1046 781 1268 846 barbarismum

105 909 141 950 ac
166 883 366 973 Scytbismum
388 889 423 951 ad
447 899 612 973 postremus
638 903 730 972 usque
757 885 957 951 Massalianos
979 883 1104 948 LXXV
1129 885 1269 950 haereses

104 990 272 1075 adscriptae
296 1001 375 1054 sunt.
421 990 469 1054 Ad
495 1011 567 1074 quas
588 989 787 1068 llelleoismo‚
819 990 895 1054 unde
913 989 1065 1072 gentilium
1088 998 1208 1067 seman,
1238 999 1269 1052 et

105 1089 275 1171 ludaismo,
299 1113 315 1155 a
333 1113 391 1177 qno
409 1089 547 1156 ludai'oae
563 1089 874 1177 samaritanorumque
893 1091 1038 1169 lactinae,
1069 1092 1147 1155 uude
1164 1087 1268 1155 Sama·

104 1194 211 1258 riticae
235 1205 416 1274 manarunt,
448 1194 673 1274 accedentibus,
709 1196 763 1259 boc
787 1205 832 1258 est
855 1195 948 1258 tribus
971 1193 1091 1258 omuino
1113 1195 1204 1257 sectis
1232 1194 1268 1256 ad

103 1293 263 1362 Lxxvtt
282 1299 464 1382 superiores,
488 1295 616 1362 LXXX
634 1318 773 1362 uumerus
788 1297 923 1360 efficitur.
970 1293 1115 1380 Superest
1130 1317 1200 1373 uua,
1224 1295 1269 1359 ui-

104 1399 212 1462 mirum
228 1411 329 1463 sancta
345 1410 375 1462 et
390 1400 549 1480 catholica,
574 1401 716 1478 ecclesia,
741 1421 816 1484 quae
834 1419 905 1463 vere
921 1395 1090 1463 Christiana
1106 1400 1211 1483 religio
1226 1399 1269 1462 di·

104 1502 202 1581 eitur‚
234 1503 440 1587 quaeqneiam
459 1517 518 1567 tum
539 1501 623 1582 olim,
656 1515 768 1567 etcum
792 1502 925 1580 adamo,
958 1500 1017 1564 imo
1035 1512 1104 1564 aute
1122 1501 1267 1566 aldamum

102 1606 218 1690 ipsum,
252 1605 384 1690 adeoque
407 1615 475 1668 aute
493 1606 724 1670 omniasaecnla
749 1627 814 1669 eum
831 1601 1084 1684 Christulluruit,
1116 1606 1152 1668 de
1177 1605 1268 1690 patris

105 1729 143 1772 ac
160 1707 210 1771 lilii
230 1717 260 1770 et
275 1707 396 1791 spiritus
417 1709 512 1771 saneti
536 1710 698 1773 voluntate.
745 1703 801 1771 Cui
822 1706 937 1790 quidem
955 1727 1059 1770 eorum
1073 1708 1201 1772 amnium
1219 1707 1267 1794 qui

103 1809 138 1874 in
168 1809 297 1894 qualibet
319 1809 513 1893 generatione
540 1812 595 1874 deo
625 1811 796 1896 placuerunt
823 1821 955 1894 tempure
989 1810 1061 1874 lidos
1092 1821 1139 1874 cst
1170 1809 1267 1875 habita

103 1923 136 1976 et
159 1911 334 1975 adveniente
359 1913 389 1976 in
415 1914 491 1976 hunc
513 1915 650 1976 mundum
671 1909 791 1976 Christo
814 1912 932 1975 domiuo
949 1913 1105 1976 manifeste
1124 1924 1171 1978 est
1186 1923 1267 1998 pate-

104 2017 202 2093 lacta,
236 2035 312 2078 nuuc
338 2025 435 2078 autem
456 2025 522 2099 post
538 2016 708 2101 superiores
727 2035 830 2078 omnes
854 2013 1013 2094 haereses,
1047 2014 1112 2080 sive
1132 2015 1265 2099 pellices,

103 2117 241 2182 oratione
258 2127 359 2181 uestra
378 2116 590 2203 praedicanda,
622 2118 864 2203 quemadmodum
887 2116 1012 2182 instituti
1030 2116 1176 2181 sermonis
1195 2119 1267 2181 urdo

102 2219 243 2304 pustulat.

191 2319 307 2408 Quippe
324 2321 445 2386 verbum
463 2322 556 2408 ipsum
574 2325 603 2387 iu
627 2321 762 2388 Canticis
781 2323 835 2386 boc
854 2323 940 2386 modo
961 2321 1144 2387 numeravit:
1174 2325 1266 2386 Serru-
1284 2331 1409 2402 capvtt.

101 2431 190 2506 gairto
205 2429 337 2506 regmos,
361 2437 391 2486 et
404 2431 549 2506 octoginta
563 2430 691 2507 pellr'cer,
716 2438 746 2488 et
762 2429 986 2488 adolescentulae
999 2447 1118 2507 quarum
1133 2447 1267 2488 reumerua

102 2549 163 2590 nort
181 2539 238 2590 est:
263 2540 395 2604 anneot,
420 2529 526 2612 inquit,
549 2531 677 2591 columba
693 2551 763 2604 meo,
784 2531 913 2609 perfecto
930 2549 1002 2604 meo,
1027 2534 1111 2592 anim
1126 2535 1270 2594 estmotrr'

101 2651 191 2705 sune,
222 2633 310 2692 electu
322 2636 463 2712 genitrici
475 2653 555 2693 runc.
604 2631 682 2695 'l'um
709 2632 777 2696 illud
801 2632 1000 2711 demonstrat,
1024 2633 1264 2716 quemadmodum

102 2732 229 2819 reperiri
254 2733 290 2796 ab
315 2734 450 2798 omnibus
475 2735 585 2819 possit,
619 2745 718 2820 utpote
748 2755 823 2818 quau
851 2734 987 2797 omnlbus
1013 2734 1186 2799 honoratior
1212 2736 1263 2816 sit,

101 2837 231 2921 imperet
254 2836 405 2915 omuibus,
440 2847 527 2920 atque
550 2837 605 2922 ipsi
627 2838 691 2902 sola
710 2838 790 2901 velut
807 2837 917 2900 eximia
936 2838 976 2900 sit
992 2848 1021 2898 et
1039 2838 1150 2917 electa,
1182 2838 1265 2904 euius

102 2937 158 3002 lilii
176 2959 262 3023 reges
279 2939 404 3002 heredes
430 2951 500 3004 sunt
516 2961 551 3003 ac
568 2940 711 3024 legitimi,
746 2940 800 3004 hoe
817 2949 862 3003 cst
876 2943 1072 3020 promr'rra'rmir
1086 2943 1185 3016 liberi,
1209 2963 1266 3004 noa
1281 2951 1360 3000 (tcta.
1372 2954 1407 3000 ar.

101 3043 243 3115 ancillae,
275 3063 370 3126 neque
387 3041 515 3128 pellicis,
546 3053 769 3121 ceterorumve,
801 3063 874 3127 quae
892 3042 972 3106 rrnllo
991 3063 1114 3107 numeru
1131 3065 1267 3130 compre·

102 3143 286 3208 lreuduntur.
323 3141 466 3226 Quamvis
483 3145 560 3208 enim
577 3166 617 3209 ex
634 3142 777 3210 Chettura
794 3145 955 3209 concubina
973 3165 1027 3209 sua
1042 3143 1151 3210 liberos
1168 3147 1266 3211 Abra·

102 3246 209 3310 bamus
227 3249 411 3332 susceperit,
436 3247 543 3311 nullam
561 3259 658 3311 tamen
675 3247 722 3312 isti
740 3270 805 3314 cum
827 3245 928 3312 lsaaoo
952 3249 980 3311 in
1001 3247 1165 3333 patrimonii
1185 3271 1265 3314 cum·
1277 3261 1405 3322 amase

102 3349 274 3413 munionem
293 3351 431 3428 verrium,
463 3351 514 3414 sed
541 3371 664 3414 mouera
692 3350 851 3429 duntaxat,
882 3351 964 3435 quasi
988 3352 1084 3436 legata
1106 3354 1262 3436 quaedam,
1344 3367 1345 3370 ’

101 3450 271 3537 accipiunt3
304 3462 335 3515 ut
354 3451 467 3517 altioris
487 3473 541 3516 nus
560 3473 667 3516 seusus
689 3453 783 3536 figora
805 3454 870 3537 ipsa
886 3464 1073 3518 commoneat
1087 3475 1124 3519 ue
1141 3456 1206 3539 quis
1228 3457 1263 3519 de

100 3551 219 3619 Christi
244 3555 399 3620 vocatione
420 3556 566 3640 desperet.
613 3553 691 3618 Nam
714 3556 878 3636 illudam,
909 3577 984 3641 quae
1004 3553 1122 3622 lsmattli
1141 3555 1265 3623 Chetta-

99 3677 216 3741 raeque
243 3656 311 3722 liliis
335 3657 523 3722 Abrahamus
551 3657 717 3737 distribuit,
754 3661 917 3723 l'cturorum
946 3661 1088 3725 bonorum
1105 3660 1262 3744 imaginem

100 3759 335 3840 adumbrabant,
368 3782 442 3845 quae
469 3761 622 3826 conversis
646 3761 680 3824 ad
706 3761 789 3824 tidem
814 3771 845 3825 et
870 3762 1024 3827 veritatem
1051 3762 1156 3826 animis
1179 3773 1264 3826 eraut

99 3861 282 3927 obventura.
329 3861 446 3926 Etenim
465 3863 549 3948 Agar
569 3864 710 3943 ancillae,
743 3885 828 3948 quam
844 3865 1031 3929 Abrabamus
1053 3864 1157 3944 eiecit,
1188 3885 1264 3951 qnae
1282 3879 1418 3940 omma

99 3976 151 4030 est
174 3963 322 4030 inferioris
340 3963 525 4030 Hierusalem
545 3967 638 4052 ligura
654 3988 719 4032 eum
743 3968 844 4032 liberis
860 3969 922 4032 suis
940 3988 997 4032 una
1022 3969 1196 4048 servientis,
1228 3971 1263 4035 de

99 4089 163 4154 qua
179 4065 317 4153 seriptum
335 4079 398 4148 cst,
422 4071 528 4132 Abram·
545 4082 661 4132 matrem
676 4083 811 4146 vestrone,
836 4072 923 4150 itam,
948 4075 1023 4134 usur·
1037 4073 1161 4134 libellum
1176 4095 1260 4155 repn-
1294 4089 1348 4134 ora.
1361 4089 1383 4134 ι

98 4176 151 4235 dia·
162 4177 191 4234 r'a
207 4193 306 4234 manas
321 4175 410 4234 allius.
457 4169 535 4237 lloio
549 4173 667 4259 iuquam
687 4173 919 4258 amramitae,
944 4178 979 4239 ad
994 4196 1074 4261 spem
1091 4178 1263 4241 conversio-

97 4275 151 4342 nis
168 4275 410 4356 adumbrandam,
436 4286 501 4339 uter
517 4297 611 4361 aquae
628 4279 711 4341 datus
728 4287 792 4356 est,
825 4300 882 4362 quo
903 4278 1010 4344 lavacri
1028 4277 1263 4363 regenerationis

95 4429 158 4483 edat
177 4429 260 4480 Petne.
280 4431 358 4482 cmm.
375 4437 447 4494 repet.
701 4435 772 4483 ettam
787 4435 923 4485 comanus.

137 4498 163 4548 2.
180 4491 286 4564 a’qabclv
303 4501 354 4548 cort.
372 4501 469 4563 btedtq.
504 4491 664 4566 trasenna.
733 4499 758 4553 3.
776 4495 847 4568 iptio
862 4505 929 4554 mou
945 4517 1000 4556 msa.
1035 4500 1111 4572 ἡμῶν
1128 4506 1185 4556 eddi
1200 4507 1261 4556 ΕΜ

94 4570 150 4622 len.
170 4571 192 4618 et
209 4567 282 4632 eddi,
306 4565 444 4619 futurorum
461 4567 584 4620 bonorum
600 4572 670 4621 uertit
