3066 5016
297 383 434 436 romanu
451 384 715 437 munusculi.
733 382 833 438 uuna.
851 383 964 437 cxxx.
1152 371 1214 436 ure

60 504 164 584 mitiis,
197 502 412 583 oblationibus,
444 503 618 589 screliquis
638 503 789 589 idganus.
834 500 920 587 Quaae
939 503 1049 567 cumin
1069 513 1214 590 potestate
1314 527 1315 532 ¹

59 629 110 672 sua
134 607 280 687 habeant,
314 605 420 691 quibus
443 606 639 691 regendorum
663 627 680 668 a
706 605 761 670 deo
785 605 956 691 populorum
982 617 1028 670 est
1057 606 1214 672 commissa

59 710 225 797 provincia,
256 710 358 773 borum
385 719 482 774 tamen
499 707 564 773 usui
587 708 675 794 plene
694 709 869 792 penitusque
886 729 944 772 nou
965 707 1136 793 indulgent,
1167 707 1217 794 qui

58 815 111 878 dec
134 813 265 898 peu-lecte
289 811 405 897 placere
427 811 560 876 sorello
583 811 769 896 profitentur.

141 912 188 978 llli
205 912 283 978 enim
301 914 417 977 tametsi
437 935 453 977 e
471 915 657 978 secerdotum
677 934 799 978 numero
816 913 892 989 sint,
917 913 953 976 ad
973 913 1151 980 sanctissimi
1168 912 1213 977 sui
1232 914 1293 984 cap.
1308 913 1352 966 Vl·

58 1018 215 1083 secundum
234 1018 319 1080 deum
338 1015 368 1078 in
388 1012 510 1082 Clrristo
534 1017 625 1101 patris
644 1015 836 1080 imitationem
859 1013 996 1099 (Paulum
1016 1015 1217 1102 apostolorum

58 1119 222 1204 intelligo),
247 1141 306 1182 ucu
324 1139 427 1182 omnes
443 1119 578 1204 quidem,
603 1119 654 1181 sed
673 1119 802 1203 plerique
822 1129 918 1182 tamen
938 1119 972 1182 ad
990 1129 1154 1202 susceptam
1173 1119 1217 1182 di·

58 1223 116 1286 riui
142 1221 226 1286 verbi
252 1219 501 1306 praedicationem
531 1231 686 1286 externam
719 1241 857 1284 manuum
888 1241 1008 1305 operam
1037 1221 1214 1306 adiungunt3

58 1346 259 1411 quamcunque
283 1327 397 1390 demum
421 1336 514 1388 artem
533 1323 630 1408 adepti
654 1324 730 1401 siut,
765 1343 840 1408 quae
865 1344 921 1386 nec
943 1343 960 1386 e
982 1323 1122 1406 dignitate
1147 1343 1214 1402 sua,

58 1449 110 1492 uec
128 1428 164 1491 ab
178 1429 324 1492 ecclesiae
343 1448 414 1491 cura
431 1448 517 1512 quam
536 1437 705 1512 perpetuam
724 1436 850 1509 gerunt,
883 1424 1057 1504 abhorreat,
1089 1436 1121 1490 ut
1137 1426 1216 1512 ipso·

57 1551 120 1594 rum
151 1531 351 1610 conscientia,
384 1540 502 1617 praeter
530 1529 611 1604 illum
637 1527 728 1591 diuini
755 1527 836 1592 verbi
860 1527 1045 1614 praedicandi
1072 1528 1214 1609 loborem,

57 1633 238 1718 propriarum
256 1655 392 1697 manuum
411 1633 536 1696 fructum
555 1632 672 1710 terens,
697 1650 732 1694 ac
748 1651 813 1694 cum
831 1630 974 1717 sibiipsi,
1000 1641 1059 1694 turn
1076 1631 1216 1696 tratribus

56 1748 84 1800 et
100 1736 257 1820 egentibus
274 1735 373 1821 operis
392 1735 438 1799 aui
457 1743 611 1820 quaestum
628 1732 820 1818 impertiens,
843 1733 994 1819 volruptate
1011 1733 1214 1818 pertundetur,

57 1839 110 1902 boc
136 1848 183 1902 est
205 1849 263 1902 tam
289 1837 432 1923 primitias
453 1847 484 1902 et
504 1835 689 1914 oblationes,
722 1856 808 1920 quam
832 1835 908 1921 quod
935 1856 1071 1900 manuum
1098 1855 1216 1900 suornm

58 1961 149 2026 opera
167 1940 263 2005 lucelli
280 1940 441 2025 quaesierit
456 1960 521 2003 com
538 1938 682 2024 proximis
700 1938 763 2001 sois
788 1938 864 2002 ultro
882 1959 936 2024 pro
952 1937 1068 2002 ardenti
1084 1939 1114 2002 in
1130 1940 1215 2002 deum

55 2063 157 2106 amore
178 2043 386 2107 communicet.
432 2041 523 2126 Atqui
548 2041 625 2104 nulla
649 2039 729 2103 adid
748 2040 894 2123 agendum
917 2040 1096 2105 necessitate
1120 2040 1216 2106 coacti

53 2145 241 2230 damnatique
257 2155 337 2209 suut.
384 2141 445 2210 Sed
466 2163 531 2207 cum
546 2141 726 2208 iustissimos
754 2143 829 2206 alios
851 2142 969 2207 labores
989 2154 1019 2206 et
1036 2143 1216 2208 ecclesiasti-

55 2269 104 2312 ces
122 2248 333 2333 occupationes
359 2247 504 2325 babeant,
538 2256 568 2309 et
585 2265 640 2330 pro
662 2265 700 2308 eo
721 2254 808 2330 atque
826 2265 950 2329 aequum
967 2255 1015 2309 eat
1032 2246 1072 2309 ali
1088 2244 1215 2310 indidem

54 2349 199 2429 debeant,
230 2350 410 2415 abundantia
434 2349 557 2433 quadam
581 2347 700 2411 virtutis
726 2357 756 2411 et
772 2347 907 2433 prolixae
931 2347 1092 2413 voluntatis
1111 2348 1140 2411 id
1160 2345 1216 2414 sibi

54 2453 157 2516 oneris
173 2453 337 2538 imponunt.
383 2449 501 2515 Etenim
526 2449 643 2514 divinus
659 2449 775 2514 illorum
791 2449 925 2528 suimus,
956 2461 986 2513 et
1002 2451 1030 2514 in
1048 2451 1094 2515 dei
1111 2451 1216 2516 timore

54 2552 223 2632 stabilitus,
255 2555 412 2638 infusaque
430 2575 448 2617 a
463 2552 567 2638 spiritu
583 2562 686 2616 sancto
705 2551 828 2616 scientia
848 2553 1013 2637 praeditus,
1044 2553 1215 2634 coelestium

54 2677 142 2740 opum
158 2675 232 2740 quae
250 2655 409 2720 iniustitia
426 2655 538 2741 positae
554 2666 622 2718 suot
640 2653 788 2720 desiderio
803 2666 939 2735 tenetur,
963 2677 1036 2741 quas
1053 2677 1119 2720 cum
1131 2656 1216 2720 lauda
1271 2641 1273 2646 ’

53 2767 83 2822 et
99 2759 219 2844 gloria,
252 2758 439 2843 egregiisque
459 2758 544 2822 lactis
560 2778 577 2821 e
594 2757 702 2821 divinia
720 2757 905 2842 dogmatibus
925 2779 959 2822 ae
977 2779 1129 2824 sacrorum
1154 2761 1218 2825 lite·

52 2881 154 2925 rarum
179 2871 210 2924 ct
228 2860 414 2926 oraculorum
434 2861 481 2924 dei
500 2859 708 2940 meditatione,
742 2871 829 2944 atque
850 2857 1064 2925 ePsalmorum
1090 2883 1217 2926 concen-

52 2961 183 3028 tionibus
202 2973 232 3028 et
248 2963 460 3027 ecclesiasticis
486 2962 699 3042 conventibus,
734 2983 789 3026 nec
814 2983 871 3026 nou
896 2973 927 3026 et
948 2963 1060 3028 sanetis
1084 2963 1215 3044 ieiuniis,

52 3067 210 3144 castitate,
243 3065 466 3150 religiosissimo
488 3065 607 3130 vivendi
626 3063 782 3144 instituto,
815 3083 850 3128 ec
864 3075 969 3149 sponte
984 3065 1039 3129 sibi
1053 3066 1163 3132 indicta
1178 3066 1217 3130 ob

51 3187 186 3232 amorem
209 3167 341 3232 institiae
366 3189 502 3232 manuum
529 3187 619 3253 opera
645 3176 878 3250 consequuntur.
926 3165 982 3231 Est
1001 3178 1032 3231 et
1053 3169 1108 3232 alia
1128 3189 1217 3255 quae-

50 3270 114 3335 dam
144 3271 265 3334 vivendi
293 3272 386 3334 dorma
406 3291 440 3334 ac
459 3269 632 3354 disciplina,
665 3291 720 3354 qua
745 3269 910 3332 istiusmodi
936 3273 1097 3335 venerandi
1123 3273 1217 3337 nostri

51 3374 165 3437 iratres
190 3384 312 3437 utuntur
335 3373 383 3457 qui
405 3373 434 3435 io
450 3369 668 3457 Mesopotamia
694 3373 723 3434 iu
749 3371 956 3453 monasteriis,
987 3394 1061 3458 quas
1078 3379 1217 3438 Mandros

48 3477 217 3562 appellant,
242 3474 419 3553 domicilium
436 3475 577 3538 fixerunt.
623 3471 683 3557 Qui
700 3484 729 3537 et
745 3495 845 3540 eomas
861 3465 1032 3539 muliebrem
1049 3476 1079 3542 io
1100 3479 1215 3543 modurn

49 3579 247 3663 promittunt,
271 3588 302 3641 et
319 3577 445 3642 cilicium
465 3578 612 3662 propalam
630 3577 781 3641 affectant.
828 3573 888 3642 Sed
907 3578 1044 3644 nimirum
1063 3581 1217 3667 oportebat

48 3693 176 3748 sanctae
195 3681 339 3766 virginis,
369 3701 405 3744 ac
424 3689 544 3744 nostrae
568 3679 670 3744 matris
688 3679 833 3745 ecclesiae
858 3679 967 3746 liberos
986 3703 1054 3748 esse
1072 3683 1216 3770 perbone-

48 3794 132 3866 stes,
170 3785 288 3848 domum
310 3793 484 3861 servantes,
519 3782 651 3867 deoque,
683 3783 732 3868 qui
759 3782 862 3847 abdita
881 3785 1052 3870 occultoque
1079 3786 1161 3852 novit
1180 3807 1215 3851 ac
1244 3795 1331 3842 meua.

47 3833 293 3972 paladopraemia
314 3885 472 3971 persolvit,
497 3885 538 3948 oti
560 3885 782 3970 scriptumest,
806 3885 1148 3967 inebditoservieotes,
1172 3887 1215 3952 id·
1261 3850 1317 3906 θ’

48 4011 103 4074 qoo
120 3990 252 4067 decora,
284 3998 403 4072 propter
425 3997 548 4052 exteros
567 3996 597 4050 et
617 3986 760 4066 honeste,
783 3988 858 4052 adeo
874 4000 907 4052 ut
923 3990 1030 4054 nullam
1046 3991 1108 4053 ab
1099 4001 1216 4056 uoluen-

48 4092 127 4156 tibus
154 4091 322 4155 mercedem
346 4101 396 4154 aut
420 4089 544 4174 gratiam
572 4100 794 4176 exspectarent.
841 4089 988 4156 Estenim
1013 4094 1051 4156 ab
1070 4092 1215 4158 ecclesiae

49 4195 217 4258 catholicae
242 4203 273 4257 et
291 4193 490 4279 apostolorum
518 4193 652 4258 doctrina
675 4214 798 4279 prorsus
824 4195 952 4260 alienum
971 4195 1096 4260 cilicium
1121 4198 1215 4281 palam

46 4297 289 4382 praeseferre,
321 4297 698 4360 ancomamsummittere.
746 4301 898 4372 ldrcnon
931 4296 1209 4382 inquitapcstclus,
1242 4311 1329 4360 nm.

47 4417 155 4462 comam
180 4404 294 4462 nutrire
313 4421 369 4461 non
391 4401 487 4472 dedet,
512 4420 574 4460 cum
596 4403 689 4480 ainago
711 4402 760 4461 dea
776 4403 816 4460 sot
836 4411 867 4460 ct
883 4403 991 4481 glunit.
1249 4367 1283 4421 11,
1296 4367 1329 4412 η

46 4567 223 4637 &repetendoque
239 4572 351 4622 tmronnn
366 4575 399 4620 eet
415 4573 542 4632 aetpturo.
576 4567 618 4622 tx
651 4572 797 4638 rtuatuertr't
819 4576 882 4624 enim
903 4573 1107 4641 cornamento)
1128 4577 1217 4638 etpost

44 4637 180 4708 τειναμένη
203 4640 375 4690 mordendum
394 4639 510 4690 tudtcaott
529 4639 618 4693 cenom
652 4653 705 4694 eum
722 4641 842 4696 Petootue
