3068 5008
337 247 401 310 756
794 259 903 313 lNllllX
920 259 1047 316 neuun.

338 375 472 446 Epiphanli
495 375 602 446 epistola
628 376 746 430 adversus
770 379 902 432 Antidicn-
938 380 1151 448 Evangelistarssor
1183 379 1330 434 inanem
1363 382 1389 434 in
1423 383 1491 434 aare

372 461 516 514 marianitas
534 466 609 513 1064.
970 465 1095 517 scribendi
1112 469 1172 520 420.

338 546 472 616 Epiphanii
487 547 610 600 modestia
627 557 652 599 et
671 549 758 600 venias
777 550 900 620 depreca·
937 549 1111 618 Evangelistae
1138 569 1183 603 cnr
1207 569 1259 603 non
1296 551 1389 604 eaden
1425 569 1490 604 mars

370 631 408 683 tio
426 631 451 683 irr
468 633 611 686 haeresibus
629 634 790 688 confutandis
809 640 884 691 1100.
971 637 1128 688 narraverint
1146 641 1207 688 422.

335 715 488 786 Epiphanius
514 736 564 788 quo
595 729 728 787 tempore,
762 729 788 772 at
813 722 900 790 quibas
935 721 1110 791 Evangelistae
1134 723 1292 791 explicantur
1318 733 1349 774 et
1367 724 1491 776 mnda-

368 801 561 872 insperatcn'bus
579 803 707 873 scripserit
723 810 781 858 404.
970 817 1012 858 tur
1034 811 1094 858 800.

335 887 489 957 Epiphanius
506 889 615 941 incertus
633 907 664 942 an
684 890 754 960 virgo
770 892 849 945 Maria
867 893 901 944 sit
935 893 1148 960 Evangelistarnsn
1165 893 1309 944 condiistio
1327 893 1401 945 sirca
1421 911 1491 946 aar·

368 977 611 1027 6100641000-
651 977 747 1030 Mariae
771 977 900 1046 virginitas
968 995 1022 1028 runs
1053 978 1275 1030 daemoniacorum
1303 983 1364 1030 666.
1402 1011 1436 1020 -
1474 991 1492 1030 et

369 1063 446 1112 1066.
967 1063 1106 1134 scripturas
1122 1063 1266 1133 proprietas
1285 1065 1435 1134 explicatas
1449 1069 1491 1116 664

265 1133 269 1150 '
334 1145 469 1215 Epiphaaii
477 1146 601 1199 modestia
612 1148 637 1198 in
645 1148 802 1217 suscipienda
811 1149 900 1219 dispu-
934 1148 1095 1217 Evangeliusu
1106 1149 1298 1218 Aegyptiam,
1315 1150 1492 1220 liberapoey·

367 1229 464 1284 tatione
481 1232 600 1285 adversus
617 1232 732 1284 haereses
750 1239 774 1285 6.
967 1232 1031 1302 plrus
1050 1238 1108 1284 614.

333 1315 453 1386 Ephraim
470 1321 547 1388 Syrus
566 1319 634 1370 citat.
653 1323 712 1370 444.
732 1319 876 1384 (addend)
934 1319 1094 1387 Evangeliunr
1127 1319 1276 1387 veritatem,
1314 1321 1361 1373 lex
1398 1323 1492 1374 nralru

333 1402 468 1472 Episcopi,
486 1404 644 1473 presbyteri,
661 1404 777 1472 diaconi,
796 1404 899 1457 subdia-
968 1405 1083 1456 continet
1098 1407 1139 1455 19.

369 1488 442 1552 coni,
467 1489 591 1553 lectores,
615 1489 785 1555 diaconissae,
814 1501 840 1542 et
865 1490 899 1542 nd
933 1489 1064 1558 Evangelii
1085 1490 1119 1541 de
1144 1489 1255 1554 sesninc,
1286 1503 1314 1543 et
1333 1493 1490 1545 lscasiaaiai·

366 1573 428 1643 qaid
442 1574 573 1627 institutae
591 1579 666 1628 1104.
685 1605 712 1616 -
742 1576 827 1645 quales
845 1593 899 1628 csse
966 1574 1031 1627 ruico
1042 1575 1217 1645 interpretatio
1227 1579 1491 1630 nontrabtaniche·
1528 1599 1529 1670 p

366 1658 476 1711 deberint
492 1661 552 1712 ibid.
572 1689 606 1702 -
632 1660 779 1725 exorcistae,
798 1661 898 1730 lingua-
966 1663 1024 1710 679.
1035 1689 1067 1700 -
1084 1661 1145 1712 itesu
1161 1661 1214 1730 quis
1229 1661 1263 1712 sit
1279 1663 1407 1734 princepe
1423 1661 1490 1716 nd

367 1761 421 1796 rusa
445 1745 598 1816 interpreter
623 1746 685 1798 ibid.
712 1775 744 1786 --
778 1746 896 1799 laborun-
968 1749 1025 1796 680.
1045 1757 1072 1797 et
1090 1750 1147 1797 661.
1165 1747 1296 1816 usquead
1314 1751 1381 1806 686,

366 1841 405 1882 tes
422 1831 464 1901 qui
482 1831 574 1884 sintin
593 1831 697 1884 ecclesia
713 1831 775 1884 ibid.
796 1863 827 1872 -
856 1833 896 1885 ia·
931 1833 1059 1900 Evangelii
1077 1843 1207 1900 corruptus
1225 1832 1299 1884 locus
1316 1837 1489 1888 marusa
1528 1839 1529 1890 l

365 1917 461 1969 nitores
478 1915 538 1969 ibid.
932 1917 1106 1969 Eunuclsorans
1123 1928 1174 1969 tres
1192 1917 1307 1983 ordines,
1325 1922 1438 1988 prinu
1452 1937 1490 1992 gt·

331 2002 484 2073 Episcopum
501 2021 555 2056 esse
577 2005 724 2074 presbytero
744 2003 896 2072 superiorem
966 2019 1011 2054 nus
1022 2006 1081 2052 491.
1105 2029 1134 2044 -·
1160 2003 1300 2055 recondam
1316 2006 1386 2058 ibid.
1406 2037 1436 2047 -
1449 2019 1490 2056 ter-

366 2093 426 2140 900.
964 2087 1026 2138 tiunr
1043 2087 1104 2139 ibid.
1122 2117 1157 2128 -
1192 2089 1259 2140 ande
1276 2092 1394 2144 eanutlsi
1418 2093 1490 2143 die·-

331 2174 470 2245 Episcopns
484 2175 538 2228 siae
554 2174 661 2227 diacono
677 2191 731 2226 esse
745 2191 796 2226 non
811 2185 896 2243 potest
964 2182 1006 2224 tar
1023 2173 1085 2225 ibid

364 2261 426 2313 ibid.
931 2258 1050 2311 Eusebiae
1073 2259 1239 2314 Vercellenais
1265 2261 1325 2313 exal
1358 2262 1395 2314 cb
1430 2262 1492 2313 flu

330 2345 451 2416 Episcopi
476 2345 700 2415 llierosclysnitani
728 2345 770 2414 qui
803 2347 894 2398 lacobc
964 2349 1021 2396 129.

314 2461 316 2470 .
364 2431 447 2501 primo
474 2431 595 2500 episcopo
608 2430 691 2496 'fratri
719 2430 815 2483 domiui
842 2431 895 2483 lilio
929 2430 1048 2481 Eusebius
1066 2429 1199 2500 episcopus
1209 2431 1491 2485 Nicomedieaaism

363 2517 466 2587 losephi
481 2527 653 2568 successerunt
671 2520 729 2568 696.
749 2545 781 2556 -
809 2533 894 2568 eorum
963 2532 1051 2568 norusn
1069 2516 1174 2584 signifer
1193 2521 1251 2567 tat.
1270 2547 1304 2557 -
1329 2517 1491 2572 isGoastaa-

363 2620 480 2656 numeras
505 2619 582 2671 usque
608 2601 641 2653 ad
666 2602 771 2670 triginta
796 2612 894 2671 septem
960 2601 1024 2652 tium
1040 2601 1219 2670 imperatorem
1236 2619 1310 2655 saun
1327 2603 1436 2658 lavacro
1449 2607 1490 2656 ἰ-

364 2689 511 2752 distiactus‚
529 2687 665 2739 secandum
679 2697 793 2758 tempora
809 2686 893 2758 irnpe-
962 2687 1049 2738 buerat
1065 2686 1126 2738 ibid.

362 2785 475 2828 ratarum
491 2772 553 2826 ibid.
572 2784 599 2824 et
617 2776 674 2824 667.
928 2773 1045 2823 Eutactus
1069 2773 1178 2825 haeresis
1197 2774 1414 2828 archonticosus
1436 2793 1488 2845 pro·

328 2860 443 2932 Epistola
460 2858 649 2928 pseudosynodi
673 2864 818 2929 Ancyranae
834 2865 891 2911 646,
960 2868 1066 2926 pagator
1083 2863 1141 2909 291.
1159 2887 1193 2899 -
1228 2861 1281 2911 eins
1306 2860 1416 2914 histor'u
1437 2861 1486 2911 ui

363 2976 393 2986 -
421 2944 447 2997 in
472 2963 521 3015 qua
545 2944 577 2996 de
599 2955 670 3014 patre
688 2943 789 3014 filioque
805 2947 892 3016 genito
961 2953 987 2994 et
1005 2948 1064 2996 292.

362 3031 519 3101 disputator,
552 3040 579 3080 et
602 3029 634 3081 de
658 3031 759 3084 nornine
786 3031 893 3084 liliorum
927 3029 1069 3081 Eustathius
1103 3031 1256 3083 Sebsstenos
1289 3049 1335 3083 sea
1370 3031 1487 3085 adar&

362 3121 420 3169 049.
433 3121 491 3168 900.
507 3120 566 3168 861.
586 3144 617 3155 -
651 3115 890 3186 eiusdenpasudo-
961 3116 1109 3185 episcopus,
1143 3117 1185 3185 qui
1210 3117 1287 3169 ctiam
1314 3119 1421 3171 Arianae
1444 3117 1487 3169 tsi

360 3201 452 3272 synodi
468 3199 666 3254 anathematismi
684 3205 743 3252 606.
961 3203 1017 3251 906.
1063 3243 1067 3259 ,

232 3297 235 3304 “
326 3287 440 3356 Epistola
461 3287 496 3340 sd
514 3287 669 3340 Laodicenos
688 3299 726 3339 est
746 3288 892 3358 apocrypha
927 3285 1065 3338 Ezechielis
1091 3287 1155 3339 liber
1181 3289 1364 3358 apocryphas.
1389 3301 1413 3342 et
1434 3287 1484 3340 ἰὰ

361 3377 420 3424 ulo.
464 3379 466 3384 ’
960 3383 1079 3442 excerpta
1096 3391 1121 3425 r.
1138 3373 1262 3426 addend·
1276 3374 1352 3444 adp.
1368 3379 1425 3426 aas.

326 3461 410 3529 Equus
427 3459 551 3512 Troianus
569 3458 629 3530 quid
647 3476 678 3510 er
697 3460 805 3513 Simonis
824 3461 892 3530 Magi

359 3563 433 3597 sensu
450 3545 626 3614 significaverit
644 3549 686 3598 07.
1195 3528 1223 3580 F·

324 3630 417 3684 Esdras
435 3631 570 3684 Samaritae
593 3631 619 3682 in
643 3632 699 3700 lege
716 3632 827 3685 Moesica
848 3632 890 3684 in·
926 3629 994 3680 Fasti
1012 3629 1159 3683 Consuares
1178 3628 1248 3682 citati
1263 3635 1326 3682 444.
1349 3631 1477 3697 (fflndl

359 3717 442 3769 stituit
460 3719 502 3769 26.
958 3718 1017 3767 440.

250 3817 253 3824 ’
324 3803 595 3859 Essenorunrhaeresis
613 3821 676 3873 quae
694 3814 733 3855 est
750 3803 829 3874 prims
841 3807 889 3857 Sa-
924 3801 1013 3854 Earum
1031 3819 1062 3854 aa
1079 3801 1129 3866 sit,
1148 3811 1174 3854 et
1191 3813 1279 3854 contra
1304 3803 1388 3856 fatu
1403 3802 1475 3871 fip—

358 3890 537 3942 msritanorum
556 3893 596 3942 28.
956 3889 1021 3940 tatio
1040 3891 1081 3939 96.

323 3973 378 4027 Era
402 3975 530 4046 quomodo
554 3975 655 4028 differat
678 3975 710 4028 ab
735 3975 808 4030 Hera
834 3995 888 4030 cans
923 3973 1288 4026 Eaturnstoicorusnbresiter
1302 3975 1474 4028 relatarull

358 4061 511 4130 aspiratione
528 4066 605 4114 1092.
924 4061 994 4113 Eidei
1024 4059 1162 4114 catholicae
1188 4059 1331 4114 declaratio
1358 4065 1427 4116 1696.
1449 4087 1474 4100 ·-

322 4145 538 4216 Evangelistarunr
557 4147 699 4200 institutam
720 4148 746 4201 in
763 4149 888 4220 mysteriis
957 4147 1044 4199 unicae
1061 4147 1192 4200 columbae
1209 4145 1298 4198 sinsilis
1318 4147 1381 4201 ibid.
1398 4177 1429 4189 -
1455 4145 1474 4196 ‘a

358 4232 503 4300 evulgandis
524 4237 583 4284 247.
957 4233 1062 4286 ecclesis
1086 4233 1175 4285 eadent
1197 4231 1260 4284 fides
1285 4251 1377 4287 nauus
1399 4229 1473 4286 Μ

322 4315 537 4386 Evangelistarusa
550 4318 676 4372 declarata
688 4321 820 4374 consensio
828 4325 888 4374 460.
956 4320 1116 4390 sanguineas,
1145 4335 1190 4372 ceu
1216 4317 1275 4370 vitis
1300 4319 1417 4389 qnotidie
1431 4319 1469 4368 ln·

322 4399 458 4470 Evangelia
484 4403 546 4456 nihil
568 4404 663 4458 babent
687 4405 830 4478 ambiguum
848 4407 887 4460 rel
956 4407 1023 4476 gitur
1041 4409 1116 4459 1007.
1137 4435 1171 4446 -
1207 4405 1274 4458 ritae
1303 4407 1398 4460 Clrsisti
1418 4419 1468 4456 s·-

356 4502 498 4553 repugnans
514 4493 572 4540 466.
956 4511 995 4546 rna
1012 4493 1073 4546 ibid.
1093 4524 1124 4535 -
1153 4491 1292 4561 baptismos
1311 4493 1367 4546 cias
1381 4491 1434 4545 H
1448 4514 1469 4528 ··
