3068 5008
473 268 800 378 nnloaenenartoare.
1156 307 1217 372 585

63 457 143 510 mant
157 444 219 511 elii.
266 442 407 511 Ceterum
422 445 501 511 nnlla
515 446 628 530 peccati
644 445 821 529 contagione
838 444 970 508 foedatos
985 453 1048 521 est,
1072 461 1218 528 nunquam

62 571 97 615 oa
113 549 190 614 illios
204 548 357 614 mentitu·
373 558 437 614 estr
460 571 550 632 naqroe
566 551 641 611 lolrir
658 552 752 611 dolon
769 551 863 610 locuto
878 559 956 622 sont,
981 567 1034 610 cnr
1048 547 1084 610 ad
1101 544 1221 610 irritan-
1252 545 1347 655 ¹1⁹2*

62 653 128 717 dnm
146 653 232 716 deom
251 673 309 716 non
325 651 499 732 declinavit,
531 671 615 715 rnena
639 652 674 714 ad
694 671 728 714 ea
745 669 820 734 qone
843 651 927 714 nelos
944 660 990 714 eat
1009 669 1066 712 non
1085 646 1219 726 deflexit,

61 776 131 820 care
149 753 221 819 nihil
235 775 337 820 eornm
356 775 432 838 noae
453 754 488 818 od
506 755 605 818 cernis
622 753 800 836 voluptate·
818 752 966 838 pertinent
982 751 1116 829 admisit,
1149 751 1221 816 deos

61 858 98 921 ab
115 867 237 924 ncterno
257 857 423 942 perlectus,
453 857 502 942 qui
524 877 583 920 oon
611 867 643 920 ut
664 856 694 918 in
712 855 829 919 homine
846 853 991 918 habitaret
1006 853 1144 934 advenit,
1168 853 1220 916 sed

61 960 183 1024 verbum
202 960 296 1045 ipsum
313 957 459 1023 hominem
475 959 586 1038 induit,
610 979 669 1022 oon
689 968 793 1022 natura
814 967 968 1035 mutatum,
992 957 1127 1020 sedeam
1147 975 1221 1040 qnne

61 1063 187 1126 hominis
203 1063 322 1148 propria
339 1071 385 1125 est
402 1081 467 1125 cum
487 1061 638 1126 divinitate
654 1061 853 1145 complexum.
898 1057 933 1124 ln
948 1058 1073 1145 virginis
1089 1069 1222 1122 uterere

59 1185 133 1230 vera
149 1165 284 1250 genitus,
316 1185 423 1249 anper
445 1164 591 1248 genitales
616 1174 729 1228 meatus
751 1163 780 1226 in
808 1163 902 1227 locem
926 1162 1040 1240 editus,
1073 1161 1139 1225 sine
1163 1161 1222 1225 ulle

61 1267 258 1352 turpitudine,
290 1265 430 1330 loeditote
452 1267 500 1330 vel
524 1267 601 1330 labe.
648 1264 722 1330 Post
745 1265 816 1328 haec
835 1266 993 1344 educatus,
1025 1275 1111 1349 atquc
1128 1286 1145 1328 ιι
1163 1260 1222 1350 sy-

60 1389 167 1433 meone
184 1380 214 1433 et
229 1368 317 1432 Anne
336 1369 366 1432 in
384 1367 460 1432 ulnis
480 1377 631 1454 gestatus,
655 1365 786 1432 aMario
804 1378 955 1451 portatus,
977 1367 1035 1431 iter
1052 1376 1154 1451 postea
1172 1387 1222 1451 pe·
1305 1451 1308 1460 Ι

59 1472 145 1536 dibus
161 1471 307 1551 coniecit,
332 1470 537 1557 peregrinatus
553 1481 616 1548 est,
639 1471 673 1534 ad
693 1469 848 1556 pueritiam
866 1469 1020 1555 pervenit,
1044 1479 1141 1533 aetate
1158 1489 1224 1532 cor·

59 1574 182 1638 bonatus
202 1583 265 1651 est,
298 1573 423 1637 hnmana
445 1574 476 1637 in
495 1593 529 1637 se
545 1574 642 1638 omnia
666 1575 797 1659 perlecto
820 1572 938 1652 hebuit,
969 1593 1113 1637 annornm
1141 1591 1223 1636 meo·

57 1677 193 1761 einrnqua
220 1697 344 1740 numero
369 1695 477 1740 census
494 1686 560 1755 eat,
591 1677 621 1738 io
641 1676 830 1762 praegnantis
847 1686 933 1739 utero
948 1685 1099 1760 gestatus,
1120 1677 1223 1759 sooner
1240 1681 1292 1728 ⁰⁸1
1306 1683 1328 1740 ί,
1341 1681 1362 1727 ⁴·

57 1783 224 1856 emanere,
256 1782 353 1860 foetor
367 1780 420 1840 aad
438 1781 517 1860 lege,-
548 1778 653 1842 deinde
675 1780 711 1843 od
732 1775 886 1843 Iordanem
911 1779 1060 1864 proiectos
1080 1789 1144 1858 eat,
1167 1779 1223 1843 ibi·

57 1884 184 1964 dentque
204 1881 350 1946 aloanne
373 1882 555 1966 baptizatos,
587 1902 652 1944 conr
677 1880 787 1945 lotione
815 1881 886 1944 nilril
905 1903 980 1966 opus
997 1881 1136 1960 haberet,
1170 1881 1222 1947 sed

57 1996 90 2048 ot
115 2005 151 2048 ea
175 2005 250 2068 qnae
275 1994 430 2068 susceptae
454 1984 580 2048 hominis
608 1993 731 2047 naturae
755 1994 955 2047 consentanea
980 1995 1050 2048 sont
1073 1995 1236 2063 serr·aret,'

55 2084 189 2151 institiae
204 2087 297 2170 legem
315 2086 488 2172 perturbare
507 2085 617 2165 noluit,
642 2097 676 2148 ut
689 2090 870 2167 rinplcrctor,
896 2087 1138 2170 quomadmodum
1158 2085 1222 2172 ipse
1256 2095 1342 2193 {¹⁸²1}

56 2190 150 2268 dicit,
182 2194 417 2264 condirentur,
450 2200 537 2272 atque
562 2208 664 2252 veram
685 2209 701 2251 a
720 2209 753 2252 se
774 2207 893 2251 carnem
916 2209 1074 2272 vereorque
1097 2189 1222 2252 hominia
1281 2179 1289 2202 '

54 2303 196 2356 naturam
212 2302 377 2378 nannenten
396 2311 463 2355 csse
482 2301 672 2356 monstraret.
718 2289 813 2375 lgitur
829 2292 863 2354 ad
883 2311 975 2375 aquas
990 2292 1159 2368 descendit,
1181 2292 1223 2357 ito

55 2404 159 2458 tameo
177 2403 210 2458 ut
230 2395 380 2458 conferret
395 2394 503 2478 aliquid
521 2393 635 2479 potios,
661 2415 746 2478 qnam
768 2395 928 2481 occiperet,
954 2395 1111 2480 largiretur
1128 2395 1222 2480 magis
1330 2423 1332 2428 ·

53 2517 147 2581 quern
173 2497 215 2558 rei
238 2497 399 2582 cuiuspiam
418 2495 575 2582 indigeret.
622 2494 738 2582 Quippe
755 2496 873 2561 eusdem
896 2497 962 2560 illas
979 2518 1070 2582 aquas
1087 2519 1139 2562 sua
1157 2499 1222 2563 luce

54 2597 263 2676 collustravit,
287 2609 317 2661 et
336 2600 372 2662 ad
389 2618 491 2662 eornm
509 2601 629 2684 quaein
648 2619 716 2662 sese
733 2599 907 2684 perficienda
926 2611 1022 2680 erant,
1047 2602 1223 2666 adumbran-

53 2700 126 2764 dam
143 2699 321 2784 imaginem,
345 2703 490 2786 quandam
508 2703 567 2766 vim
583 2701 641 2765 illis
658 2702 815 2788 impertiit,
840 2712 872 2765 ut
888 2702 937 2788 qui
955 2702 1009 2789 ipsi
1029 2723 1134 2768 revera
1156 2725 1222 2768 cre·

52 2803 182 2881 derent,
207 2824 243 2866 ac
259 2804 393 2869 veritatis
409 2815 512 2868 essent
527 2805 583 2868 lide
600 2805 742 2890 praediti,
765 2804 966 2889 intelligerent
982 2827 1040 2870 non
1058 2807 1138 2871 illum
1156 2808 1222 2873 ficte

52 2905 214 2968 humanam
227 2905 359 2971 induisse
375 2917 521 2987 notorem,
545 2927 640 2993 neque
655 2907 721 2972 licte
736 2927 803 2971 esse
818 2908 901 2992 aquis
916 2909 1081 2988 intinctum,
1106 2909 1223 2974 eadem·

50 3027 115 3092 qne
133 3016 165 3069 et
189 3007 243 3093 ipsi
260 3009 376 3074 ratione
400 3031 452 3096 per
467 3031 532 3074 eam
549 3031 634 3094 quam
652 3010 700 3074 ille
717 3030 786 3096 proc
810 3031 878 3075 sese
896 3012 1003 3075 tulerat
1021 3014 1223 3077 accommoda·

49 3112 171 3174 tionem
189 3112 366 3176 accedentes
393 3113 513 3178 inditam
539 3113 615 3176 illiue
640 3113 835 3178 descensione
864 3113 924 3177 viro
948 3113 978 3177 in
1003 3134 1070 3178 sese
1096 3117 1224 3180 transie-

50 3223 140 3290 rant,
165 3211 354 3298 eiusdemque
368 3215 432 3278 looe
445 3217 670 3300 perfundantur,
695 3237 752 3299 quo
768 3215 968 3302 propheticum
984 3217 1141 3303 impleatur
1155 3238 1223 3282 ora-

49 3315 175 3394 culum,
217 3321 269 3378 Ac
293 3321 492 3380 rinrnntnrrdonr
518 3323 647 3381 critatem
673 3321 934 3400 conciliondnrnqne
966 3323 1085 3382 solertem
1109 3343 1147 3384 en
1172 3325 1223 3384 a'iln

44 3421 144 3501 panis
162 3422 266 3482 ontute
279 3441 351 3502 pone
363 3422 402 3482 od
412 3424 589 3484 Hierusalem
603 3425 754 3503 occr'pr‘tor,
779 3443 971 3504 aprorumque
987 3428 1024 3484 nr'.
1074 3421 1129 3487 llic
1145 3423 1223 3488 enirn

47 3527 82 3588 in
106 3519 233 3588 Christo
251 3522 335 3607 pnnie
353 3523 447 3588 rirtna
465 3543 500 3588 ac
516 3523 563 3587 vis
578 3543 670 3608 aquae
686 3522 915 3602 corroborator,
939 3535 971 3588 nt
986 3546 1044 3589 non
1064 3525 1146 3609 panis
1160 3525 1224 3611 ipse

45 3627 92 3692 sit
113 3623 326 3704 nobissimus,
349 3628 401 3689 eed
420 3626 514 3691 virtus
531 3648 548 3690 a
566 3647 641 3711 pane
660 3627 809 3710 profectur
833 3647 868 3692 ec
887 3627 970 3692 cibus
989 3629 1103 3712 quidem
1122 3640 1225 3693 noster

46 3726 145 3814 panis
163 3737 225 3807 eat,
256 3729 309 3791 sed
328 3729 356 3792 in
374 3729 438 3814 ipso
454 3728 552 3792 vitalia
573 3730 715 3812 quaedam
732 3729 829 3793 virtus
844 3729 1023 3795 continetur.
1068 3729 1176 3816 Neque
1194 3733 1223 3795 id

44 3831 155 3898 solnm
174 3839 269 3893 ectum
286 3841 333 3894 est
347 3841 380 3896 nt
396 3853 449 3894 non
465 3852 540 3916 aqna
557 3843 749 3917 repurgant,
773 3833 825 3898 sed
846 3845 877 3898 ut
892 3855 986 3919 aquae
1007 3835 1035 3898 vi
1054 3854 1107 3919 per
1125 3835 1222 3914 fidem,

44 3934 206 3998 actionem
227 3943 257 3995 et
271 3953 352 4018 spem
372 3955 408 3997 ac
431 3934 638 4021 mysteriorum
657 3933 850 4000 initiationem
875 3947 906 4000 et
923 3936 1157 4002 consecrationis
1173 3958 1224 4021 ap·

43 4036 248 4124 pellationem
267 4037 302 4098 ad
319 4039 479 4121 perlectam
497 4037 718 4122 absolutamque
738 4039 861 4103 salutem
882 4039 967 4102 nobis
987 4039 1059 4124 ipsis
1076 4041 1221 4104 conferat.

43 4139 142 4222 Ergo
168 4133 305 4202 Christus
329 4139 461 4203 ascendit
486 4138 662 4219 elordane‚
697 4162 800 4204 vocem
827 4143 916 4226 patris
941 4141 1049 4220 audiit,
1083 4164 1167 4226 quam
1192 4155 1223 4208 et
1244 4157 1363 4204 motat.

41 4239 194 4326 discipuli
220 4240 267 4324 qni
293 4241 416 4304 aderant
440 4241 612 4323 audierunt3
644 4254 676 4307 ot
699 4244 764 4328 quis
783 4244 832 4307 ille
855 4246 931 4307 foret
955 4245 1002 4308 coi
1023 4247 1221 4310 testinnonium

41 4377 138 4450 ῥητοῦ
156 4380 240 4440 leniter
256 4381 281 4427 tn
299 4379 406 4430 Porrorto
421 4395 477 4444 pon.
491 4377 562 4432 tote
656 4384 681 4431 tn
694 4383 748 4432 edit.
758 4382 840 4434 Prtoo.
857 4379 882 4434 do
896 4381 1003 4452 Χριστῷ
1020 4381 1223 4453 ἰοχυροιιιιουμέ-

79 4445 134 4500 43.
154 4444 342 4514 λαμβανομένου
368 4449 436 4498 codd.
457 4463 512 4499 mar.
529 4453 550 4499 el
567 4449 622 4500 edit.
656 4465 712 4503 not.

85 4531 134 4568 nc.
691 4515 733 4572 ts.
752 4509 1220 4587 detenendonntntorooce

80 4583 136 4639 44.
152 4584 192 4636 lto
214 4585 285 4634 end.
300 4598 356 4636 orn.
380 4587 472 4638 nerito
487 4588 563 4652 prtrtc
597 4587 627 4638 At
