3068 5008
302 243 364 308 770
757 253 865 306 teturx
883 253 1009 308 tatuit

301 370 413 425 Platouie
437 370 508 424 loctu
525 388 557 423 en
573 371 708 424 Phaedone
724 371 757 424 de
775 368 865 426 mortio
895 371 1037 440 Prophetae
1051 372 1151 424 Daridie
1164 387 1284 424 66666666
1294 371 1373 442 quetis
1387 371 1460 422 faute

334 455 481 508 definitione
498 460 557 508 680,

929 461 1036 508 106-
1069 457 1130 510 item
1148 469 1177 509 et
1192 457 1261 508 Petri
1278 457 1306 508 in
1321 457 1386 508 netis
1401 456 1459 506 thid

299 541 582 594 Pneumutomaehorum
596 541 705 594 haereti·
718 547 760 596 ⁶4.
774 542 863 596 ordine
896 543 1037 610 Prophetae
1052 541 1209 596 Antiochiam
1224 543 1366 611 migr-anter
1380 542 1458 592 166666

334 626 518 696 septuagesimo
531 637 619 696 quurta
634 631 691 678 886.
702 657 736 667 -
768 627 817 697 ipsi
832 645 862 679 ex

930 627 1077 680 nuntiarunt
1094 631 1153 680 106.

335 709 431 762 6616616
447 723 474 762 et
490 711 621 764 eutholicit
636 712 739 764 coullati
753 717 812 765 661.
830 741 861 752 -
897 711 1039 780 Prophetae
1054 713 1113 765 olim
1125 714 1269 776 6666666611,
1285 713 1335 766 eed
1347 723 1407 782 poet
1419 711 1459 762 ad-

334 800 367 853 de
382 817 442 852 tera
465 798 516 850 fide
539 809 565 848 et
579 797 669 867 spiritu
693 799 816 867 quaedam
832 815 862 850 ex

332 889 461 938 Ancorato
481 883 613 952 Epiphuuii
629 895 750 952 excerpta
768 886 826 934 888.

298 970 456 1022 Poeuitentiu
467 968 543 1037 lapeie
554 967 711 1030 conceditur,
729 968 861 1038 exemplis·

332 1072 380 1125 que
403 1072 462 1107 rere
485 1053 671 1122 poenitentium
690 1053 717 1106 id
739 1054 862 1124 probetur

930 809 1033 850 ventum
1059 798 1152 850 Christi
1177 809 1324 861 6666666666,
1352 797 1459 868 quatio

932 900 983 934 nou
1006 883 1138 936 ueoeeenrii
1156 895 1243 936 temen
1260 899 1313 934 non
1329 881 1459 952 τρε-6660

932 967 1001 1036 qnod
1016 967 1148 1038 multiplici
1163 968 1329 1022 similitudine
1344 967 1459 1018 deden·

932 1057 1049 1104 166666.

332 1143 391 1192 600.
413 1169 443 1179 -
486 1139 575 1208 quibua
600 1139 682 1192 verbis
707 1139 733 1190 iu
757 1137 861 1190 Centieo
897 1132 1094 1207 Prophetarum,
1111 1139 1287 1208 apostolurum
1305 1149 1334 1190 et
1350 1155 1459 1206 evange-

332 1225 462 1294 elegnnter
483 1223 634 1294 depingatur
657 1227 716 1276 501.
736 1252 766 1264 ·-
802 1235 862 1294 poet

331 1323 439 1365 mortem
456 1308 628 1378 poenitentiae
642 1309 724 1364 nullm
739 1319 779 1361 eet
791 1309 861 1364 locut

332 1399 390 1450 ⁵02.

930 1224 1043 1276 litterum
1066 1223 1197 1276 consentio
1219 1225 1246 1276 in
1265 1242 1326 1276 rere
1347 1223 1400 1276 ute
1419 1225 1456 1274 tri-

930 1309 1018 1362 nitntie
1034 1314 1094 1361 tut.

896 1396 1040 1464 Prophetae
1057 1395 1109 1448 reri
1126 1413 1141 1446 u
1160 1396 1225 1447 l'eleo
1250 1395 1390 1446 dieerimtm
1408 1399 1457 1444 tut

297 1481 484 1535 Poenitentiem
509 1496 561 1532 uon
590 1497 663 1532 uuum
693 1481 748 1532 dari
773 1493 862 1534 contro
897 1480 1039 1550 Prophetae
1062 1481 1100 1532 eui
1117 1491 1264 1549 eompntea,
1295 1491 1325 1532 et
1348 1499 1381 1530 66
1402 1495 1456 1548 qne

332 1568 470 1632 Neretum,
488 1564 640 1634 eedeaepiue
654 1566 749 1632 iterari,
765 1577 792 1618 et
807 1583 860 1618 enee

330 1650 473 1704 hominibus
495 1651 660 1704 neoeeeuriam
683 1655 743 1704 166.
760 1681 794 1691 -
828 1650 861 1704 de

929 1564 1043 1618 dicerent
1065 1565 1233 1634 intdligentee
1255 1565 1394 1618 vaticinati
1408 1573 1454 1615 emt

928 1655 988 1702 40³.

332 1753 362 1788 eu
377 1734 517 1804 explicetur
538 1735 650 1805 apostoli
665 1735 735 1788 locus
750 1741 808 1788 tet.
827 1767 860 1777 -
894 1737 1047 1804 Prophetine
1077 1755 1121 1789 eur
1147 1739 1286 1806 loquantur
1313 1736 1349 1787 de
1377 1737 1452 1786 tam

332 1838 376 1874 eur
405 1820 511 1874 eculeeie
535 1821 719 1890 poenitentiam
741 1822 861 1879 admittat

330 1905 390 1958 ibid

928 1839 974 1890 per
989 1832 1086 1890 tempue
1104 1823 1268 1890 praeteritum
1284 1822 1329 1873 vel
1345 1837 1452 1891 praem

928 1911 1004 1961 1066.

297 1993 393 2044 Poetae
410 1991 518 2060 gentiles
540 1991 613 2046 initio
638 2010 743 2062 operum
766 1993 858 2058 Musae,
894 1993 1069 2060 Prophetieeae
1088 1993 1201 2046 Ptieeille
1222 2005 1252 2044 et
1271 1993 1452 2048 Maxi-dha

332 2075 467 2130 Christiani
475 2094 562 2129 verum
573 2078 692 2130 invocant
703 2079 776 2130 deum
789 2086 812 2131 2.
826 2109 856 2120 —·

927 2081 1021 2130 lounue
1036 2079 1062 2129 in
1073 2077 1225 2148 hpnoelypei
1236 2077 1386 2146 proediotne
1404 2079 1453 2126 666

331 2162 442 2214 omnium
453 2180 538 2214 rerunt
547 2163 651 2216 aeieutia
661 2164 709 2216 eoli
724 2163 772 2216 deo
785 2182 855 2216 uom-
892 2164 1019 2232 Propheta
1041 2164 1066 2216 in
1089 2164 1171 2216 veteri
1186 2175 1344 2216 tentamento
1369 2162 1456 2214 timer

329 2246 396 2316 petit
414 2252 438 2300 tt.

926 2248 1013 2302 rident
1030 2252 1089 2302 405.

296 2331 448 2402 Polyantlriu
461 2332 591 2402 repulere,
619 2349 682 2402 quae
697 2345 724 2385 et
742 2334 783 2384 ubi
799 2345 858 2386 eunt
893 2335 991 2386 Pruuici
1016 2334 1116 2386 nomine
1144 2333 1205 2402 quid
1228 2335 1399 2401 intelligetur,
1427 2345 1454 2382 et

330 2423 388 2470 138.

296 2503 446 2556 Pontificum
466 2503 635 2556 Rornanorum
654 2504 855 2575 66666661Λυί-

330 2599 412 2641 eetum
429 2589 552 2640 66666εεί6
571 2593 629 2640 tot.

295 2673 456 2743 Porphyriue,
473 2673 555 2724 etalii
568 2673 674 2742 gentile·
692 2673 857 2743 evangelietne

329 2757 545 2828 reprehenderunt
562 2763 621 2811 teu.

294 2844 440 2896 Potamonie
453 2844 478 2895 in
492 2845 625 2896 Eueebium
641 2843 764 2898 libertatis
780 2843 856 2914 plene

331 2933 456 2983 666126.

294 3012 438 3066 Poteetatee
453 3033 468 3068 u
484 3015 534 3068 deo
545 3017 707 3080 constitutae,
725 3028 751 3067 et
767 3017 792 3066 iu
810 3032 857 3067 eo-

329 3100 387 3151 dem
402 3115 480 3168 66366
496 3101 623 3153 stabilitae
638 3101 680 3152 uni
703 3114 785 3152 tamen
803 3101 857 3168 regi

329 3197 420 3253 parent
438 3189 497 3236 294.

293 3269 490 3338 Praeceptorum
516 3289 680 3340 quorumnam
713 3271 856 3324 observatio

328 3355 362 3406 tit
378 3357 517 3408 necentur-ia
530 3361 589 3407 tot.

295 3439 438 3509 Preebyteri
454 3441 507 3493 heri
522 3459 573 3494 non
589 3453 693 3510 possunt
706 3443 813 3506 uxorati,
832 3453 859 3493 et

327 3525 361 3578 de
377 3525 523 3578 elericorum
537 3526 659 3578 coelibatu
673 3527 784 3579 notanda
798 3531 857 3578 666.

329 3639 363 3651 -
388 3629 432 3664 666
454 3612 568 3663 nonnulli
591 3613 731 3681 presbyteri
754 3613 858 3682 uliieque

331 3697 359 3749 iu
376 3697 505 3749 ordinihue
522 3697 654 3750 constituti
671 3698 859 3750 1116666666εοί-

332 3783 404 3852 pient
421 3801 451 3835 ex
468 3782 585 3834 uxoribue
601 3782 663 3834 ibid.

293 3867 430 3937 Ptetbyter
445 3885 496 3920 uon
514 3879 553 3918 eet
572 3885 617 3936 par
631 3867 752 3937 epiecopn
770 3880 859 3920 contre

328 3954 427 4006 Aetium
447 3957 506 4004 608.

292 4039 416 4110 Pn'neipia
433 4041 484 4092 duo
509 4037 582 4090 timul
612 4055 666 4091 eaee
684 4057 735 4092 non
752 4049 857 4110 potum

330 4130 388 4178 600.

227 4244 231 4255 -
295 4209 420 4279 Principio
446 4227 501 4262 6666
523 4210 594 4279 plura
616 4228 668 4262 nou
693 4220 799 4279 poeeunt
825 4227 857 4261 ne

328 4313 404 4348 uuum
419 4295 526 4348 alterum
543 4296 656 4348 dentrnat
673 4299 731 4348 666.

924 2419 1045 2472 Prunieee
1067 2419 1260 2487 pulchritudinis
1274 2437 1324 2471 vox
1345 2417 1406 2488 qnid
1423 2417 1456 2466 ei-

925 2504 1027 2574 gnificet
1045 2508 1084 2556 18.

893 2589 983 2666 Pealmi
1007 2595 1049 2642 66.
1077 2589 1146 2642 luntre
1173 2589 1314 2658 eupliutnr
1341 2593 1398 2640 ott.
1422 2616 1452 2627 -

927 2676 986 2726 item
1005 2674 1096 2726 Psnlmi
1114 2679 1172 2726 tto.
1191 2675 1318 2743 expositio
1337 2673 1400 2726 ibid.

892 2759 1030 2814 Ptolemaei
1050 2779 1122 2812 error
1137 2760 1227 2829 impius
1245 2759 1312 2812 61666
1336 2759 1402 2826 legis
1414 2775 1455 2808 ne-

927 2855 1023 2896 ctorem
1045 2851 1101 2896 661.
1119 2875 1155 2886 -
1189 2845 1240 2895 eine
1257 2845 1387 2898 miniario
1403 2848 1455 2896 666-

925 2941 951 2982 et
965 2947 1035 3000 eeqq.
1046 2959 1078 2970 -
1103 2947 1167 2998 quae
1180 2929 1303 2982 confinxit
1316 2929 1355 2982 de
1369 2929 1455 2998 nipe*

924 3015 974 3068 tite
986 3015 1047 3084 legia
1058 3015 1181 3069 divinione
1190 3013 1345 3066 retettmtoe
1362 3020 1454 3066 661.-

925 3100 1101 3155 aPtolemueo
1124 3099 1157 3150 de
1179 3099 1235 3167 lege
1250 3099 1288 3152 eie
1311 3099 1451 3152 dinem-itm:

925 3186 965 3237 lex
992 3186 1073 3237 omnia
1096 3183 1220 3236 trifarium
1245 3183 1387 3236 distribute
1408 3193 1449 3243 ut,

925 3289 988 3342 quae
1002 3271 1111 3340 quinque
1134 3269 1206 3323 librie
1224 3269 1322 3338 ttoyate
1337 3271 1452 3322 661166·

925 3369 966 3408 tur
983 3361 1043 3408 617.
1060 3385 1091 3396 -
1127 3373 1208 3423 neque
1224 3354 1309 3406 aeolo
1324 3354 1380 3407 deo
1394 3371 1449 3424 pre-

926 3443 1011 3503 iecta,
1038 3441 1083 3494 sed
1106 3441 1199 3510 purtim
1216 3458 1231 3492 a
1248 3441 1341 3510 hioyee
1366 3441 1452 3510 pne?-

925 3526 1088 3580 eeeniorihue
1102 3525 1162 3579 ibid.
1177 3555 1211 3568 -
1228 3526 1269 3578 166
1274 3525 1390 3595 contego
1399 3543 1452 3595 pc-

926 3623 1004 3682 petun
1017 3611 1145 3664 retinendi
1158 3622 1200 3664 eet
1211 3629 1228 3663 6
1241 3610 1308 3678 deo,
1325 3612 1452 3680 repub

925 3699 1049 3768 uhloyee
1068 3701 1125 3750 218.
1144 3725 1178 3737 -
1211 3713 1295 3748 rnreue
1311 3696 1355 3748 lex
1370 3715 1388 3747 6
1401 3695 1451 3748 nlo

925 3782 974 3834 deo
990 3782 1106 3854 profectu
1122 3782 1148 3834 iu
1166 3782 1214 3833 tria
1235 3780 1347 3834 meutbtn
1362 3779 1448 3832 diiii

922 3879 964 3920 tur
978 3873 1037 3920 216.
1051 3897 1084 3908 -
1118 3867 1159 3918 lex
1173 3865 1288 3934 deeelopi
1303 3863 1447 3936 queth

926 3984 958 3994 -
975 3953 1035 4022 quid
1052 3953 1080 4004 in
1095 3951 1176 4004 veteti
1200 3951 1257 4020 lege
1275 3952 1392 4004 curiates
1404 3953 1445 4002 'n-

924 4037 1157 4108 6166660016-
1191 4036 1255 4104 lepis
1269 4047 1370 4106 partem
1385 4035 1447 4106 typi·

926 4143 980 4180 earn
994 4141 1025 4177 uu
1042 4121 1208 4194 eymboliontu
1227 4120 1340 4174 cunnus
1355 4121 1389 4174 ed
1402 4119 1449 4188 tpi-

925 4209 1023 4262 ritulem
1032 4225 1132 4260 aeneum
1140 4207 1277 4272 nautatit,
1296 4218 1449 4259 tantumn

924 4293 1025 4346 sustulit
1041 4297 1101 4346 680.

293 4379 404 4436 Privatio
419 4381 508 4450 quibua
524 4382 598 4433 rebue
615 4380 718 4451 proprie
733 4381 857 4434 tribuatur
890 4377 1098 4433 Ptolemeiturunt
1111 4377 1231 4441 haereeie,
1248 4395 1312 4447 qnue
1326 4387 1367 4429 eet
1382 4377 1451 4429 xut

328 4470 385 4518 680.

924 4476 984 4535 poet
998 4464 1214 4518 Christianismum
1228 4469 1287 4516 811.
1299 4493 1331 4504 -
1356 4462 1391 4514 eh
1406 4479 1450 4516 66·
