3060 5026
283 250 420 305 rsuuun
439 247 503 303 me.
516 252 563 304 ιιι.
580 248 663 304 rou.
679 251 709 303 ιι.
727 245 830 302 nunu.
844 247 992 304 uxxvru.
1155 233 1218 306 433

59 393 164 436 vocem
181 370 259 434 illam
274 375 364 433 Suum
379 369 531 446 adiunxit,
563 371 615 436 sed
628 376 848 452 pmirrogcuitum
866 371 1066 435 tantummodo
1088 371 1217 436 vocavit.

58 473 115 538 llic
134 484 184 548 est
198 473 277 536 euim
298 472 347 536 ille
370 494 456 558 quem
479 477 698 555 puorogeaitum
720 485 871 536 creaturae
889 478 979 535 omnr‘s
997 472 1147 559 apostolus
1166 493 1219 537 no·

58 577 171 655 minat,
203 575 309 661 quique
329 595 394 639 cum
411 575 556 639 creaturis
579 574 687 639 ceteris
706 573 825 640 minime
849 575 1053 660 coniungitur,
1085 575 1136 639 scd
1153 586 1222 640 ante

57 699 112 742 eus
129 697 232 742 omues
251 677 397 762 originem
414 677 539 763 accepit.
584 675 693 762 Neque
708 677 785 742 enim
805 683 899 759 prim
916 690 1030 741 creatus
1051 675 1144 757 dixit,
1168 676 1220 740 sed

52 785 280 863 primogenitos,
292 853 293 856 Ἴ
305 779 380 844 odeo
399 790 431 844 ut
448 779 484 842 ad
501 779 643 843 maiorem
664 779 846 844 audientium
861 781 987 844 lroctum
1004 789 1091 864 atquc
1107 777 1221 844 cautio·

55 905 124 947 uem
146 882 218 946 daec
234 882 284 946 illo
305 883 334 945 iu
353 883 420 946 loeo
444 880 572 946 discreta
591 879 668 962 siut,
699 901 734 946 ac
753 885 943 964 primogeniti
963 901 1037 946 voce
1059 881 1221 967 praemissa

57 986 230 1050 inferiorem
251 985 356 1048 deinde
377 994 542 1048 creaturam
562 982 699 1047 subiecit.
744 980 897 1069 Siquidem
910 989 1099 1066 primogeniti
1114 1003 1222 1049 nomen

57 1089 93 1152 ad
115 1088 203 1152 ilium
219 1088 366 1166 refertur,
400 1098 536 1150 creatura
556 1106 610 1171 per
627 1085 716 1150 lilium
738 1097 785 1150 ιιι
799 1087 951 1173 producta.
995 1091 1110 1170 Peperit
1123 1085 1223 1171 itaquo

46 1193 243 1272 filiumsuum
256 1193 495 1272 primogenitum,
522 1209 580 1251 non
600 1188 826 1273 primogenitum
845 1209 949 1270 suom,
977 1189 1062 1274 quasi
1077 1187 1151 1252 ulios
1169 1208 1222 1274 po·

56 1304 123 1356 stes
149 1291 280 1379 paritura
307 1291 406 1354 luerit.
452 1293 493 1354 tte
515 1313 572 1352 noo
597 1292 788 1370 cognoscebat
809 1293 899 1354 allam.
946 1286 1007 1373 Qui
1031 1292 1109 1356 enim
1131 1310 1222 1354 nosse

56 1395 153 1480 potuit
176 1404 287 1458 tanturn
315 1413 381 1458 csse
407 1391 435 1456 ei
459 1391 574 1456 mulieri
598 1391 712 1476 gratiae
734 1393 967 1458 conferendum?
1010 1389 1094 1458 Unde
1116 1392 1220 1473 sciret,

57 1498 199 1582 iuquam,
223 1508 281 1561 tum
300 1493 461 1560 excellenti
478 1493 575 1579 gloria
589 1493 735 1579 virginem
752 1515 821 1561 esso
838 1494 1063 1560 celebrandam?
1105 1491 1222 1580 Quippe

58 1599 213 1664 mulierem
231 1597 306 1662 hanc
325 1619 343 1662 a
365 1592 474 1661 nutura
486 1597 639 1660 formatam
657 1617 692 1662 ac
720 1597 838 1662 leminci
854 1617 948 1661 sexus
968 1617 1036 1661 esse
1064 1607 1219 1682 cognorat,

57 1713 150 1787 atque
166 1701 202 1766 ah
222 1703 310 1766 Αιιιιιι
332 1711 425 1764 matre
442 1709 472 1763 et
487 1695 618 1763 loucimo
633 1711 716 1786 patre
739 1699 888 1784 genitam,
921 1696 1095 1764 Elisabetac
1112 1719 1222 1784 cognu-

59 1815 141 1882 tam,
176 1804 301 1868 cdomo
323 1800 449 1866 Doridis
471 1821 505 1865 ao
534 1801 661 1881 familia,
695 1801 750 1865 luco
771 1821 845 1866 vcro
869 1801 996 1866 nondum
1019 1800 1222 1883 intellexerat,

57 1917 173 1970 tanturn
200 1906 279 1968 illam
306 1904 336 1968 in
357 1903 446 1968 terris
468 1903 558 1967 decus
582 1923 617 1966 ac
633 1903 839 1988 splendorem,
872 1913 903 1969 ct
928 1903 1043 1989 quidem
1071 1903 1222 1985 laminam,

56 2029 128 2072 csse
151 2016 387 2072 consecuturam.
433 2003 580 2089 Quocirca
598 2027 654 2068 non
671 2011 804 2087 cognouit
822 2009 917 2081 illem,
943 2007 1037 2070 donec
1057 2004 1220 2089 prodigium

55 2111 129 2175 illud
155 2107 374 2174 animadvertit.
419 2105 490 2172 Nou
517 2108 658 2192 cognovit
680 2109 757 2194 quod
783 2109 812 2172 in
836 2129 872 2172 ea
889 2108 1022 2173 mirabile
1045 2107 1222 2192 contigerat,

55 2213 154 2276 donec
170 2223 270 2276 natum
287 2230 327 2274 ex
347 2230 381 2273 ea
399 2208 489 2274 lilium
506 2209 589 2274 vidit.
635 2207 831 2296 Posteaquam
850 2229 923 2275 vere
937 2209 1068 2296 peperit,
1092 2208 1222 2274 habitum

56 2315 98 2379 illi
120 2313 261 2379 divinitus
282 2314 425 2378 honorem
450 2311 589 2397 agnovit,
622 2333 747 2398 eamque
766 2313 867 2377 didicit
882 2311 927 2378 luis
945 2311 1044 2378 verbis
1062 2312 1098 2376 ab
1115 2313 1222 2397 angelo

54 2417 234 2481 salutatam:
257 2421 321 2478 Aue
339 2419 439 2497 grott‘o
456 2418 560 2496 plenu,
585 2417 714 2478 domairac
731 2427 830 2478 tecum.
1238 2427 1361 2486 troam

144 2517 228 2583 llaec
244 2531 307 2598 ιιι,
339 2538 425 2603 qnam
442 2517 626 2582 adumbravit
642 2514 727 2596 Eva,
759 2538 833 2602 quae
856 2517 1018 2582 viventium
1035 2529 1131 2583 mater
1147 2540 1220 2605 quo·
1267 2534 1328 2602 cup.

54 2621 129 2686 dam
150 2620 324 2704 aenigmatis
342 2619 496 2685 involucro
513 2629 709 2704 nuncupatur.
755 2615 907 2705 Siquidem
923 2623 986 2682 Eoo
1001 2632 1059 2683 tum
1075 2626 1224 2685 uiuentium
1237 2603 1375 2725 &1¹5¹

53 2736 104 2788 est
117 2726 262 2804 appellato
280 2735 387 2798 muter,
413 2743 478 2786 cum
496 2721 554 2786 ium
572 2721 641 2786 illud
657 2721 818 2802 audiisset,
845 2725 934 2785 Terra
951 2744 997 2796 ιι,
1030 2735 1060 2786 ιι
1072 2728 1101 2786 iu
1117 2736 1223 2786 ιιπαιιι
1317 2765 1327 2784 .

52 2831 231 2902 reuerteris,
266 2837 333 2912 post
354 2825 512 2889 admissum
534 2823 671 2888 videlicet
687 2835 851 2910 peccatum.
897 2822 986 2909 Quod
1002 2825 1117 2910 quidem
1132 2826 1224 2890 admi-

53 2930 179 2993 ratione
198 2929 317 3012 dignum
344 2939 409 3006 est,
442 2926 604 3013 postillam
628 2925 822 2991 offensionem
843 2938 901 2990 tum
929 2927 1112 3013 praeclarum
1130 2928 1158 2993 ei
1173 2950 1224 2994 co·

53 3050 192 3117 gnomen
221 3030 405 3095 attributum.
457 3030 505 3093 Ac
529 3028 554 3093 si
579 3027 730 3093 exteriora
753 3028 897 3093 duntaxat
919 3041 950 3093 ct
973 3029 1111 3095 sensibus
1136 3031 1223 3096 chria

53 3133 256 3211 consideres,
291 3132 328 3197 ab
346 3133 449 3196 eudem
473 3131 528 3194 lrac
547 3127 613 3194 Eva
632 3131 722 3196 totius
744 3142 790 3195 ιιι
807 3132 836 3194 in
854 3132 943 3197 terris
963 3130 1083 3196 hnmani
1104 3133 1225 3217 generis

52 3239 149 3320 origo
164 3236 299 3299 deducta.
345 3231 467 3298 Revera
482 3243 580 3297 tamen
598 3229 729 3298 attam
743 3232 860 3319 virgine
874 3235 934 3298 vita
951 3234 1014 3320 ipsu
1031 3246 1078 3300 est
1093 3234 1123 3299 iu
1141 3256 1226 3300 mun·

53 3342 129 3404 dum
154 3338 337 3416 introductu,
370 3347 401 3400 ut
418 3335 569 3402 viventem
593 3335 689 3421 pariat
711 3346 742 3400 ct
757 3335 918 3402 viventium
935 3334 1034 3401 Maris
1058 3336 1098 3404 sit
1115 3348 1223 3403 mater.

46 3440 216 3524 Quocirca
246 3443 401 3502 licentium
434 3449 525 3501 muter
555 3437 726 3502 adumbrata
754 3439 942 3504 similitudine
970 3437 1071 3504 Maria
1104 3441 1223 3505 dicitur.

51 3543 140 3610 Nam
159 3542 195 3607 de
212 3541 323 3605 duabus
350 3541 466 3605 leminis
494 3539 602 3604 dictum
620 3539 690 3604 illud
710 3551 773 3621 est,
806 3545 875 3622 Qud
892 3546 971 3605 dedat
986 3546 1102 3606 mulieri
1112 3548 1224 3625 rupicu-
1235 3553 1285 3601 tou.
1297 3554 1330 3614 ιι,
1342 3555 1376 3603 ιι

53 3653 148 3722 aum,
181 3656 234 3708 uut
248 3647 418 3726 umregundi
436 3647 607 3707 serentium?
649 3639 769 3708 Etenim
785 3641 850 3708 Eva
865 3643 914 3708 illa
928 3645 1011 3731 prior
1026 3645 1145 3731 sapiens
1162 3667 1226 3710 mn·

52 3749 115 3814 lier
132 3747 270 3827 Adumo,
294 3767 380 3833 quem
395 3745 460 3833 ipsa
479 3745 661 3826 nudaverat,
685 3745 874 3832 aspectabilis
891 3749 1032 3833 quaedum
1049 3747 1226 3812 vestimentu

53 3850 239 3929 contexuit,
271 3850 377 3937 quippe
396 3848 560 3914 huiusmodi
584 3858 631 3912 est
650 3846 751 3913 labore
769 3848 918 3914 damnata.
963 3848 1051 3935 Quod
1075 3849 1153 3914 cuim
1171 3867 1226 3913 nu·

52 3955 139 4019 ditas
159 3951 238 4017 illius
257 3972 348 4038 opera
364 3954 475 4016 relenta
494 3953 608 4030 luerat,
633 3950 689 4014 hoc
708 3950 803 4016 cidem
819 3950 917 4017 datum
935 3951 1084 4038 negotium
1100 3960 1163 4034 est,
1193 3961 1227 4016 ut
1321 3973 1323 3978 ·

52 4059 91 4121 ud
114 4064 276 4120 externam
302 4054 462 4119 nuditatem
484 4053 639 4138 tegendum
663 4073 770 4138 corpus
794 4054 890 4135 istud,
922 4055 999 4138 qnod
1017 4054 1153 4119 sensibus
1171 4075 1226 4120 ιιι-

52 4159 192 4246 positum
219 4167 282 4237 est,
315 4168 400 4221 reste
425 4165 610 4241 contegeret.
655 4154 699 4220 Ar
722 4152 839 4220 Mariae
866 4155 1007 4222 divinitus
1031 4154 1101 4219 illud
1122 4153 1228 4240 obtigit

53 4274 88 4327 ut
109 4279 223 4345 agnum
241 4257 326 4323 uobis
345 4267 433 4344 atque
456 4279 542 4323 ovem
565 4268 702 4344 pareret,
736 4258 819 4322 ouius
836 4279 876 4323 ιιι
892 4255 1049 4344 splendore
1067 4279 1102 4322 ao
1117 4257 1223 4341 gloria,

51 4374 204 4448 tanquam
221 4381 239 4426 e
255 4359 389 4441 vellere,
421 4381 476 4447 per
497 4361 629 4426 eiusdem
653 4359 793 4427 virtutem
816 4360 1043 4426 immortalitatis
1064 4358 1150 4425 uoltis
1174 4379 1226 4424 ve·

88 4497 118 4552 t.
140 4493 174 4550 cd
192 4492 351 4564 ἅμφιιιιύιιι
369 4499 421 4548 cod.
439 4499 540 4560 ltludip.

110 4581 208 4638 ccmo·
222 4577 358 4625 Haerereol.
371 4577 401 4624 11.
416 4581 436 4623 t.
981 4587 1022 4652 28
