3060 5026
251 285 388 338 rinnau
405 285 470 338 nto.
483 285 528 337 nt.
544 284 627 338 rom.
639 285 671 336 ιι.
689 283 788 336 narn.
800 281 932 337 cxxvn.
1111 269 1174 334 367

35 405 165 470 bonanae
185 415 307 470 naturae
326 404 524 470 conditionem
542 405 742 489 extingueret.
787 401 871 468 Unde
888 403 969 466 etad
985 404 1069 468 boum
1086 403 1173 468 arbo·
1208 431 1294 476 mmo,

34 529 88 572 rem
108 507 225 587 esuriit,
257 519 287 572 et
309 529 411 573 verum
437 509 528 572 lutum
554 508 633 572 iecit.
680 505 727 570 nt
752 505 874 570 eandem
899 525 972 570 vero
992 507 1071 570 iiiam
1090 507 1174 570 ficum
1184 485 1294 591 1022&
1305 537 1326 580 ς,

35 631 90 674 oum
106 611 242 675 oonouila
260 611 402 691 dixisset,
426 629 478 688 ea,
504 610 545 674 oti
561 611 695 687 dixerat,
726 609 906 672 acciderunt.
955 606 1027 672 item
1043 609 1072 672 in
1091 610 1312 679 novionensi.

35 714 76 798 p'o
99 735 160 778 cnm
183 723 302 778 ventum
327 713 527 798 increpasset,
559 711 605 778 bic
629 711 727 776 subito
751 711 849 774 desiit.
896 709 974 774 Tum
994 731 1067 776 nero
1087 722 1173 797 sputo
1192 723 1301 770 tomos.

35 837 81 880 suo
94 838 125 880 ac
147 817 226 894 into,
260 826 371 880 etcum
389 814 551 878 divinitatis
569 833 642 878 snae
662 831 817 891 sermone,
842 823 901 876 tum
922 813 1064 892 bominis,
1089 836 1175 899 quem

35 929 237 1004 assumpserat,
269 929 372 1003 sputo,
407 916 487 996 luto,
518 917 654 1002 inquam,
684 915 762 980 sicut
791 915 905 980 Adamo
936 918 1099 999 quondam,
1134 917 1174 980 ita

36 1041 113 1084 caeno
135 1019 267 1104 ibiquod
292 1021 327 1083 ad
344 1018 541 1102 integritatem
565 1020 668 1082 deerat
689 1017 848 1080 membrum
876 1018 960 1082 finxit
983 1039 1018 1082 ec
1037 1019 1173 1084 reddidit.

37 1119 64 1186 st
79 1123 188 1206 quidem
206 1123 236 1186 iu
252 1143 288 1186 eo
307 1132 393 1186 erant
409 1119 505 1185 omnia
523 1121 671 1206 perfecta,
696 1119 770 1183 adeo
788 1129 819 1182 ut
834 1119 864 1182 in
884 1141 973 1184 carne
991 1131 1174 1205 paterentur,

37 1224 217 1290 indivinitate
232 1244 305 1290 vero
324 1223 382 1310 pati
399 1223 469 1286 nihii
485 1233 623 1308 possent,
655 1222 750 1288 donec
770 1243 786 1284 a
806 1221 928 1286 mortuis
946 1221 1092 1288 excitatns
1115 1235 1172 1305 est,
1187 1239 1314 1297 nomes.

37 1326 95 1390 nibil
115 1327 236 1414 amplios
260 1327 378 1390 omnino
401 1328 534 1412 patiens,
558 1345 653 1410 oeque
676 1325 805 1389 moriens
826 1325 958 1390 omniuo.

107 1427 192 1512 Quod
212 1429 238 1494 si
261 1429 409 1506 nonuniii,
443 1449 496 1514 pro
519 1449 555 1492 eo
574 1428 650 1512 qnod
668 1447 685 1492 e
701 1428 778 1492 virili
801 1440 866 1493 satu
888 1449 994 1514 corpus
1013 1449 1071 1492 non
1088 1449 1170 1492 aece-
1223 1447 1285 1516 cap.

37 1530 114 1614 perit,
137 1530 248 1596 diversi
265 1531 414 1596 cuiusdam
432 1551 500 1596 esse
514 1532 633 1616 generis
649 1529 848 1611 arbitrentur,
871 1551 929 1595 non
947 1541 992 1596 est
1010 1533 1086 1616 quod
1106 1550 1173 1618 pro—
1213 1517 1288 1568 Μ

39 1643 121 1714 pterea
137 1635 230 1698 nostri
245 1635 377 1720 eorporis
392 1653 460 1698 esse
474 1633 615 1698 dissimile
628 1644 742 1718 putent.
787 1631 946 1718 Postquam
959 1633 1036 1697 enim
1049 1656 1065 1698 e
1077 1632 1175 1700 Maria

39 1745 122 1798 natum
143 1757 212 1801 esse
231 1748 316 1800 estro
337 1735 546 1800 dubitationem
563 1755 678 1800 omnem
695 1746 756 1815 est,
790 1747 922 1800 nostrum
943 1735 1034 1800 inisse
1053 1757 1176 1803 necesse

40 1847 89 1916 est,
116 1835 214 1904 Maria
232 1839 336 1926 qnippe
356 1859 414 1902 non
432 1837 553 1902 citerius
567 1858 651 1922 qnam
668 1839 751 1902 cuius
767 1859 890 1924 corpora
907 1849 1008 1903 nostra
1022 1851 1091 1908 snut
1105 1863 1176 1904 coo·

41 1939 138 2004 ditionis
152 1941 262 2006 extitit.
308 1939 385 2005 Nam
399 1951 430 2004 et
446 1941 576 2005 Adamas
590 1960 608 2003 a
623 1939 688 2004 viro
701 1941 818 2026 genitus
836 1961 893 2004 non
910 1940 974 2019 tuit,
993 1942 1045 2004 sed
1061 1964 1077 2004 e
1095 1951 1175 2007 terra
1201 1942 1295 1990 ΟΜ

42 2039 181 2124 iormctns,
215 2063 270 2110 nec
295 2045 362 2108 ideo
386 2043 519 2128 sequitur
542 2041 618 2126 quod
641 2063 701 2105 noo
719 2064 736 2106 e
753 2043 830 2106 virili
848 2052 933 2121 satu,
964 2044 1016 2108 scd
1035 2045 1071 2107 de
1097 2055 1178 2110 terra

41 2145 173 2226 prodierit,
198 2147 344 2210 diversam
363 2147 507 2231 quandam
524 2163 541 2208 a
558 2143 668 2209 nostris
685 2145 856 2232 corporibus
872 2157 1005 2209 usturam
1025 2165 1092 2210 esse
1110 2170 1176 2214 sor·

43 2243 119 2309 titum.
162 2247 282 2312 Etenim
309 2269 363 2313 nos
386 2249 423 2312 ab
441 2247 491 2312 ilio
513 2246 605 2332 geniti
626 2245 662 2311 ab
688 2247 818 2312 eiusdem
837 2268 962 2334 corpore
985 2249 1094 2312 diversi
1118 2269 1176 2313 non

43 2365 139 2430 sumus3
168 2352 285 2416 tametsi
307 2351 417 2415 evirili
433 2361 499 2416 satu
518 2349 676 2428 fuerimus,
707 2371 742 2414 ac
760 2351 890 2415 mulieris
909 2363 994 2416 utero
1010 2352 1174 2437 propagati.

44 2444 90 2513 Sed
103 2451 169 2517 baec
195 2453 329 2518 nonnulii
351 2453 486 2518 subtilius
504 2453 661 2518 identidem
692 2462 868 2533 tractantes,
899 2465 929 2517 et
947 2452 1091 2518 inanimo
1108 2475 1176 2517 ver·

45 2563 141 2634 unns,
173 2577 298 2642 ascopo
313 2555 630 2641 penitusaberrarunt.
675 2554 737 2618 Atii
753 2575 898 2639 porroex
915 2556 971 2635 iis,
1004 2556 1052 2641 qui
1069 2556 1105 2619 ad
1121 2575 1176 2622 nos

45 2655 221 2740 ventitabant,
253 2659 365 2724 inbuite
383 2659 525 2743 quaedam
554 2657 619 2722 aliis
634 2656 866 2736 deblaterantes,
897 2659 990 2722 virum
1009 2658 1176 2724 laudatissi-

46 2773 104 2819 nnm
123 2762 182 2825 sois
207 2759 460 2828 criminationibus
483 2759 691 2840 traducebant,
722 2779 757 2823 ac
773 2757 1022 2825 vehementiorem
1046 2762 1173 2846 quidem,

47 2875 111 2936 quem
129 2875 278 2947 parerat,
312 2865 464 2928 tumultum
480 2863 683 2942 concitarunt,
714 2860 778 2927 sive
794 2883 835 2926 cx
852 2862 985 2943 inscitia,
1017 2863 1081 2928 siva
1099 2866 1175 2949 quod
1266 2917 1269 2926 .

48 2956 113 3024 tbeo
129 2965 234 3030 dictum
251 2977 316 3030 erat
331 2967 450 3029 minime
467 2965 681 3050 percepissent,
696 2975 727 3028 et
738 2965 774 3028 ab
793 2985 830 3028 eo
847 2965 972 3051 digressi
985 2987 1059 3051 qnae
1076 2967 1175 3031 andie-

49 3074 97 3124 ttttt
117 3067 249 3152 dogmata
275 3069 489 3154 praedicarent.
534 3066 646 3133 Verum
675 3067 710 3131 de
734 3068 963 3154 supervacaneis
984 3069 1064 3133 hisce
1086 3088 1177 3155 quae·

50 3163 166 3234 itionibus
183 3171 338 3236 hacteuus.
371 3167 444 3234 lilud
462 3191 534 3235 vero
552 3171 679 3234 lectores
695 3191 798 3234 omues
814 3171 1018 3236 intellecturos
1036 3172 1175 3252 arbitror,

50 3265 107 3330 unta
122 3294 170 3336 uos
194 3284 247 3338 aut
263 3271 373 3336 invidia
397 3284 447 3336 aut
470 3272 537 3336 odio
560 3272 589 3336 in
615 3271 761 3338 bominem
781 3293 849 3338 esse
874 3286 1049 3340 commotos.
1095 3273 1177 3340 lstud

52 3369 107 3432 enin
121 3373 248 3460 inprimis
267 3387 399 3461 optamus
417 3397 452 3438 ac
467 3375 603 3461 petimus,
620 3385 653 3440 ut
668 3396 704 3438 nc
720 3374 756 3440 ab
773 3375 897 3440 ecciesin
910 3371 1022 3441 Christi
1038 3389 1125 3462 atque
1140 3377 1175 3441 ab

52 3473 196 3542 merissima
221 3481 344 3544 fratrum
372 3477 514 3544 societate
531 3477 701 3558 divellatur,
734 3478 787 3542 sed
813 3490 847 3543 ut
871 3480 1012 3545 eiusmodi
1033 3477 1176 3565 dogmatis

53 3570 144 3640 rinion
164 3582 292 3646 studium
316 3581 590 3664 contentionemque
608 3581 752 3667 deponat,
776 3601 811 3644 ac
827 3603 894 3646 sese
913 3584 949 3647 ad
970 3584 1090 3648 meliora
1107 3605 1177 3648 con·

53 3685 136 3758 tanat,
156 3683 232 3748 sient
246 3683 385 3770 scriptum
403 3695 463 3762 est,
480 3688 638 3758 devertere,
658 3695 810 3759 revertere,
830 3689 996 3761 Summitti,
1021 3698 1172 3761 reuertere,
1184 3698 1322 3757 mntem

54 3783 224 3848 numianus
247 3791 277 3848 in
301 3799 337 3848 te.
383 3783 488 3850 Redeo
512 3787 568 3850 iam
591 3784 671 3848 adid
689 3788 764 3871 quod
787 3785 871 3852 initio
887 3809 1114 3875 proposueram,
1145 3798 1176 3852 et

56 3881 111 3958 trud
130 3906 312 3970 consequens
334 3899 379 3951 est
400 3899 543 3952 attexam.

116 3982 207 4074 Neget
228 4010 246 4053 a
271 3985 392 4055 Christo
414 3992 574 4077 perfectam
599 3989 725 4056 hominis
749 4003 881 4058 naturam
909 4013 977 4058 esse
998 4003 1172 4076 susceptam.
1221 4011 1282 4076 cup.

50 4069 103 4198 pino
115 4100 139 4152 et
154 4093 307 4158 nonnullos
326 4092 363 4158 ab
381 4095 458 4158 omui
473 4115 524 4180 spe
541 4092 646 4158 scintis
663 4095 774 4175 deiicit,
797 4096 988 4161 vehementer
1004 4095 1072 4160 iilos
1087 4093 1174 4160 terri·
1220 4079 1286 4135 xx·

52 4205 190 4509 &⁴¹¹th
204 4328 263 4400 παρ’
279 4329 384 4394 inercie
400 4337 449 4386 tine
459 4328 517 4401 παρ’
534 4329 580 4388 dd·
648 4333 673 4389 3.
690 4335 793 4386 turon
813 4335 855 4385 icc
873 4329 1009 4402 ἐπίστρεφε
1030 4333 1178 4387 desidmutm

101 4429 106 4438 ·
135 4399 255 4456 Cwnmt'ru
266 4407 333 4454 vertit
344 4413 387 4453 aut
400 4421 415 4454 a
429 4421 455 4454 se
469 4403 530 4470 ipsis
542 4421 580 4454 re·
614 4407 640 4454 iu
657 4405 712 4455 enit.
729 4405 811 4454 Peion.

93 4469 582 4538 tmtecacproierenteaturbemoommo·
650 4469 675 4523 4.
703 4474 848 4536 σοιμαιῐτις
868 4469 918 4522 sod·
943 4473 993 4524 dett.
1034 4469 1179 4540 σουμαιῑτις

83 4539 132 4580 mtt·
160 4537 268 4592 Pacuium
283 4543 375 4593 mtebnt
390 4535 449 4608 παρ’
466 4535 551 4595 edroi.
617 4541 671 4592 edit
687 4543 762 4604 princ.
