3072 5002
290 237 427 290 rsttutur
446 237 698 291 mutuasset.
715 237 951 290 nusumxxru.
1158 225 1199 288 't't

36 371 67 422 et
89 369 227 423 ereatura
254 361 420 444 segregatis
444 357 566 442 reliquis
591 357 706 422 urticam
734 358 812 422 illam
844 359 993 422 notionem
1024 356 1199 441 deligamus,

36 483 91 546 qna
110 483 128 524 s
149 461 297 547 passionis
314 473 440 548 experte
457 464 647 548 perlectoque
667 482 702 526 ac
719 461 815 526 stabili
834 473 987 538 creatore,
1011 471 1041 524 et
1057 459 1200 524 eiusmodi

37 566 183 650 denique„
214 565 376 630 cuiusmodi
392 577 557 630 ereaturam
573 585 641 628 esse
657 564 767 643 volarit,
799 563 961 628 derivatam
976 563 1053 628 illam
1072 561 1200 646 anticipi-

36 689 117 746 mus,
143 678 377 732 oouseutaueum
392 679 439 732 est
454 678 486 732 ut
501 688 539 730 es
558 665 649 753 patris
666 667 777 751 bliiquc
795 667 934 746 struibus,
967 665 1201 750 qutatrdoquidem

37 769 65 832 iu
83 780 199 855 patrem
222 791 257 834 nc
282 769 371 835 lulium
390 771 513 834 crede-re
531 769 686 855 praecipue
708 769 885 847 dedicimus,
918 769 1060 848 socrdem,
1092 781 1122 832 ut
1138 767 1201 854 pios

37 891 70 935 ac
91 871 253 957 religiosos
276 875 379 952 decet,
404 872 536 936 notitiam
560 871 738 936 hauriamus.

119 972 324 1058 Quamobrem
340 975 366 1038 si
386 975 415 1038 iu
434 996 468 1038 re
483 977 631 1060 proposita
646 974 674 1038 iu
693 985 776 1059 patre
794 973 995 1037 discernamus
1012 974 1039 1037 it
1057 973 1132 1057 quaed
1150 974 1201 1036 sd·
1216 981 1275 1052 cup.
1293 982 1336 1035 tv.

39 1075 161 1141 bserera
185 1079 281 1156 solet,
313 1087 345 1142 ut
361 1099 426 1142 cum
451 1078 574 1162 quadam
590 1075 745 1140 allectione
764 1076 965 1161 prollutrioqnc
983 1075 1035 1141 mli
1056 1086 1140 1162 pater
1157 1075 1201 1138 iu·

41 1181 205 1264 telligatur,
237 1191 269 1245 et
292 1180 382 1244 lilium
406 1179 486 1244 tudlo
509 1180 623 1244 sentiae
649 1189 839 1266 propagatum
865 1179 1065 1264 concipiamus
1088 1177 1198 1258 ausimo,

41 1304 131 1368 oeque
157 1283 321 1362 eiusmodi,
352 1294 383 1347 ut
409 1282 561 1369 corporeis
585 1293 708 1346 naturae
734 1281 1029 1359 siribnsadolesoot,
1059 1281 1139 1344 etad
1156 1281 1201 1344 iu·

41 1398 220 1450 emrtuoutum
247 1386 524 1470 corruptionemque
548 1384 677 1450 uicissim
703 1395 853 1462 transeat,
886 1405 960 1469 quae
978 1394 1046 1448 suut
1066 1381 1201 1468 propria-e

44 1509 133 1551 rerum
164 1491 375 1573 corporearum
405 1499 510 1552 uolaea
542 1488 605 1564 ltis,
640 1487 775 1572 iuquam,
810 1485 1039 1572 circumscriptis
1066 1486 1200 1550 narratibus

43 1589 106 1653 uiluil
131 1603 254 1676 praeter
276 1591 379 1654 similis
399 1590 550 1655 notionem
576 1590 740 1654 habebitur.
786 1587 827 1654 Ut
844 1592 921 1653 enim
946 1611 1011 1654 sum
1028 1611 1046 1654 a
1064 1599 1201 1653 creatura

44 1695 119 1772 (uuam
150 1695 181 1757 id
213 1694 310 1758 denuo
339 1695 529 1779 repetendum
560 1697 623 1775 est)
652 1693 833 1757 exclusimus
860 1693 977 1770 amaris,
1013 1713 1101 1756 ararum
1131 1691 1200 1756 illud

44 1795 237 1881 sumpsimus,
269 1796 300 1860 iu
318 1807 454 1860 creatore
477 1798 593 1880 quidem
621 1807 728 1860 statum
754 1797 897 1879 quendum
924 1795 1071 1880 passionis
1092 1815 1201 1880 exper-

47 1909 113 1976 tem,
137 1900 168 1964 io
187 1909 326 1963 creatura
341 1919 415 1962 vero
433 1901 590 1984 perlectam
609 1910 639 1961 et
654 1898 767 1982 qualem
790 1899 926 1961 corrtlitor
943 1897 1054 1977 volarit,
1078 1918 1113 1962 sc
1131 1897 1202 1962 soli·

47 1999 102 2062 dam
129 2013 255 2066 naturae
279 2002 468 2086 qualitatem,
504 2001 548 2064 sio
570 1999 599 2064 iu
628 2011 739 2087 patrem
767 2011 797 2064 et
823 1999 913 2064 lilium
935 1999 1087 2086 corporeis
1107 1999 1201 2064 omrai·

47 2099 94 2164 bus
116 2103 276 2189 amputatis
300 2105 387 2168 unios
410 2103 514 2168 similis
537 2103 613 2188 quod
630 2105 665 2166 ad
690 2102 848 2168 essentiam
867 2102 973 2166 attinet
987 2104 1123 2168 aruimalis
1149 2123 1202 2189 ge·

48 2207 153 2270 uenatio
182 2208 374 2271 trarmlertur.
429 2203 520 2270 Pater
546 2205 624 2270 euim
651 2205 697 2270 sui
729 2205 833 2270 similis
863 2205 1046 2270 substantiae
1073 2216 1156 2292 pater
1184 2225 1201 2269 s

49 2307 123 2372 nubis
149 2307 337 2392 intelligitur.
394 2305 481 2392 Quod
505 2309 531 2372 si
555 2330 612 2374 una
634 2330 699 2372 cum
726 2307 834 2372 ueteris
854 2307 989 2372 omatibus
1019 2307 1199 2386 notionibus,

49 2429 114 2492 quae
129 2431 169 2475 es
193 2409 285 2495 patris
303 2421 333 2474 et
349 2409 402 2474 lilii
418 2411 584 2476 semitribus
601 2431 808 2495 corporearum
829 2431 925 2475 rerum
944 2411 1070 2496 propriis
1090 2410 1202 2496 cogita·

50 2511 120 2575 tione
141 2513 368 2599 praeciduntur,
404 2525 528 2578 naturae
550 2535 666 2599 quoque
688 2512 823 2577 animalis
846 2535 912 2576 oum
938 2523 1020 2598 patre
1041 2513 1202 2576 similitudo

50 2613 174 2695 tollatur,
208 2637 296 2700 equa
319 2614 502 2700 intelligendi
528 2617 671 2680 rationem
690 2637 805 2680 omanem
826 2615 978 2694 ducimus,
1010 2627 1121 2701 patrem
1140 2637 1202 2679 sm·

52 2713 115 2798 ptius
130 2717 261 2796 uallum,
293 2729 345 2782 aut
363 2718 453 2783 salium
471 2740 541 2784 esse
556 2721 731 2798 credemus,
754 2719 807 2782 sed
827 2730 1006 2794 creatorem,
1032 2739 1067 2782 ac
1086 2729 1203 2782 oreatu-

53 2836 118 2898 ram,
148 2832 179 2884 et
192 2841 413 2907 supervacanea
427 2823 572 2907 quaedam
588 2823 724 2900 nonnius,
756 2842 831 2906 quae
854 2821 926 2886 uiluil
947 2841 999 2907 per
1014 2821 1112 2906 seipsa
1130 2841 1201 2884 eou-

54 2919 146 2987 lersut.
194 2919 238 2988 lta
264 2922 317 2987 liet
334 2935 365 2988 ut
388 2927 460 2990 deus
478 2935 596 2989 creator
610 2925 666 3002 sit,
699 2945 754 2988 uec
772 2925 827 2988 ulla
849 2936 946 2989 tamen
964 2922 1078 2987 ratione
1096 2922 1135 2988 sit
1152 2943 1203 3010 pa-

55 3030 102 3085 ter.
144 3021 232 3108 Quod
258 3027 335 3089 euim
356 3035 438 3112 pater
462 3049 519 3090 riou
539 3027 630 3111 ipsius
650 3027 793 3105 actionis,
824 3027 877 3092 sed
903 3036 1026 3090 natusne
1051 3026 1201 3092 cuiusdam

55 3123 160 3206 similis,
186 3148 262 3212 quae
283 3149 336 3214 per
353 3130 431 3194 illam
450 3131 595 3194 actionem
612 3130 732 3207 existit,
755 3139 837 3214 puter
854 3128 1026 3214 appelletur,
1052 3129 1202 3192 naturales

56 3221 123 3310 ipsas
144 3231 276 3296 raticues
303 3230 457 3297 euidenter
479 3233 648 3298 ostendunt.
694 3229 772 3296 Nam
799 3254 863 3295 ouum
892 3231 981 3295 multa
1007 3251 1098 3316 perses
1120 3235 1202 3294 deam

57 3331 188 3398 actionum
212 3353 324 3417 genera
349 3335 426 3413 sint,
457 3333 514 3400 alia
536 3347 583 3400 est
601 3335 697 3413 sotio,
730 3355 785 3418 qua
809 3317 975 3399 creatorem
998 3331 1200 3417 intelligimus,

58 3445 186 3514 quatenus
201 3436 277 3500 coeli
294 3447 466 3522 terraeque,
492 3448 521 3502 et
536 3458 610 3523 quae
628 3435 673 3502 bis
690 3437 880 3501 contineatur
897 3435 1044 3516 omnium,
1070 3457 1124 3500 ruso
1142 3458 1202 3502 uou

59 3543 188 3602 eteorum
213 3560 289 3623 quase
311 3539 405 3604 rideri
435 3550 585 3624 raequeuut
610 3550 729 3604 creator
751 3552 808 3604 est.
865 3535 998 3604 Eundem
1026 3560 1098 3603 vero
1125 3539 1202 3604 uruioi

60 3635 102 3699 tttl
124 3651 272 3725 parentem
293 3665 351 3708 unu
373 3653 509 3727 tauquam
535 3655 719 3722 creatorem,
757 3642 809 3707 sed
832 3653 969 3728 tauquam
990 3653 1120 3728 patrem,
1153 3641 1202 3725 qui

60 3742 162 3821 genuit,
194 3765 262 3810 esse
287 3747 506 3830 cognoscimus.
553 3744 664 3810 Veram
682 3743 708 3808 si
726 3755 846 3830 propter
862 3745 958 3822 illam,
990 3765 1076 3829 quiam
1104 3754 1202 3808 ruente
1279 3811 1281 3818 ,

62 3845 243 3928 manipimus,
274 3848 426 3934 corporeis
451 3849 478 3911 iu
496 3849 627 3934 patribus
650 3869 685 3911 sc
704 3848 773 3912 liliis
799 3847 996 3912 nourditiooem
1017 3845 1202 3931 passionibus

64 3940 221 4028 obnoxiam,
255 3961 394 4015 vereatur
417 3949 539 4034 aliquis,
570 3971 608 4014 ne
632 3951 656 4013 si
680 3950 814 4036 eorporis
838 3971 947 4036 expers
965 3951 1038 4012 deus
1055 3967 1201 4033 generare

65 4041 175 4129 dicator,
206 4053 349 4136 quasdam
375 4053 402 4116 ei
419 4053 565 4116 tribuatur
583 4053 719 4130 allectio,
744 4063 795 4117 aut
815 4052 843 4116 id
861 4053 958 4137 ipsum
979 4051 1055 4135 quod
1071 4049 1203 4136 gignitur

65 4139 244 4231 imperfectum
270 4165 444 4233 cetuseatur,
489 4176 523 4218 ae
549 4163 647 4219 cetera
671 4155 699 4218 id
726 4175 820 4240 genus
848 4173 922 4237 quoae
946 4173 1099 4239 corporeo
1126 4155 1201 4239 putri

68 4245 165 4336 filioque
188 4257 386 4334 conveniunt,
417 4257 442 4322 si
467 4257 494 4322 id
518 4255 633 4342 iuquam
654 4268 788 4321 metuens
804 4277 974 4340 gemuauam
994 4255 1133 4341 patrisso
1150 4256 1202 4321 tutti

68 4349 193 4422 tationem
221 4361 354 4438 aulcrat,
388 4360 561 4423 eudemum
585 4359 749 4438 relabetur,
784 4358 870 4421 talem
895 4369 927 4420 ut
955 4358 1045 4421 lilium
1074 4370 1200 4438 asserat,

69 4456 147 4532 qualis
160 4473 226 4526 suut
242 4461 361 4550 opificia
376 4461 504 4548 reliqua,
535 4483 590 4527 uec
605 4462 685 4527 illum
701 4461 820 4527 omuino
838 4459 929 4526 lilium
947 4461 1084 4552 appellet.
1128 4457 1202 4526 Ete-
