3066 5016
296 231 432 290 assutus
449 233 512 288 urs.
530 237 575 287 ru.
592 233 674 289 nom.
689 235 721 288 u.
741 235 839 288 uuna.
855 234 1000 288 unviti.
1162 221 1222 284 tta

27 413 28 442 p
71 353 224 441 scriptione
250 357 512 441 complecteremur
536 357 583 442 qui
611 377 762 420 sacrarum
788 355 937 419 literarum
958 354 1111 418 veritatem
1130 357 1225 439 perci·

71 479 136 543 pere
165 459 302 539 student,
335 479 431 545 neque
456 469 568 523 temere
590 459 777 524 sermonibus
800 457 960 533 insultare,
991 468 1041 520 aut
1072 469 1224 520 coustume·

70 559 168 624 liosam
194 561 344 646 sibiipsis
370 561 499 646 linguam
523 561 698 646 producere.
752 557 838 644 Quod
862 560 886 623 si
918 559 965 643 qui
992 559 1135 645 refragari
1161 581 1223 623 nra·

70 661 135 739 lint,
166 683 202 726 ae
217 664 325 749 spretis
342 663 461 728 utilibus
485 684 560 748 quae
583 662 793 727 discontraria
811 675 880 726 suut
897 659 1063 746 amplectis
1080 661 1164 725 nobis
1180 663 1223 724 iu·

68 763 138 829 limis
160 766 358 852 usurpandum
382 765 452 830 illud
474 767 547 844 crit,
579 769 637 845 Qui
651 770 748 839 ondit,
782 768 897 839 undam,-
929 771 981 847 qni
995 777 1148 827 conminus
1165 776 1219 838 est,
1258 776 1342 822 Εκιιι.

68 879 216 930 mutumne
231 879 300 943 esto,
324 889 359 931 ao
374 889 468 953 neque
482 867 637 954 apostolis,
661 888 754 952 neque
770 866 855 930 nobis
872 867 995 950 amplius
1012 868 1154 930 molestus
1169 866 1219 931 sit.
1259 831 1281 884 ι’
1293 830 1327 874 π’

70 967 150 1052 Quae
168 971 246 1034 enim
260 971 481 1056 religiosissima
498 980 527 1034 et
543 970 687 1035 ecelesiae
705 973 852 1034 lruetuosa
869 991 936 1033 esse
952 971 1134 1055 putabamus,
1152 970 1223 1034 haee

69 1073 102 1135 de
120 1072 307 1138 sanctissima
330 1073 444 1158 virgine
466 1094 567 1137 sumus
591 1074 736 1159 prolessi3
771 1083 803 1136 nt
829 1072 893 1136 eius
912 1071 1104 1157 patrocinium
1130 1073 1225 1137 susci·

69 1195 202 1259 paremus
227 1197 301 1260 quac
321 1182 422 1256 gruta'n
443 1179 607 1256 plcuz'scima
629 1188 690 1237 ost:
723 1185 755 1238 ιιι
782 1173 902 1238 Gabriel
925 1175 1040 1238 locutus
1064 1186 1127 1255 est,
1159 1181 1363 1250 Amasenus

65 1281 161 1356 grutam
170 1280 273 1358 plenu,
297 1283 426 1342 dommus
448 1291 548 1342 tecum.
595 1276 726 1363 Quodsi
746 1277 1045 1361 curnipsadominus
1066 1288 1128 1357 est,
1153 1301 1224 1362 quo·

69 1380 149 1442 modo
168 1379 292 1444 alterum
312 1380 480 1465 coniugium
501 1379 655 1444 admisisse
673 1381 789 1465 potest?
833 1375 988 1461 Quonam,
1012 1379 1149 1466 inquam,
1175 1403 1224 1465 pa·

69 1492 112 1545 eto
132 1502 207 1568 quae
224 1482 322 1546 caruis
348 1482 589 1546 consuetudinem
610 1482 750 1560 haberet,
783 1482 937 1545 adumino
962 1483 1076 1546 servari
1099 1482 1225 1546 dicitur?

69 1581 229 1648 Enimvero
245 1585 340 1648 sancti
356 1605 458 1649 umcros
474 1605 581 1666 magno
598 1583 627 1647 in
646 1585 758 1647 honore
774 1593 853 1646 sucat.
901 1583 1013 1648 Horum
1032 1595 1078 1648 est
1093 1583 1223 1668 gloriosa

67 1686 200 1770 requies3
223 1687 327 1751 horum
350 1708 389 1751 ex
410 1686 463 1750 hac
481 1687 543 1750 vita
558 1685 706 1750 discessus
722 1687 757 1749 ad
776 1685 986 1772 perfectionem
1004 1687 1144 1752 transitus
1163 1699 1220 1764 est,
1349 1749 1355 1758 ,

68 1789 234 1853 corumdem
251 1787 282 1853 iu
303 1789 443 1854 lelieitate
464 1811 550 1868 sors,
581 1788 820 1852 instructissimis
839 1789 994 1852 domiciliis
1011 1789 1089 1853 iuter
1103 1790 1221 1874 augelo-

67 1912 126 1954 rum
145 1891 254 1956 chorus
271 1903 446 1971 versantur,
471 1891 612 1955 habitatio
630 1892 660 1955 in
676 1890 778 1970 coelo,
803 1891 956 1975 occupatio
970 1890 1000 1954 iu
1019 1889 1112 1955 sacris
1130 1892 1223 1956 literis

68 2003 126 2074 est,
157 1993 248 2058 decus
273 2015 307 2056 ac
324 1994 463 2078 splendor
478 1992 659 2078 sempiterno
674 1992 703 2056 in
723 1994 835 2056 honore
856 1990 1008 2071 consistit,
1042 2013 1126 2078 quem
1144 1995 1223 2058 nulla

66 2097 233 2160 coniectura
256 2105 354 2180 pntest
376 2097 511 2179 assequi3
542 2095 671 2181 praemia
688 2095 814 2178 denique
831 2093 861 2157 iu
878 2091 1000 2159 Christo
1020 2092 1087 2160 lesu
1105 2093 1223 2160 domino

65 2210 168 2262 nostro
188 2198 283 2284 posita
312 2208 399 2277 sunt,
434 2217 592 2284 perquem
616 2210 646 2261 et
673 2217 798 2282 quocum
822 2197 916 2282 gloria
938 2197 1010 2282 patri
1031 2219 1096 2262 cum
1117 2207 1221 2263 saneto

66 2301 169 2384 spiritu
191 2299 222 2363 in
244 2300 380 2379 saecula,
405 2300 515 2364 Amen.

148 2398 262 2467 Omnes
287 2422 341 2466 vos
362 2403 470 2467 iratres
493 2402 646 2488 plurimum
671 2402 810 2465 salutant.
857 2399 922 2466 Vos
944 2401 1075 2467 vicissim
1097 2403 1220 2467 salutem

64 2504 199 2569 omrsibus
217 2507 265 2590 qui
285 2508 361 2592 apud
380 2525 434 2568 vos
450 2515 519 2570 sum
537 2503 675 2568 iratribus
696 2491 803 2584 dicite,
836 2504 891 2570 lanc
910 2515 956 2569 est
972 2505 1104 2570 fidelibus
1124 2505 1221 2570 since-

63 2625 113 2670 rae
130 2607 197 2670 lidei
216 2608 396 2687 cultoribus,
421 2607 469 2691 qui
485 2607 649 2693 superbiam
664 2618 858 2686 aversantur,
882 2606 930 2691 qui
946 2607 1127 2671 Asianorum
1142 2629 1221 2670 cnm·

64 2708 251 2788 munionem,
282 2722 314 2774 et
332 2707 567 2775 sabellianorum
584 2683 762 2796 prdterviam
782 2709 927 2787 oderunt,
960 2710 1007 2795 qui
1028 2711 1221 2774 consubstan-

63 2811 162 2876 tialem
181 2811 338 2876 trinitatem
356 2813 526 2897 prolitentes
543 2811 666 2876 adorant
681 2821 792 2898 patrem
811 2823 841 2876 et
856 2811 944 2876 lilium
959 2823 989 2876 et
1004 2811 1137 2897 spiritum
1153 2834 1222 2877 san-

63 2923 160 2993 etum,
193 2927 255 2979 tres
280 2935 423 3000 personas
439 2926 470 2979 et
494 2937 579 2979 unam
601 2913 794 2978 substantiam
819 2935 855 2977 sc
873 2914 1054 2979 divinitatem
1078 2936 1222 2998 unamque

62 3015 201 3098 gloriam,
225 3015 332 3102 quique
348 3018 519 3081 desalutari
536 3016 751 3081 incarnationis
769 3016 877 3080 domini
892 3017 1035 3103 mysterio
1052 3017 1168 3080 sincere
1186 3038 1220 3080 au

63 3117 136 3181 citra
163 3139 295 3182 errorem
319 3119 466 3199 sentiunt,
500 3141 535 3182 ae
565 3115 716 3184 Christum
741 3119 826 3204 plane
850 3119 995 3182 hominem
1024 3139 1092 3183 esse
1114 3119 1220 3183 lactum

62 3222 284 3306 perlectumque
300 3219 384 3286 deum
399 3223 608 3308 superlectum
622 3221 768 3286 homiuem
784 3222 974 3299 arbitrantur,
999 3221 1110 3306 peccati
1125 3221 1221 3286 omnis

63 3335 234 3409 expertem,
265 3323 313 3408 qui
331 3344 438 3410 corpus
456 3325 491 3387 dc
509 3322 605 3388 Maria
621 3322 788 3409 susceperit
804 3343 862 3388 una
879 3345 943 3387 curu
961 3325 1057 3387 anima
1075 3335 1105 3388 et
1122 3333 1221 3388 mente

62 3425 231 3509 ceterisque
255 3425 361 3510 quidus
390 3427 538 3491 hominum
562 3437 667 3492 natura
685 3435 816 3505 onustat,
848 3427 922 3490 adeo
946 3437 1053 3490 utnon
1072 3425 1219 3506 densim,

62 3528 113 3592 sed
132 3527 375 3609 unusdcminus‚
411 3531 649 3615 cumquodeus,
682 3550 758 3593 uuus
775 3549 848 3607 rex,
880 3529 1124 3616 uuuspontilex,
1148 3528 1221 3592 deus

62 3641 92 3694 et
117 3629 226 3708 homo,
250 3629 337 3704 homo
355 3650 391 3693 aa
407 3631 496 3710 deus,
521 3651 581 3694 non
597 3632 674 3709 duo,
696 3631 858 3710 sedunus,
882 3632 1019 3717 iuquam,
1043 3652 1081 3695 ex
1098 3630 1221 3716 duplicis

61 3743 189 3796 naturae
206 3733 413 3797 coniunctione
430 3733 590 3812 conflatus,
614 3753 673 3797 uon
692 3744 725 3796 ut
742 3731 849 3818 aliquid
866 3735 1037 3813 confusum,
1062 3745 1113 3798 aut
1129 3734 1159 3796 iu
1176 3733 1220 3795 ni·

60 3832 154 3898 lullum
169 3834 320 3899 redactum
333 3835 385 3915 sit,
409 3834 461 3900 uod
475 3835 505 3899 in
520 3856 557 3899 ec
574 3834 672 3898 omnia
688 3833 748 3899 siut
761 3834 797 3900 ad
815 3857 956 3902 summam
973 3835 1088 3901 divinae
1106 3834 1219 3920 gratiae

61 3935 346 4004 administrationem
370 3940 512 4024 perlecta.
557 3935 677 4002 Valete.

151 4037 217 4104 Hoc
234 4041 376 4128 epistulae
392 4041 529 4127 exemplo
546 4039 693 4119 contenti,
726 4041 801 4125 qnod
828 4040 863 4104 ad
890 4039 1004 4103 illorum
1028 4037 1219 4102 refellendum

61 4163 197 4208 errorem
221 4144 357 4209 idoneum
382 4155 446 4226 est,
477 4165 512 4208 ae
534 4143 606 4208 satis
632 4162 778 4228 superque
801 4142 900 4227 egisse
923 4162 978 4205 uns
1000 4139 1150 4222 arbitrati,
1183 4140 1220 4205 ab

61 4243 118 4311 hac
141 4245 258 4311 haeresi
283 4245 484 4326 discedemus,
517 4267 602 4331 quam
625 4245 772 4331 serpentis
789 4267 805 4308 e
825 4244 968 4308 loramiue
984 4243 1154 4329 prodeuntis
1175 4243 1220 4308 in·

94 4415 122 4468 3.
141 4417 207 4468 ΗΜ
223 4419 294 4480 culpo
310 4413 389 4484 η’μᾶς.
694 4417 718 4467 5.
736 4411 868 4483 denodatos
884 4418 936 4470 aad·
953 4417 1051 4480 ltdtdlp.

95 4480 121 4536 4.
140 4479 199 4552 alpais
215 4487 283 4539 codd.
298 4499 354 4538 atas.
387 4481 450 4555 ripis
466 4487 521 4538 ltdrl
536 4487 601 4538 odili.
