<?xml version="1.0" encoding="UTF-8"?>
<!DOCTYPE html PUBLIC "-//W3C//DTD XHTML 1.0 Transitional//EN"
    "http://www.w3.org/TR/xhtml1/DTD/xhtml1-transitional.dtd">
<html xmlns="http://www.w3.org/1999/xhtml" xml:lang="en" lang="en">
 <head>
  <title>
</title>
<meta http-equiv="Content-Type" content="text/html;charset=utf-8" />
  <meta name='ocr-system' content='tesseract 3.04.00' />
  <meta name='ocr-capabilities' content='ocr_page ocr_carea ocr_par ocr_line ocrx_word'/>
</head>
<body>
  <div class='ocr_page' id='page_1' title='image "./corporishaerese00oehlgoog/corporishaerese00oehlgoog_0064.png"; bbox 0 0 3082 5006; ppageno 0'>
   <div class='ocr_carea' id='block_1_1' title="bbox 290 275 1202 370">
    <p class='ocr_par' dir='ltr' id='par_1_1' title="bbox 290 275 1202 370">
     <span class='ocr_line' id='line_1_1' title="bbox 290 275 1202 370; baseline 0.002 -4"><span class='ocrx_word' id='word_1_1' title='bbox 290 314 571 370; x_wconf 71' lang='lat' dir='ltr'>renuntiemus.</span> <span class='ocrx_word' id='word_1_2' title='bbox 589 317 672 368; x_wconf 85' lang='lat' dir='ltr'>rou.</span> <span class='ocrx_word' id='word_1_3' title='bbox 690 318 710 368; x_wconf 88' lang='lat'>1.</span> <span class='ocrx_word' id='word_1_4' title='bbox 725 315 826 368; x_wconf 76' lang='lat' dir='ltr'>naun.</span> <span class='ocrx_word' id='word_1_5' title='bbox 842 275 952 368; x_wconf 78' lang='grc' dir='ltr'>ιιιιιιι.</span> <span class='ocrx_word' id='word_1_6' title='bbox 1122 327 1127 334; x_wconf 93' lang='grc'><strong><em>·</em></strong></span> <span class='ocrx_word' id='word_1_7' title='bbox 1162 305 1202 370; x_wconf 78' lang='grc'>53</span> 
     </span>
    </p>
   </div>
   <div class='ocr_carea' id='block_1_2' title="bbox 46 437 1354 1532">
    <p class='ocr_par' dir='ltr' id='par_1_2' title="bbox 47 437 1202 524">
     <span class='ocr_line' id='line_1_2' title="bbox 47 437 1202 524; baseline 0.007 -29"><span class='ocrx_word' id='word_1_8' title='bbox 47 442 172 511; x_wconf 81' lang='lat' dir='ltr'>erratus,</span> <span class='ocrx_word' id='word_1_9' title='bbox 208 437 400 514; x_wconf 80' lang='lat' dir='ltr'>ueniamus,</span> <span class='ocrx_word' id='word_1_10' title='bbox 433 438 486 502; x_wconf 87' lang='lat' dir='ltr'>sed</span> <span class='ocrx_word' id='word_1_11' title='bbox 504 437 638 502; x_wconf 77' lang='lat' dir='ltr'>existens</span> <span class='ocrx_word' id='word_1_12' title='bbox 663 458 798 523; x_wconf 89' lang='lat' dir='ltr'>semper,</span> <span class='ocrx_word' id='word_1_13' title='bbox 830 458 946 502; x_wconf 85' lang='lat' dir='ltr'>eccum</span> <span class='ocrx_word' id='word_1_14' title='bbox 964 437 1019 502; x_wconf 91' lang='lat' dir='ltr'>deo</span> <span class='ocrx_word' id='word_1_15' title='bbox 1038 448 1202 524; x_wconf 87' lang='lat' dir='ltr'>patreper-</span> 
     </span>
    </p>

    <p class='ocr_par' dir='ltr' id='par_1_3' title="bbox 48 541 1354 730">
     <span class='ocr_line' id='line_1_3' title="bbox 48 541 1354 626; baseline 0 -29"><span class='ocrx_word' id='word_1_16' title='bbox 48 547 127 620; x_wconf 89' lang='lat' dir='ltr'>petuo</span> <span class='ocrx_word' id='word_1_17' title='bbox 148 557 293 622; x_wconf 72' lang='lat' dir='ltr'>regnans.</span> <span class='ocrx_word' id='word_1_18' title='bbox 340 544 427 602; x_wconf 73' lang='lat' dir='ltr'>Curius</span> <span class='ocrx_word' id='word_1_19' title='bbox 447 563 547 622; x_wconf 78' lang='lat' dir='ltr'>regne,</span> <span class='ocrx_word' id='word_1_20' title='bbox 580 553 611 605; x_wconf 89' lang='lat' dir='ltr'>ut</span> <span class='ocrx_word' id='word_1_21' title='bbox 629 551 755 608; x_wconf 88' lang='lat' dir='ltr'>testatur</span> <span class='ocrx_word' id='word_1_22' title='bbox 776 541 946 626; x_wconf 78' lang='lat' dir='ltr'>apostotus,</span> <span class='ocrx_word' id='word_1_23' title='bbox 979 563 1035 602; x_wconf 83' lang='lat' dir='ltr'>aon</span> <span class='ocrx_word' id='word_1_24' title='bbox 1051 544 1198 622; x_wconf 77' lang='lat' dir='ltr'>err&#39;tstnis.</span> <span class='ocrx_word' id='word_1_25' title='bbox 1215 553 1354 612; x_wconf 78' lang='lat' dir='ltr'>cue.1,ua.</span> 
     </span>
     <span class='ocr_line' id='line_1_4' title="bbox 50 636 1203 730; baseline 0.005 -28"><span class='ocrx_word' id='word_1_26' title='bbox 50 636 97 702; x_wconf 84' lang='lat' dir='ltr'>iiic</span> <span class='ocrx_word' id='word_1_27' title='bbox 111 639 174 725; x_wconf 88' lang='lat' dir='ltr'>ipse</span> <span class='ocrx_word' id='word_1_28' title='bbox 192 640 287 721; x_wconf 84' lang='lat' dir='ltr'>tilius,</span> <span class='ocrx_word' id='word_1_29' title='bbox 311 643 374 728; x_wconf 88' lang='lat' dir='ltr'>ipse</span> <span class='ocrx_word' id='word_1_30' title='bbox 394 642 506 723; x_wconf 82' lang='lat' dir='ltr'>virtus,</span> <span class='ocrx_word' id='word_1_31' title='bbox 531 644 594 730; x_wconf 89' lang='lat' dir='ltr'>ipse</span> <span class='ocrx_word' id='word_1_32' title='bbox 615 645 778 730; x_wconf 76' lang='lat' dir='ltr'>sapientia,</span> <span class='ocrx_word' id='word_1_33' title='bbox 803 645 865 729; x_wconf 89' lang='lat' dir='ltr'>ipse</span> <span class='ocrx_word' id='word_1_34' title='bbox 884 642 1051 729; x_wconf 92' lang='lat' dir='ltr'>proprium,</span> <span class='ocrx_word' id='word_1_35' title='bbox 1084 665 1203 708; x_wconf 82' lang='lat' dir='ltr'>verom-</span> 
     </span>
    </p>

    <p class='ocr_par' dir='ltr' id='par_1_4' title="bbox 46 743 1354 1138">
     <span class='ocr_line' id='line_1_5' title="bbox 49 743 1202 828; baseline 0.007 -25"><span class='ocrx_word' id='word_1_36' title='bbox 49 763 96 824; x_wconf 83' lang='lat' dir='ltr'>qne</span> <span class='ocrx_word' id='word_1_37' title='bbox 110 744 154 806; x_wconf 88' lang='lat' dir='ltr'>dei</span> <span class='ocrx_word' id='word_1_38' title='bbox 171 745 316 822; x_wconf 81' lang='lat' dir='ltr'>verdum,</span> <span class='ocrx_word' id='word_1_39' title='bbox 341 746 476 810; x_wconf 89' lang='lat' dir='ltr'>dominus</span> <span class='ocrx_word' id='word_1_40' title='bbox 491 757 594 812; x_wconf 90' lang='lat' dir='ltr'>noster</span> <span class='ocrx_word' id='word_1_41' title='bbox 610 744 693 810; x_wconf 86' lang='lat' dir='ltr'>iesus</span> <span class='ocrx_word' id='word_1_42' title='bbox 712 743 862 827; x_wconf 86' lang='lat' dir='ltr'>Christus,</span> <span class='ocrx_word' id='word_1_43' title='bbox 886 745 1011 810; x_wconf 86' lang='lat' dir='ltr'>indivisa</span> <span class='ocrx_word' id='word_1_44' title='bbox 1028 745 1074 810; x_wconf 89' lang='lat' dir='ltr'>dei</span> <span class='ocrx_word' id='word_1_45' title='bbox 1089 747 1202 828; x_wconf 79' lang='lat' dir='ltr'>virtus3</span> 
     </span>
     <span class='ocr_line' id='line_1_6' title="bbox 50 848 1204 935; baseline 0.003 -27"><span class='ocrx_word' id='word_1_46' title='bbox 50 866 199 930; x_wconf 85' lang='lat' dir='ltr'>perquem</span> <span class='ocrx_word' id='word_1_47' title='bbox 225 858 325 912; x_wconf 87' lang='lat' dir='ltr'>creata</span> <span class='ocrx_word' id='word_1_48' title='bbox 352 848 450 914; x_wconf 84' lang='lat' dir='ltr'>omniu</span> <span class='ocrx_word' id='word_1_49' title='bbox 476 850 618 935; x_wconf 82' lang='lat' dir='ltr'>producto</span> <span class='ocrx_word' id='word_1_50' title='bbox 640 860 727 926; x_wconf 91' lang='lat' dir='ltr'>sunt,</span> <span class='ocrx_word' id='word_1_51' title='bbox 763 859 794 912; x_wconf 91' lang='lat' dir='ltr'>ot</span> <span class='ocrx_word' id='word_1_52' title='bbox 818 849 1002 932; x_wconf 85' lang='lat' dir='ltr'>evangelium</span> <span class='ocrx_word' id='word_1_53' title='bbox 1026 849 1124 912; x_wconf 83' lang='lat' dir='ltr'>docet.</span> <span class='ocrx_word' id='word_1_54' title='bbox 1169 853 1204 912; x_wconf 87' lang='lat' dir='ltr'>In</span> 
     </span>
     <span class='ocr_line' id='line_1_7' title="bbox 46 951 1354 1035; baseline 0.005 -26"><span class='ocrx_word' id='word_1_55' title='bbox 46 953 191 1029; x_wconf 77' lang='lat' dir='ltr'>pmirerprir,</span> <span class='ocrx_word' id='word_1_56' title='bbox 226 951 336 1035; x_wconf 80' lang='lat' dir='ltr'>iuquit,</span> <span class='ocrx_word' id='word_1_57' title='bbox 369 963 433 1013; x_wconf 85' lang='lat' dir='ltr'>erat</span> <span class='ocrx_word' id='word_1_58' title='bbox 448 955 577 1028; x_wconf 81' lang='lat' dir='ltr'>verdum,</span> <span class='ocrx_word' id='word_1_59' title='bbox 611 965 642 1014; x_wconf 87' lang='lat' dir='ltr'>et</span> <span class='ocrx_word' id='word_1_60' title='bbox 656 954 769 1015; x_wconf 84' lang='lat' dir='ltr'>verdum</span> <span class='ocrx_word' id='word_1_61' title='bbox 792 965 855 1015; x_wconf 82' lang='lat' dir='ltr'>erut</span> <span class='ocrx_word' id='word_1_62' title='bbox 868 956 947 1032; x_wconf 85' lang='lat' dir='ltr'>opud</span> <span class='ocrx_word' id='word_1_63' title='bbox 962 955 1058 1026; x_wconf 83' lang='lat' dir='ltr'>deum,</span> <span class='ocrx_word' id='word_1_64' title='bbox 1090 965 1118 1014; x_wconf 88' lang='lat' dir='ltr'>et</span> <span class='ocrx_word' id='word_1_65' title='bbox 1135 957 1354 1022; x_wconf 69' lang='lat' dir='ltr'>decernerent.</span> 
     </span>
     <span class='ocr_line' id='line_1_8' title="bbox 49 1054 1203 1138; baseline 0.003 -26"><span class='ocrx_word' id='word_1_66' title='bbox 49 1063 103 1112; x_wconf 81' lang='lat' dir='ltr'>emt</span> <span class='ocrx_word' id='word_1_67' title='bbox 117 1054 251 1114; x_wconf 76' lang='lat' dir='ltr'>uerbum-r</span> <span class='ocrx_word' id='word_1_68' title='bbox 284 1059 377 1116; x_wconf 83' lang='lat' dir='ltr'>omnrir</span> <span class='ocrx_word' id='word_1_69' title='bbox 392 1077 448 1136; x_wconf 83' lang='lat' dir='ltr'>per</span> <span class='ocrx_word' id='word_1_70' title='bbox 465 1060 554 1136; x_wconf 80' lang='lat' dir='ltr'>t&#39;prsum</span> <span class='ocrx_word' id='word_1_71' title='bbox 569 1057 650 1138; x_wconf 82' lang='lat' dir='ltr'>scoto</span> <span class='ocrx_word' id='word_1_72' title='bbox 667 1068 751 1130; x_wconf 83' lang='lat' dir='ltr'>sunt,</span> <span class='ocrx_word' id='word_1_73' title='bbox 782 1068 811 1117; x_wconf 88' lang='lat' dir='ltr'>et</span> <span class='ocrx_word' id='word_1_74' title='bbox 825 1061 886 1119; x_wconf 83' lang='lat' dir='ltr'>srire</span> <span class='ocrx_word' id='word_1_75' title='bbox 902 1060 963 1135; x_wconf 72' lang='lat' dir='ltr'>apro</span> <span class='ocrx_word' id='word_1_76' title='bbox 971 1057 1082 1137; x_wconf 77' lang='lat' dir='ltr'>feretum</span> <span class='ocrx_word' id='word_1_77' title='bbox 1099 1067 1142 1116; x_wconf 85' lang='lat' dir='ltr'>est</span> <span class='ocrx_word' id='word_1_78' title='bbox 1158 1059 1203 1116; x_wconf 73' lang='grc' dir='ltr'>ιιι·-</span> 
     </span>
    </p>

    <p class='ocr_par' dir='ltr' id='par_1_5' title="bbox 49 1152 1199 1241">
     <span class='ocr_line' id='line_1_9' title="bbox 49 1152 1199 1241; baseline 0.007 -29"><span class='ocrx_word' id='word_1_79' title='bbox 49 1155 91 1214; x_wconf 82' lang='lat' dir='ltr'>nt.</span> <span class='ocrx_word' id='word_1_80' title='bbox 135 1152 203 1218; x_wconf 86' lang='lat' dir='ltr'>Hoc</span> <span class='ocrx_word' id='word_1_81' title='bbox 231 1155 347 1220; x_wconf 88' lang='lat' dir='ltr'>demum</span> <span class='ocrx_word' id='word_1_82' title='bbox 372 1157 495 1220; x_wconf 86' lang='lat' dir='ltr'>verbum</span> <span class='ocrx_word' id='word_1_83' title='bbox 522 1168 566 1222; x_wconf 90' lang='lat' dir='ltr'>est</span> <span class='ocrx_word' id='word_1_84' title='bbox 589 1159 624 1220; x_wconf 91' lang='lat' dir='ltr'>de</span> <span class='ocrx_word' id='word_1_85' title='bbox 648 1177 706 1241; x_wconf 91' lang='lat' dir='ltr'>quo</span> <span class='ocrx_word' id='word_1_86' title='bbox 728 1155 828 1222; x_wconf 85' lang='lat' dir='ltr'>Lucas</span> <span class='ocrx_word' id='word_1_87' title='bbox 856 1155 1048 1240; x_wconf 78' lang='lat' dir='ltr'>evangelista·</span> <span class='ocrx_word' id='word_1_88' title='bbox 1063 1166 1199 1226; x_wconf 82' lang='lat' dir='ltr'>testatur.</span> 
     </span>
    </p>

    <p class='ocr_par' dir='ltr' id='par_1_6' title="bbox 47 1256 1331 1532">
     <span class='ocr_line' id='line_1_10' title="bbox 49 1256 1331 1342; baseline 0.005 -26"><span class='ocrx_word' id='word_1_89' title='bbox 49 1259 130 1334; x_wconf 71' lang='lat' dir='ltr'>sitm,</span> <span class='ocrx_word' id='word_1_90' title='bbox 156 1256 273 1341; x_wconf 82' lang='lat' dir='ltr'>inquit,</span> <span class='ocrx_word' id='word_1_91' title='bbox 310 1263 494 1322; x_wconf 73' lang='lat' dir='ltr'>tradiderunt</span> <span class='ocrx_word' id='word_1_92' title='bbox 507 1261 588 1322; x_wconf 84' lang='lat' dir='ltr'>nodr&#39;s</span> <span class='ocrx_word' id='word_1_93' title='bbox 602 1262 703 1342; x_wconf 84' lang='lat' dir='ltr'>qur&#39;od</span> <span class='ocrx_word' id='word_1_94' title='bbox 723 1265 805 1322; x_wconf 82' lang='lat' dir='ltr'>eirr&#39;tr&#39;o</span> <span class='ocrx_word' id='word_1_95' title='bbox 829 1265 1001 1341; x_wconf 70' lang='lat' dir='ltr'>mspeotores</span> <span class='ocrx_word' id='word_1_96' title='bbox 1022 1270 1050 1320; x_wconf 84' lang='lat' dir='ltr'>et</span> <span class='ocrx_word' id='word_1_97' title='bbox 1071 1261 1294 1324; x_wconf 61' lang='lat' dir='ltr'>pepercitum·</span> <span class='ocrx_word' id='word_1_98' title='bbox 1308 1263 1331 1306; x_wconf 80' lang='lat'>²·</span> 
     </span>
     <span class='ocr_line' id='line_1_11' title="bbox 47 1361 1200 1448; baseline 0.003 -28"><span class='ocrx_word' id='word_1_99' title='bbox 47 1361 117 1436; x_wconf 78' lang='lat' dir='ltr'>suere</span> <span class='ocrx_word' id='word_1_100' title='bbox 136 1363 227 1422; x_wconf 78' lang='lat' dir='ltr'>oerdr&#39;.</span> <span class='ocrx_word' id='word_1_101' title='bbox 255 1361 322 1424; x_wconf 69' lang='lat' dir='ltr'>nt</span> <span class='ocrx_word' id='word_1_102' title='bbox 349 1363 472 1426; x_wconf 84' lang='lat' dir='ltr'>eundem</span> <span class='ocrx_word' id='word_1_103' title='bbox 501 1363 586 1426; x_wconf 91' lang='lat' dir='ltr'>etiam</span> <span class='ocrx_word' id='word_1_104' title='bbox 612 1361 707 1426; x_wconf 87' lang='lat' dir='ltr'>David</span> <span class='ocrx_word' id='word_1_105' title='bbox 732 1364 882 1448; x_wconf 78' lang='lat' dir='ltr'>respexit,</span> <span class='ocrx_word' id='word_1_106' title='bbox 913 1385 979 1426; x_wconf 91' lang='lat' dir='ltr'>cum</span> <span class='ocrx_word' id='word_1_107' title='bbox 1011 1361 1051 1424; x_wconf 91' lang='lat' dir='ltr'>ita</span> <span class='ocrx_word' id='word_1_108' title='bbox 1076 1361 1200 1424; x_wconf 77' lang='lat' dir='ltr'>cecinit:</span> 
     </span>
     <span class='ocr_line' id='line_1_12' title="bbox 51 1460 1298 1532; baseline 0.003 -10"><span class='ocrx_word' id='word_1_109' title='bbox 51 1466 188 1526; x_wconf 81' lang='lat' dir='ltr'>Eruetom&#39;t</span> <span class='ocrx_word' id='word_1_110' title='bbox 201 1487 255 1526; x_wconf 88' lang='lat' dir='ltr'>cor</span> <span class='ocrx_word' id='word_1_111' title='bbox 264 1487 352 1527; x_wconf 85' lang='lat' dir='ltr'>meum</span> <span class='ocrx_word' id='word_1_112' title='bbox 366 1466 479 1528; x_wconf 84' lang='lat' dir='ltr'>verdum</span> <span class='ocrx_word' id='word_1_113' title='bbox 495 1467 606 1528; x_wconf 83' lang='lat' dir='ltr'>bonum.</span> <span class='ocrx_word' id='word_1_114' title='bbox 634 1463 686 1532; x_wconf 85' lang='lat' dir='ltr'>Sic</span> <span class='ocrx_word' id='word_1_115' title='bbox 701 1478 731 1528; x_wconf 86' lang='lat' dir='ltr'>et</span> <span class='ocrx_word' id='word_1_116' title='bbox 749 1466 882 1527; x_wconf 90' lang='lat' dir='ltr'>domiuus</span> <span class='ocrx_word' id='word_1_117' title='bbox 898 1474 1001 1528; x_wconf 88' lang='lat' dir='ltr'>noster</span> <span class='ocrx_word' id='word_1_118' title='bbox 1019 1467 1099 1527; x_wconf 84' lang='lat' dir='ltr'>lesos</span> <span class='ocrx_word' id='word_1_119' title='bbox 1112 1460 1199 1530; x_wconf 87' lang='lat' dir='ltr'>Cirri-</span> <span class='ocrx_word' id='word_1_120' title='bbox 1213 1469 1298 1514; x_wconf 72' lang='lat' dir='ltr'>ruera.</span> 
     </span>
    </p>
   </div>
   <div class='ocr_carea' id='block_1_3' title="bbox 52 1523 1304 1650">
    <p class='ocr_par' dir='ltr' id='par_1_7' title="bbox 52 1523 1304 1650">
     <span class='ocr_line' id='line_1_13' title="bbox 52 1523 1304 1650; baseline 0.001 -25"><span class='ocrx_word' id='word_1_121' title='bbox 52 1575 102 1627; x_wconf 83' lang='lat' dir='ltr'>stus</span> <span class='ocrx_word' id='word_1_122' title='bbox 116 1567 144 1628; x_wconf 95' lang='lat' dir='ltr'>in</span> <span class='ocrx_word' id='word_1_123' title='bbox 162 1567 323 1649; x_wconf 80' lang='lat' dir='ltr'>evangelio</span> <span class='ocrx_word' id='word_1_124' title='bbox 340 1589 394 1630; x_wconf 89' lang='lat' dir='ltr'>nos</span> <span class='ocrx_word' id='word_1_125' title='bbox 414 1566 529 1632; x_wconf 88' lang='lat' dir='ltr'>docuit:</span> <span class='ocrx_word' id='word_1_126' title='bbox 561 1573 642 1649; x_wconf 81' lang='lat' dir='ltr'>Ego,</span> <span class='ocrx_word' id='word_1_127' title='bbox 668 1566 778 1650; x_wconf 90' lang='lat' dir='ltr'>inquit,</span> <span class='ocrx_word' id='word_1_128' title='bbox 810 1579 926 1648; x_wconf 82' lang='lat' dir='ltr'>epatre</span> <span class='ocrx_word' id='word_1_129' title='bbox 942 1571 1034 1642; x_wconf 81' lang='lat' dir='ltr'>earini,</span> <span class='ocrx_word' id='word_1_130' title='bbox 1066 1573 1195 1630; x_wconf 78' lang='lat' dir='ltr'>etoenro.</span> <span class='ocrx_word' id='word_1_131' title='bbox 1225 1523 1304 1640; x_wconf 67' lang='lat' dir='ltr'>riini.</span> 
     </span>
    </p>
   </div>
   <div class='ocr_carea' id='block_1_4' title="bbox 53 1626 1337 3702">
    <p class='ocr_par' dir='ltr' id='par_1_8' title="bbox 53 1626 1307 1858">
     <span class='ocr_line' id='line_1_14' title="bbox 54 1626 1307 1755; baseline 0.005 -26"><span class='ocrx_word' id='word_1_132' title='bbox 54 1665 97 1731; x_wconf 85' lang='lat' dir='ltr'>Hie</span> <span class='ocrx_word' id='word_1_133' title='bbox 111 1681 155 1732; x_wconf 84' lang='lat' dir='ltr'>est</span> <span class='ocrx_word' id='word_1_134' title='bbox 174 1673 225 1754; x_wconf 83' lang='lat' dir='ltr'>qui</span> <span class='ocrx_word' id='word_1_135' title='bbox 241 1670 399 1754; x_wconf 79' lang='lat' dir='ltr'>postremis</span> <span class='ocrx_word' id='word_1_136' title='bbox 424 1670 604 1755; x_wconf 88' lang='lat' dir='ltr'>temporibus</span> <span class='ocrx_word' id='word_1_137' title='bbox 627 1682 747 1735; x_wconf 88' lang='lat' dir='ltr'>nostrae</span> <span class='ocrx_word' id='word_1_138' title='bbox 771 1670 875 1735; x_wconf 86' lang='lat' dir='ltr'>salutis</span> <span class='ocrx_word' id='word_1_139' title='bbox 897 1671 992 1755; x_wconf 83' lang='lat' dir='ltr'>gratia</span> <span class='ocrx_word' id='word_1_140' title='bbox 1017 1671 1202 1734; x_wconf 81' lang='lat' dir='ltr'>descendens</span> <span class='ocrx_word' id='word_1_141' title='bbox 1227 1626 1307 1680; x_wconf 54' lang='grc' dir='ltr'>Μ’</span> 
     </span>
     <span class='ocr_line' id='line_1_15' title="bbox 53 1770 904 1858; baseline 0.006 -27"><span class='ocrx_word' id='word_1_142' title='bbox 53 1781 76 1832; x_wconf 85' lang='lat' dir='ltr'>et</span> <span class='ocrx_word' id='word_1_143' title='bbox 91 1792 126 1835; x_wconf 79' lang='lat' dir='ltr'>ex</span> <span class='ocrx_word' id='word_1_144' title='bbox 148 1773 267 1855; x_wconf 81' lang='lat' dir='ltr'>virgine</span> <span class='ocrx_word' id='word_1_145' title='bbox 289 1770 387 1836; x_wconf 87' lang='lat' dir='ltr'>Maria</span> <span class='ocrx_word' id='word_1_146' title='bbox 409 1774 527 1856; x_wconf 82' lang='lat' dir='ltr'>genitos</span> <span class='ocrx_word' id='word_1_147' title='bbox 551 1774 696 1837; x_wconf 89' lang='lat' dir='ltr'>hominem</span> <span class='ocrx_word' id='word_1_148' title='bbox 720 1774 861 1858; x_wconf 80' lang='lat' dir='ltr'>suscepit.</span> <span class='ocrx_word' id='word_1_149' title='bbox 903 1831 904 1836; x_wconf 73' lang='grc'>,</span> 
     </span>
    </p>

    <p class='ocr_par' dir='ltr' id='par_1_9' title="bbox 54 1870 1337 3702">
     <span class='ocr_line' id='line_1_16' title="bbox 121 1870 1337 1966; baseline 0 -28"><span class='ocrx_word' id='word_1_150' title='bbox 121 1870 221 1939; x_wconf 87' lang='lat' dir='ltr'>Credo</span> <span class='ocrx_word' id='word_1_151' title='bbox 250 1876 340 1958; x_wconf 76' lang='lat' dir='ltr'>igitur</span> <span class='ocrx_word' id='word_1_152' title='bbox 364 1875 393 1938; x_wconf 92' lang='lat' dir='ltr'>in</span> <span class='ocrx_word' id='word_1_153' title='bbox 421 1877 505 1966; x_wconf 85' lang='lat' dir='ltr'>deum</span> <span class='ocrx_word' id='word_1_154' title='bbox 532 1879 780 1961; x_wconf 89' lang='lat' dir='ltr'>omnipotentem,</span> <span class='ocrx_word' id='word_1_155' title='bbox 818 1888 848 1942; x_wconf 91' lang='lat' dir='ltr'>et</span> <span class='ocrx_word' id='word_1_156' title='bbox 872 1877 901 1940; x_wconf 93' lang='lat' dir='ltr'>in</span> <span class='ocrx_word' id='word_1_157' title='bbox 926 1872 1076 1941; x_wconf 84' lang='lat' dir='ltr'>Christum</span> <span class='ocrx_word' id='word_1_158' title='bbox 1103 1877 1199 1940; x_wconf 89' lang='lat' dir='ltr'>lesum</span> <span class='ocrx_word' id='word_1_159' title='bbox 1216 1886 1274 1956; x_wconf 74' lang='lat' dir='ltr'>cop.</span> <span class='ocrx_word' id='word_1_160' title='bbox 1292 1887 1337 1939; x_wconf 90' lang='grc' dir='ltr'>ιιι.</span> 
     </span>
     <span class='ocr_line' id='line_1_17' title="bbox 54 1974 1202 2064; baseline 0.006 -29"><span class='ocrx_word' id='word_1_161' title='bbox 54 1974 128 2059; x_wconf 86' lang='lat' dir='ltr'>ipsios</span> <span class='ocrx_word' id='word_1_162' title='bbox 161 1978 252 2040; x_wconf 83' lang='lat' dir='ltr'>titium</span> <span class='ocrx_word' id='word_1_163' title='bbox 286 1979 467 2062; x_wconf 85' lang='lat' dir='ltr'>unigenitum</span> <span class='ocrx_word' id='word_1_164' title='bbox 500 1979 647 2042; x_wconf 88' lang='lat' dir='ltr'>dominum</span> <span class='ocrx_word' id='word_1_165' title='bbox 682 1989 833 2056; x_wconf 90' lang='lat' dir='ltr'>nostrum,</span> <span class='ocrx_word' id='word_1_166' title='bbox 869 1979 999 2064; x_wconf 82' lang='lat' dir='ltr'>genitum</span> <span class='ocrx_word' id='word_1_167' title='bbox 1031 1979 1066 2041; x_wconf 91' lang='lat' dir='ltr'>de</span> <span class='ocrx_word' id='word_1_168' title='bbox 1096 1977 1202 2060; x_wconf 84' lang='lat' dir='ltr'>spiritu</span> 
     </span>
     <span class='ocr_line' id='line_1_18' title="bbox 55 2077 1202 2164; baseline 0.003 -25"><span class='ocrx_word' id='word_1_169' title='bbox 55 2091 154 2155; x_wconf 85' lang='lat' dir='ltr'>sancto,</span> <span class='ocrx_word' id='word_1_170' title='bbox 186 2092 218 2143; x_wconf 85' lang='lat' dir='ltr'>et</span> <span class='ocrx_word' id='word_1_171' title='bbox 232 2077 332 2144; x_wconf 88' lang='lat' dir='ltr'>Maria</span> <span class='ocrx_word' id='word_1_172' title='bbox 357 2080 484 2164; x_wconf 79' lang='lat' dir='ltr'>virgine.</span> <span class='ocrx_word' id='word_1_173' title='bbox 531 2078 590 2164; x_wconf 81' lang='lat' dir='ltr'>Qui</span> <span class='ocrx_word' id='word_1_174' title='bbox 612 2081 668 2146; x_wconf 85' lang='lat' dir='ltr'>sub</span> <span class='ocrx_word' id='word_1_175' title='bbox 688 2078 797 2146; x_wconf 90' lang='lat' dir='ltr'>Pontio</span> <span class='ocrx_word' id='word_1_176' title='bbox 813 2080 911 2146; x_wconf 80' lang='lat' dir='ltr'>Pilato</span> <span class='ocrx_word' id='word_1_177' title='bbox 934 2079 1095 2144; x_wconf 81' lang='lat' dir='ltr'>crucifixos</span> <span class='ocrx_word' id='word_1_178' title='bbox 1109 2090 1155 2142; x_wconf 86' lang='lat' dir='ltr'>est</span> <span class='ocrx_word' id='word_1_179' title='bbox 1171 2089 1202 2142; x_wconf 92' lang='lat' dir='ltr'>et</span> 
     </span>
     <span class='ocr_line' id='line_1_19' title="bbox 56 2181 1198 2266; baseline 0.003 -26"><span class='ocrx_word' id='word_1_180' title='bbox 56 2183 186 2266; x_wconf 81' lang='lat' dir='ltr'>sepultus,</span> <span class='ocrx_word' id='word_1_181' title='bbox 221 2193 255 2246; x_wconf 88' lang='lat' dir='ltr'>et</span> <span class='ocrx_word' id='word_1_182' title='bbox 277 2182 364 2248; x_wconf 83' lang='lat' dir='ltr'>tertia</span> <span class='ocrx_word' id='word_1_183' title='bbox 387 2183 433 2246; x_wconf 89' lang='lat' dir='ltr'>die</span> <span class='ocrx_word' id='word_1_184' title='bbox 456 2184 624 2248; x_wconf 84' lang='lat' dir='ltr'>resurrexit</span> <span class='ocrx_word' id='word_1_185' title='bbox 642 2205 658 2246; x_wconf 92' lang='lat' dir='ltr'>a</span> <span class='ocrx_word' id='word_1_186' title='bbox 677 2185 811 2248; x_wconf 88' lang='lat' dir='ltr'>mortuis.</span> <span class='ocrx_word' id='word_1_187' title='bbox 858 2182 1004 2248; x_wconf 81' lang='lat' dir='ltr'>Ascendit</span> <span class='ocrx_word' id='word_1_188' title='bbox 1022 2182 1051 2244; x_wconf 91' lang='lat' dir='ltr'>in</span> <span class='ocrx_word' id='word_1_189' title='bbox 1071 2181 1198 2259; x_wconf 85' lang='lat' dir='ltr'>corium,</span> 
     </span>
     <span class='ocr_line' id='line_1_20' title="bbox 55 2282 1203 2370; baseline 0.003 -28"><span class='ocrx_word' id='word_1_190' title='bbox 55 2292 77 2342; x_wconf 88' lang='lat' dir='ltr'>et</span> <span class='ocrx_word' id='word_1_191' title='bbox 95 2285 170 2347; x_wconf 81' lang='lat' dir='ltr'>sedet</span> <span class='ocrx_word' id='word_1_192' title='bbox 192 2286 230 2348; x_wconf 86' lang='lat' dir='ltr'>ad</span> <span class='ocrx_word' id='word_1_193' title='bbox 254 2285 407 2348; x_wconf 80' lang='lat' dir='ltr'>dexterum</span> <span class='ocrx_word' id='word_1_194' title='bbox 432 2282 541 2370; x_wconf 84' lang='lat' dir='ltr'>patris;</span> <span class='ocrx_word' id='word_1_195' title='bbox 574 2287 650 2350; x_wconf 92' lang='lat' dir='ltr'>unde</span> <span class='ocrx_word' id='word_1_196' title='bbox 676 2298 818 2350; x_wconf 84' lang='lat' dir='ltr'>venturus</span> <span class='ocrx_word' id='word_1_197' title='bbox 843 2297 888 2350; x_wconf 85' lang='lat' dir='ltr'>est</span> <span class='ocrx_word' id='word_1_198' title='bbox 910 2285 1039 2348; x_wconf 88' lang='lat' dir='ltr'>iudicare</span> <span class='ocrx_word' id='word_1_199' title='bbox 1066 2284 1152 2346; x_wconf 89' lang='lat' dir='ltr'>vivos</span> <span class='ocrx_word' id='word_1_200' title='bbox 1172 2292 1203 2345; x_wconf 91' lang='lat' dir='ltr'>et</span> 
     </span>
     <span class='ocr_line' id='line_1_21' title="bbox 54 2385 1200 2472; baseline 0.003 -26"><span class='ocrx_word' id='word_1_201' title='bbox 54 2395 178 2452; x_wconf 86' lang='lat' dir='ltr'>mortuos.</span> <span class='ocrx_word' id='word_1_202' title='bbox 229 2385 269 2450; x_wconf 86' lang='lat' dir='ltr'>Et</span> <span class='ocrx_word' id='word_1_203' title='bbox 283 2387 312 2451; x_wconf 90' lang='lat' dir='ltr'>in</span> <span class='ocrx_word' id='word_1_204' title='bbox 329 2389 462 2472; x_wconf 90' lang='lat' dir='ltr'>spiritum</span> <span class='ocrx_word' id='word_1_205' title='bbox 478 2401 624 2467; x_wconf 82' lang='lat' dir='ltr'>sunctum,</span> <span class='ocrx_word' id='word_1_206' title='bbox 648 2399 779 2452; x_wconf 87' lang='lat' dir='ltr'>sanctam</span> <span class='ocrx_word' id='word_1_207' title='bbox 797 2390 969 2466; x_wconf 87' lang='lat' dir='ltr'>ecclesiam,</span> <span class='ocrx_word' id='word_1_208' title='bbox 994 2386 1200 2468; x_wconf 87' lang='lat' dir='ltr'>remissionem</span> 
     </span>
     <span class='ocr_line' id='line_1_22' title="bbox 56 2487 1201 2575; baseline 0.005 -27"><span class='ocrx_word' id='word_1_209' title='bbox 56 2487 257 2569; x_wconf 80' lang='lat' dir='ltr'>peecatorum,</span> <span class='ocrx_word' id='word_1_210' title='bbox 278 2492 376 2555; x_wconf 85' lang='lat' dir='ltr'>cornis</span> <span class='ocrx_word' id='word_1_211' title='bbox 399 2493 665 2572; x_wconf 79' lang='lat' dir='ltr'>resurrectionem,</span> <span class='ocrx_word' id='word_1_212' title='bbox 700 2491 789 2556; x_wconf 82' lang='lat' dir='ltr'>vitam</span> <span class='ocrx_word' id='word_1_213' title='bbox 814 2503 977 2556; x_wconf 89' lang='lat' dir='ltr'>aeternam.</span> <span class='ocrx_word' id='word_1_214' title='bbox 1026 2493 1083 2554; x_wconf 85' lang='lat' dir='ltr'>lam</span> <span class='ocrx_word' id='word_1_215' title='bbox 1109 2490 1201 2575; x_wconf 86' lang='lat' dir='ltr'>patris</span> 
     </span>
     <span class='ocr_line' id='line_1_23' title="bbox 57 2591 1199 2682; baseline 0.005 -32"><span class='ocrx_word' id='word_1_216' title='bbox 57 2601 79 2651; x_wconf 83' lang='lat' dir='ltr'>rt</span> <span class='ocrx_word' id='word_1_217' title='bbox 94 2591 135 2655; x_wconf 88' lang='lat' dir='ltr'>titii</span> <span class='ocrx_word' id='word_1_218' title='bbox 151 2594 334 2657; x_wconf 82' lang='lat' dir='ltr'>divinitatem</span> <span class='ocrx_word' id='word_1_219' title='bbox 360 2593 448 2658; x_wconf 83' lang='lat' dir='ltr'>dividi</span> <span class='ocrx_word' id='word_1_220' title='bbox 468 2616 526 2659; x_wconf 91' lang='lat' dir='ltr'>non</span> <span class='ocrx_word' id='word_1_221' title='bbox 544 2615 632 2679; x_wconf 89' lang='lat' dir='ltr'>posse</span> <span class='ocrx_word' id='word_1_222' title='bbox 649 2617 666 2659; x_wconf 88' lang='lat' dir='ltr'>e</span> <span class='ocrx_word' id='word_1_223' title='bbox 683 2595 777 2659; x_wconf 85' lang='lat' dir='ltr'>sacris</span> <span class='ocrx_word' id='word_1_224' title='bbox 796 2594 890 2658; x_wconf 86' lang='lat' dir='ltr'>literis</span> <span class='ocrx_word' id='word_1_225' title='bbox 910 2591 1075 2656; x_wconf 85' lang='lat' dir='ltr'>didicimus.</span> <span class='ocrx_word' id='word_1_226' title='bbox 1121 2591 1199 2682; x_wconf 84' lang='lat' dir='ltr'>Nam</span> 
     </span>
     <span class='ocr_line' id='line_1_24' title="bbox 57 2691 1197 2781; baseline 0.004 -29"><span class='ocrx_word' id='word_1_227' title='bbox 57 2691 143 2776; x_wconf 86' lang='lat' dir='ltr'>siquis</span> <span class='ocrx_word' id='word_1_228' title='bbox 161 2696 270 2774; x_wconf 88' lang='lat' dir='ltr'>titium,</span> <span class='ocrx_word' id='word_1_229' title='bbox 303 2696 358 2760; x_wconf 89' lang='lat' dir='ltr'>boc</span> <span class='ocrx_word' id='word_1_230' title='bbox 371 2708 418 2760; x_wconf 87' lang='lat' dir='ltr'>est</span> <span class='ocrx_word' id='word_1_231' title='bbox 436 2697 645 2781; x_wconf 89' lang='lat' dir='ltr'>omnipotentis</span> <span class='ocrx_word' id='word_1_232' title='bbox 662 2699 708 2761; x_wconf 90' lang='lat' dir='ltr'>dei</span> <span class='ocrx_word' id='word_1_233' title='bbox 725 2697 866 2777; x_wconf 86' lang='lat' dir='ltr'>verbum,</span> <span class='ocrx_word' id='word_1_234' title='bbox 899 2715 1039 2781; x_wconf 86' lang='lat' dir='ltr'>seperare</span> <span class='ocrx_word' id='word_1_235' title='bbox 1057 2695 1197 2775; x_wconf 83' lang='lat' dir='ltr'>voluerit,</span> 
     </span>
     <span class='ocr_line' id='line_1_25' title="bbox 59 2799 1200 2885; baseline 0.004 -29"><span class='ocrx_word' id='word_1_236' title='bbox 59 2813 159 2860; x_wconf 84' lang='lat' dir='ltr'>neeesse</span> <span class='ocrx_word' id='word_1_237' title='bbox 180 2808 230 2862; x_wconf 87' lang='lat' dir='ltr'>est</span> <span class='ocrx_word' id='word_1_238' title='bbox 249 2808 280 2862; x_wconf 90' lang='grc' dir='ltr'>ιιι</span> <span class='ocrx_word' id='word_1_239' title='bbox 297 2809 348 2861; x_wconf 89' lang='lat' dir='ltr'>aut</span> <span class='ocrx_word' id='word_1_240' title='bbox 364 2799 438 2863; x_wconf 87' lang='lat' dir='ltr'>duos</span> <span class='ocrx_word' id='word_1_241' title='bbox 453 2819 519 2863; x_wconf 88' lang='lat' dir='ltr'>esse</span> <span class='ocrx_word' id='word_1_242' title='bbox 536 2803 607 2864; x_wconf 89' lang='lat' dir='ltr'>deos</span> <span class='ocrx_word' id='word_1_243' title='bbox 629 2800 805 2880; x_wconf 87' lang='lat' dir='ltr'>arbitretur,</span> <span class='ocrx_word' id='word_1_244' title='bbox 837 2799 866 2862; x_wconf 93' lang='lat' dir='ltr'>id</span> <span class='ocrx_word' id='word_1_245' title='bbox 882 2800 958 2885; x_wconf 87' lang='lat' dir='ltr'>quod</span> <span class='ocrx_word' id='word_1_246' title='bbox 976 2819 992 2862; x_wconf 91' lang='lat' dir='ltr'>a</span> <span class='ocrx_word' id='word_1_247' title='bbox 1009 2799 1129 2862; x_wconf 88' lang='lat' dir='ltr'>coelesti</span> <span class='ocrx_word' id='word_1_248' title='bbox 1148 2799 1200 2860; x_wconf 92' lang='lat' dir='ltr'>do-</span> 
     </span>
     <span class='ocr_line' id='line_1_26' title="bbox 59 2897 1199 2982; baseline 0.004 -25"><span class='ocrx_word' id='word_1_249' title='bbox 59 2897 132 2961; x_wconf 82' lang='lat' dir='ltr'>ctrina</span> <span class='ocrx_word' id='word_1_250' title='bbox 146 2901 335 2965; x_wconf 76' lang='lat' dir='ltr'>confessione</span> <span class='ocrx_word' id='word_1_251' title='bbox 356 2901 483 2966; x_wconf 89' lang='lat' dir='ltr'>omnium</span> <span class='ocrx_word' id='word_1_252' title='bbox 502 2902 658 2982; x_wconf 86' lang='lat' dir='ltr'>abhorret,</span> <span class='ocrx_word' id='word_1_253' title='bbox 683 2913 733 2966; x_wconf 91' lang='lat' dir='ltr'>aut</span> <span class='ocrx_word' id='word_1_254' title='bbox 754 2903 874 2966; x_wconf 85' lang='lat' dir='ltr'>verbrrm</span> <span class='ocrx_word' id='word_1_255' title='bbox 898 2923 965 2966; x_wconf 91' lang='lat' dir='ltr'>esse</span> <span class='ocrx_word' id='word_1_256' title='bbox 986 2903 1070 2968; x_wconf 87' lang='lat' dir='ltr'>deum</span> <span class='ocrx_word' id='word_1_257' title='bbox 1088 2901 1199 2964; x_wconf 83' lang='lat' dir='ltr'>inficie-</span> 
     </span>
     <span class='ocr_line' id='line_1_27' title="bbox 60 3004 1199 3089; baseline 0.008 -31"><span class='ocrx_word' id='word_1_258' title='bbox 60 3007 103 3079; x_wconf 83' lang='lat' dir='ltr'>tur,</span> <span class='ocrx_word' id='word_1_259' title='bbox 123 3005 194 3086; x_wconf 83' lang='lat' dir='ltr'>quud</span> <span class='ocrx_word' id='word_1_260' title='bbox 215 3015 244 3067; x_wconf 88' lang='lat' dir='ltr'>et</span> <span class='ocrx_word' id='word_1_261' title='bbox 258 3005 352 3089; x_wconf 90' lang='lat' dir='ltr'>ipsum</span> <span class='ocrx_word' id='word_1_262' title='bbox 368 3004 404 3068; x_wconf 87' lang='lat' dir='ltr'>ab</span> <span class='ocrx_word' id='word_1_263' title='bbox 421 3005 539 3068; x_wconf 83' lang='lat' dir='ltr'>sincere</span> <span class='ocrx_word' id='word_1_264' title='bbox 557 3006 612 3068; x_wconf 85' lang='lat' dir='ltr'>tide</span> <span class='ocrx_word' id='word_1_265' title='bbox 630 3005 748 3069; x_wconf 82' lang='lat' dir='ltr'>videtur</span> <span class='ocrx_word' id='word_1_266' title='bbox 765 3005 908 3083; x_wconf 85' lang='lat' dir='ltr'>alienum,</span> <span class='ocrx_word' id='word_1_267' title='bbox 934 3026 999 3068; x_wconf 90' lang='lat' dir='ltr'>enm</span> <span class='ocrx_word' id='word_1_268' title='bbox 1016 3004 1199 3085; x_wconf 81' lang='lat' dir='ltr'>evangeliste</span> 
     </span>
     <span class='ocr_line' id='line_1_28' title="bbox 60 3097 1199 3191; baseline 0.006 -30"><span class='ocrx_word' id='word_1_269' title='bbox 60 3100 133 3182; x_wconf 85' lang='lat' dir='ltr'>dieat,</span> <span class='ocrx_word' id='word_1_270' title='bbox 164 3111 289 3168; x_wconf 80' lang='lat' dir='ltr'>Etdeua</span> <span class='ocrx_word' id='word_1_271' title='bbox 308 3108 511 3168; x_wconf 71' lang='lat' dir='ltr'>metuendum.</span> <span class='ocrx_word' id='word_1_272' title='bbox 558 3105 625 3191; x_wconf 80' lang='lat' dir='ltr'>Ego</span> <span class='ocrx_word' id='word_1_273' title='bbox 643 3129 716 3171; x_wconf 85' lang='lat' dir='ltr'>vero</span> <span class='ocrx_word' id='word_1_274' title='bbox 735 3119 817 3172; x_wconf 88' lang='lat' dir='ltr'>eerto</span> <span class='ocrx_word' id='word_1_275' title='bbox 833 3108 902 3172; x_wconf 88' lang='lat' dir='ltr'>illud</span> <span class='ocrx_word' id='word_1_276' title='bbox 920 3108 1024 3184; x_wconf 93' lang='lat' dir='ltr'>didici,</span> <span class='ocrx_word' id='word_1_277' title='bbox 1059 3097 1199 3168; x_wconf 84' lang='lat' dir='ltr'>virtutem</span> 
     </span>
     <span class='ocr_line' id='line_1_29' title="bbox 61 3193 1198 3295; baseline 0.004 -30"><span class='ocrx_word' id='word_1_278' title='bbox 61 3207 145 3283; x_wconf 81' lang='lat' dir='ltr'>patris,</span> <span class='ocrx_word' id='word_1_279' title='bbox 176 3208 233 3272; x_wconf 89' lang='lat' dir='ltr'>hoc</span> <span class='ocrx_word' id='word_1_280' title='bbox 257 3219 305 3272; x_wconf 87' lang='lat' dir='ltr'>est</span> <span class='ocrx_word' id='word_1_281' title='bbox 329 3193 436 3286; x_wconf 85' lang='lat' dir='ltr'>titium,</span> <span class='ocrx_word' id='word_1_282' title='bbox 468 3227 564 3293; x_wconf 85' lang='lat' dir='ltr'>ueqne</span> <span class='ocrx_word' id='word_1_283' title='bbox 591 3209 698 3288; x_wconf 85' lang='lat' dir='ltr'>dividi,</span> <span class='ocrx_word' id='word_1_284' title='bbox 733 3231 828 3295; x_wconf 86' lang='lat' dir='ltr'>neque</span> <span class='ocrx_word' id='word_1_285' title='bbox 852 3208 985 3295; x_wconf 85' lang='lat' dir='ltr'>seperari</span> <span class='ocrx_word' id='word_1_286' title='bbox 1009 3229 1108 3295; x_wconf 90' lang='lat' dir='ltr'>posse.</span> <span class='ocrx_word' id='word_1_287' title='bbox 1155 3204 1198 3270; x_wconf 85' lang='lat' dir='ltr'>ite</span> 
     </span>
     <span class='ocr_line' id='line_1_30' title="bbox 61 3287 1292 3415; baseline 0.009 -52"><span class='ocrx_word' id='word_1_288' title='bbox 61 3306 120 3370; x_wconf 85' lang='lat' dir='ltr'>enim</span> <span class='ocrx_word' id='word_1_289' title='bbox 136 3311 266 3375; x_wconf 87' lang='lat' dir='ltr'>salrator</span> <span class='ocrx_word' id='word_1_290' title='bbox 283 3331 318 3374; x_wconf 89' lang='lat' dir='ltr'>ac</span> <span class='ocrx_word' id='word_1_291' title='bbox 336 3311 470 3374; x_wconf 87' lang='lat' dir='ltr'>dominus</span> <span class='ocrx_word' id='word_1_292' title='bbox 494 3322 597 3374; x_wconf 87' lang='lat' dir='ltr'>noster</span> <span class='ocrx_word' id='word_1_293' title='bbox 614 3309 699 3376; x_wconf 87' lang='lat' dir='ltr'>lesus</span> <span class='ocrx_word' id='word_1_294' title='bbox 717 3309 854 3376; x_wconf 86' lang='lat' dir='ltr'>Christus</span> <span class='ocrx_word' id='word_1_295' title='bbox 872 3312 1016 3396; x_wconf 83' lang='lat' dir='ltr'>loquitor:</span> <span class='ocrx_word' id='word_1_296' title='bbox 1040 3317 1133 3383; x_wconf 78' lang='lat' dir='ltr'>Inane</span> <span class='ocrx_word' id='word_1_297' title='bbox 1145 3287 1199 3392; x_wconf 72' lang='lat' dir='ltr'>pd—</span> <span class='ocrx_word' id='word_1_298' title='bbox 1210 3320 1292 3415; x_wconf 52' lang='lat' dir='ltr'>tppnpp</span> 
     </span>
     <span class='ocr_line' id='line_1_31' title="bbox 62 3403 1299 3519; baseline 0.002 -47"><span class='ocrx_word' id='word_1_299' title='bbox 62 3417 106 3482; x_wconf 78' lang='lat' dir='ltr'>ter,</span> <span class='ocrx_word' id='word_1_300' title='bbox 127 3425 152 3472; x_wconf 85' lang='lat' dir='ltr'>et</span> <span class='ocrx_word' id='word_1_301' title='bbox 164 3437 219 3495; x_wconf 68' lang='lat' dir='ltr'>ego</span> <span class='ocrx_word' id='word_1_302' title='bbox 233 3418 262 3474; x_wconf 87' lang='lat' dir='ltr'>r&#39;n</span> <span class='ocrx_word' id='word_1_303' title='bbox 275 3426 376 3495; x_wconf 84' lang='lat' dir='ltr'>putre,</span> <span class='ocrx_word' id='word_1_304' title='bbox 402 3413 490 3476; x_wconf 81' lang='lat' dir='ltr'>item:</span> <span class='ocrx_word' id='word_1_305' title='bbox 515 3417 580 3495; x_wconf 80' lang='lat' dir='ltr'>Ego</span> <span class='ocrx_word' id='word_1_306' title='bbox 595 3426 625 3476; x_wconf 86' lang='lat' dir='ltr'>et</span> <span class='ocrx_word' id='word_1_307' title='bbox 636 3427 722 3496; x_wconf 87' lang='lat' dir='ltr'>puter</span> <span class='ocrx_word' id='word_1_308' title='bbox 739 3437 823 3478; x_wconf 85' lang='lat' dir='ltr'>unum</span> <span class='ocrx_word' id='word_1_309' title='bbox 839 3437 951 3490; x_wconf 81' lang='lat' dir='ltr'>samus,</span> <span class='ocrx_word' id='word_1_310' title='bbox 984 3425 1030 3493; x_wconf 88' lang='lat' dir='ltr'>et,</span> <span class='ocrx_word' id='word_1_311' title='bbox 1055 3419 1114 3494; x_wconf 80' lang='lat' dir='ltr'>Qur&#39;</span> <span class='ocrx_word' id='word_1_312' title='bbox 1126 3419 1201 3476; x_wconf 79' lang='lat' dir='ltr'>videt</span> <span class='ocrx_word' id='word_1_313' title='bbox 1220 3403 1299 3519; x_wconf 59' lang='lat' dir='ltr'>tltpflopp</span> 
     </span>
     <span class='ocr_line' id='line_1_32' title="bbox 61 3507 1303 3604; baseline -0.004 -20"><span class='ocrx_word' id='word_1_314' title='bbox 61 3530 104 3584; x_wconf 65' lang='grc' dir='ltr'>ιι,</span> <span class='ocrx_word' id='word_1_315' title='bbox 125 3521 192 3578; x_wconf 77' lang='lat' dir='ltr'>oter</span> <span class='ocrx_word' id='word_1_316' title='bbox 209 3529 238 3578; x_wconf 85' lang='lat' dir='ltr'>et</span> <span class='ocrx_word' id='word_1_317' title='bbox 248 3529 370 3597; x_wconf 72' lang='lat' dir='ltr'>panon.</span> <span class='ocrx_word' id='word_1_318' title='bbox 418 3515 503 3581; x_wconf 83' lang='lat' dir='ltr'>Hono</span> <span class='ocrx_word' id='word_1_319' title='bbox 522 3518 611 3604; x_wconf 82' lang='lat' dir='ltr'>igitur</span> <span class='ocrx_word' id='word_1_320' title='bbox 626 3539 711 3604; x_wconf 86' lang='lat' dir='ltr'>quam</span> <span class='ocrx_word' id='word_1_321' title='bbox 730 3521 894 3582; x_wconf 87' lang='lat' dir='ltr'>etesacris</span> <span class='ocrx_word' id='word_1_322' title='bbox 909 3518 1002 3581; x_wconf 85' lang='lat' dir='ltr'>literis</span> <span class='ocrx_word' id='word_1_323' title='bbox 1016 3517 1195 3604; x_wconf 88' lang='lat' dir='ltr'>accepimus,</span> <span class='ocrx_word' id='word_1_324' title='bbox 1251 3507 1258 3528; x_wconf 86' lang='lat'>&#39;</span> <span class='ocrx_word' id='word_1_325' title='bbox 1297 3507 1303 3519; x_wconf 77' lang='grc'><strong>’</strong></span> 
     </span>
     <span class='ocr_line' id='line_1_33' title="bbox 63 3605 1227 3702; baseline 0.01 -32"><span class='ocrx_word' id='word_1_326' title='bbox 63 3621 109 3674; x_wconf 83' lang='grc' dir='ltr'>ιιι</span> <span class='ocrx_word' id='word_1_327' title='bbox 125 3619 280 3683; x_wconf 90' lang='lat' dir='ltr'>maioribus</span> <span class='ocrx_word' id='word_1_328' title='bbox 303 3619 412 3684; x_wconf 87' lang='lat' dir='ltr'>nostris</span> <span class='ocrx_word' id='word_1_329' title='bbox 430 3623 590 3684; x_wconf 89' lang='lat' dir='ltr'>seeundum</span> <span class='ocrx_word' id='word_1_330' title='bbox 614 3623 699 3685; x_wconf 91' lang='lat' dir='ltr'>deum</span> <span class='ocrx_word' id='word_1_331' title='bbox 717 3622 885 3702; x_wconf 86' lang='lat' dir='ltr'>didicimus,</span> <span class='ocrx_word' id='word_1_332' title='bbox 910 3622 993 3686; x_wconf 80' lang='lat' dir='ltr'>tidem</span> <span class='ocrx_word' id='word_1_333' title='bbox 1012 3643 1077 3686; x_wconf 88' lang='lat' dir='ltr'>cum</span> <span class='ocrx_word' id='word_1_334' title='bbox 1101 3621 1129 3684; x_wconf 93' lang='lat' dir='ltr'>in</span> <span class='ocrx_word' id='word_1_335' title='bbox 1148 3640 1197 3684; x_wconf 93' lang='lat' dir='ltr'>ec·</span> <span class='ocrx_word' id='word_1_336' title='bbox 1222 3605 1227 3610; x_wconf 43' lang='lat'><em>⁶</em></span> 
     </span>
    </p>
   </div>
   <div class='ocr_carea' id='block_1_5' title="bbox 65 3713 1198 4322">
    <p class='ocr_par' dir='ltr' id='par_1_10' title="bbox 65 3713 1198 4200">
     <span class='ocr_line' id='line_1_34' title="bbox 65 3713 1198 3810; baseline 0.004 -31"><span class='ocrx_word' id='word_1_337' title='bbox 65 3713 133 3780; x_wconf 72' lang='lat' dir='ltr'>etesia</span> <span class='ocrx_word' id='word_1_338' title='bbox 148 3723 192 3785; x_wconf 90' lang='lat' dir='ltr'>dei</span> <span class='ocrx_word' id='word_1_339' title='bbox 210 3721 366 3808; x_wconf 85' lang='lat' dir='ltr'>praedico,</span> <span class='ocrx_word' id='word_1_340' title='bbox 401 3733 459 3786; x_wconf 91' lang='lat' dir='ltr'>tum</span> <span class='ocrx_word' id='word_1_341' title='bbox 479 3725 514 3787; x_wconf 82' lang='lat' dir='ltr'>od</span> <span class='ocrx_word' id='word_1_342' title='bbox 535 3735 563 3787; x_wconf 93' lang='lat' dir='ltr'>te</span> <span class='ocrx_word' id='word_1_343' title='bbox 580 3726 667 3788; x_wconf 93' lang='lat' dir='ltr'>modo</span> <span class='ocrx_word' id='word_1_344' title='bbox 690 3724 858 3810; x_wconf 89' lang='lat' dir='ltr'>perscribo,</span> <span class='ocrx_word' id='word_1_345' title='bbox 891 3725 1011 3810; x_wconf 89' lang='lat' dir='ltr'>eiusque</span> <span class='ocrx_word' id='word_1_346' title='bbox 1037 3745 1127 3808; x_wconf 92' lang='lat' dir='ltr'>penes</span> <span class='ocrx_word' id='word_1_347' title='bbox 1150 3741 1198 3785; x_wconf 88' lang='lat' dir='ltr'>me</span> 
     </span>
     <span class='ocr_line' id='line_1_35' title="bbox 67 3821 1198 3911; baseline 0.01 -35"><span class='ocrx_word' id='word_1_348' title='bbox 67 3823 190 3905; x_wconf 78' lang='lat' dir='ltr'>exemplar</span> <span class='ocrx_word' id='word_1_349' title='bbox 208 3824 329 3888; x_wconf 88' lang='lat' dir='ltr'>retinui.</span> <span class='ocrx_word' id='word_1_350' title='bbox 374 3821 531 3889; x_wconf 90' lang='lat' dir='ltr'>Postremo</span> <span class='ocrx_word' id='word_1_351' title='bbox 548 3826 617 3890; x_wconf 87' lang='lat' dir='ltr'>iitud</span> <span class='ocrx_word' id='word_1_352' title='bbox 637 3847 652 3890; x_wconf 89' lang='lat' dir='ltr'>a</span> <span class='ocrx_word' id='word_1_353' title='bbox 669 3838 698 3891; x_wconf 91' lang='lat' dir='ltr'>te</span> <span class='ocrx_word' id='word_1_354' title='bbox 714 3837 793 3911; x_wconf 90' lang='lat' dir='ltr'>peto,</span> <span class='ocrx_word' id='word_1_355' title='bbox 817 3838 851 3890; x_wconf 88' lang='lat' dir='ltr'>ut</span> <span class='ocrx_word' id='word_1_356' title='bbox 869 3829 1001 3892; x_wconf 88' lang='lat' dir='ltr'>eiusdem</span> <span class='ocrx_word' id='word_1_357' title='bbox 1024 3848 1107 3890; x_wconf 89' lang='lat' dir='ltr'>meae</span> <span class='ocrx_word' id='word_1_358' title='bbox 1130 3845 1198 3911; x_wconf 91' lang='lat' dir='ltr'>pro-</span> 
     </span>
     <span class='ocr_line' id='line_1_36' title="bbox 67 3917 1195 4015; baseline 0.008 -34"><span class='ocrx_word' id='word_1_359' title='bbox 67 3917 177 3990; x_wconf 73' lang='lat' dir='ltr'>fessionis</span> <span class='ocrx_word' id='word_1_360' title='bbox 193 3927 361 4012; x_wconf 78' lang='lat' dir='ltr'>exemplum</span> <span class='ocrx_word' id='word_1_361' title='bbox 383 3928 441 3993; x_wconf 89' lang='lat' dir='ltr'>tuis</span> <span class='ocrx_word' id='word_1_362' title='bbox 459 3929 494 3992; x_wconf 87' lang='lat' dir='ltr'>ad</span> <span class='ocrx_word' id='word_1_363' title='bbox 511 3929 666 4015; x_wconf 89' lang='lat' dir='ltr'>episcopos</span> <span class='ocrx_word' id='word_1_364' title='bbox 682 3931 776 3994; x_wconf 86' lang='lat' dir='ltr'>literis</span> <span class='ocrx_word' id='word_1_365' title='bbox 793 3931 923 4010; x_wconf 80' lang='lat' dir='ltr'>inscrns3</span> <span class='ocrx_word' id='word_1_366' title='bbox 947 3951 984 3993; x_wconf 90' lang='lat' dir='ltr'>ue</span> <span class='ocrx_word' id='word_1_367' title='bbox 1001 3929 1064 4014; x_wconf 89' lang='lat' dir='ltr'>quis</span> <span class='ocrx_word' id='word_1_368' title='bbox 1080 3949 1195 4006; x_wconf 90' lang='lat' dir='ltr'>eorum,</span> 
     </span>
     <span class='ocr_line' id='line_1_37' title="bbox 66 4023 1196 4116; baseline 0.009 -34"><span class='ocrx_word' id='word_1_369' title='bbox 66 4023 146 4101; x_wconf 84' lang='lat' dir='ltr'>quibos</span> <span class='ocrx_word' id='word_1_370' title='bbox 165 4039 304 4093; x_wconf 90' lang='lat' dir='ltr'>aeeorate</span> <span class='ocrx_word' id='word_1_371' title='bbox 320 4032 464 4116; x_wconf 89' lang='lat' dir='ltr'>perspecti</span> <span class='ocrx_word' id='word_1_372' title='bbox 487 4053 546 4095; x_wconf 92' lang='lat' dir='ltr'>non</span> <span class='ocrx_word' id='word_1_373' title='bbox 567 4053 686 4112; x_wconf 88' lang='lat' dir='ltr'>sumus,</span> <span class='ocrx_word' id='word_1_374' title='bbox 721 4033 837 4097; x_wconf 85' lang='lat' dir='ltr'>iliorum</span> <span class='ocrx_word' id='word_1_375' title='bbox 860 4034 896 4097; x_wconf 91' lang='lat' dir='ltr'>de</span> <span class='ocrx_word' id='word_1_376' title='bbox 914 4053 960 4096; x_wconf 89' lang='lat' dir='ltr'>me</span> <span class='ocrx_word' id='word_1_377' title='bbox 977 4031 1095 4116; x_wconf 89' lang='lat' dir='ltr'>seriptis</span> <span class='ocrx_word' id='word_1_378' title='bbox 1110 4032 1196 4096; x_wconf 87' lang='lat' dir='ltr'>tidem</span> 
     </span>
     <span class='ocr_line' id='line_1_38' title="bbox 69 4124 742 4200; baseline 0.024 -18"><span class='ocrx_word' id='word_1_379' title='bbox 69 4124 179 4196; x_wconf 83' lang='lat' dir='ltr'>adhibens</span> <span class='ocrx_word' id='word_1_380' title='bbox 201 4132 231 4195; x_wconf 92' lang='lat' dir='ltr'>in</span> <span class='ocrx_word' id='word_1_381' title='bbox 256 4153 389 4196; x_wconf 87' lang='lat' dir='ltr'>errorem</span> <span class='ocrx_word' id='word_1_382' title='bbox 411 4134 576 4199; x_wconf 85' lang='lat' dir='ltr'>inducatur.</span> <span class='ocrx_word' id='word_1_383' title='bbox 625 4132 742 4200; x_wconf 88' lang='lat' dir='ltr'>Vaiete.</span> 
     </span>
    </p>

    <p class='ocr_par' dir='ltr' id='par_1_11' title="bbox 131 4229 433 4322">
     <span class='ocr_line' id='line_1_39' title="bbox 131 4229 433 4322; baseline 0.017 -28"><span class='ocrx_word' id='word_1_384' title='bbox 131 4229 275 4298; x_wconf 81' lang='lat' dir='ltr'>Hactenus</span> <span class='ocrx_word' id='word_1_385' title='bbox 299 4235 433 4322; x_wconf 82' lang='lat' dir='ltr'>epistola.</span> 
     </span>
    </p>
   </div>
   <div class='ocr_carea' id='block_1_6' title="bbox 69 4434 1194 4650">
    <p class='ocr_par' dir='ltr' id='par_1_12' title="bbox 69 4434 1194 4650">
     <span class='ocr_line' id='line_1_40' title="bbox 69 4434 1194 4556; baseline 0.004 -62"><span class='ocrx_word' id='word_1_386' title='bbox 69 4434 125 4556; x_wconf 34' lang='lat' dir='ltr'>wip&amp;</span> <span class='ocrx_word' id='word_1_387' title='bbox 134 4436 203 4504; x_wconf 64' lang='grc' dir='ltr'>ὶέγιιι</span> <span class='ocrx_word' id='word_1_388' title='bbox 227 4444 296 4494; x_wconf 85' lang='lat' dir='ltr'>codd.</span> <span class='ocrx_word' id='word_1_389' title='bbox 320 4456 375 4493; x_wconf 83' lang='lat' dir='ltr'>mss.</span> <span class='ocrx_word' id='word_1_390' title='bbox 401 4447 495 4507; x_wconf 76' lang='lat' dir='ltr'>stoque</span> <span class='ocrx_word' id='word_1_391' title='bbox 519 4450 540 4495; x_wconf 84' lang='lat' dir='ltr'>et</span> <span class='ocrx_word' id='word_1_392' title='bbox 561 4447 597 4495; x_wconf 79' lang='lat' dir='ltr'>ed</span> <span class='ocrx_word' id='word_1_393' title='bbox 667 4441 726 4526; x_wconf 75' lang='lat' dir='ltr'>Cap.</span> <span class='ocrx_word' id='word_1_394' title='bbox 741 4443 784 4495; x_wconf 85' lang='grc' dir='ltr'>ιιι.</span> <span class='ocrx_word' id='word_1_395' title='bbox 804 4473 836 4482; x_wconf 98' lang='grc'>-</span> <span class='ocrx_word' id='word_1_396' title='bbox 871 4443 889 4493; x_wconf 95' lang='grc' dir='ltr'>ι.</span> <span class='ocrx_word' id='word_1_397' title='bbox 908 4440 945 4503; x_wconf 78' lang='grc' dir='ltr'>εἰς</span> <span class='ocrx_word' id='word_1_398' title='bbox 961 4459 1008 4494; x_wconf 87' lang='lat' dir='ltr'>non</span> <span class='ocrx_word' id='word_1_399' title='bbox 1025 4450 1130 4509; x_wconf 78' lang='lat' dir='ltr'>upnosett</span> <span class='ocrx_word' id='word_1_400' title='bbox 1144 4449 1194 4498; x_wconf 81' lang='lat' dir='ltr'>aod</span> 
     </span>
     <span class='ocr_line' id='line_1_41' title="bbox 96 4513 1035 4650; baseline 0.001 -21"><span class='ocrx_word' id='word_1_401' title='bbox 96 4565 114 4616; x_wconf 79' lang='grc'>7·</span> <span class='ocrx_word' id='word_1_402' title='bbox 127 4573 194 4643; x_wconf 70' lang='grc' dir='ltr'><strong>λέγων</strong></span> <span class='ocrx_word' id='word_1_403' title='bbox 214 4593 260 4630; x_wconf 80' lang='lat' dir='ltr'>om</span> <span class='ocrx_word' id='word_1_404' title='bbox 278 4581 330 4631; x_wconf 88' lang='lat' dir='ltr'>cod.</span> <span class='ocrx_word' id='word_1_405' title='bbox 347 4579 445 4642; x_wconf 70' lang='lat' dir='ltr'>nmen.</span> <span class='ocrx_word' id='word_1_406' title='bbox 633 4513 855 4650; x_wconf 43' lang='lat' dir='ltr'>Rh‘iiliu&#39;cpprttou</span> <span class='ocrx_word' id='word_1_407' title='bbox 872 4581 923 4632; x_wconf 84' lang='lat' dir='ltr'>eod</span> <span class='ocrx_word' id='word_1_408' title='bbox 939 4581 1035 4646; x_wconf 77' lang='lat' dir='ltr'>Rtedtp.</span> 
     </span>
    </p>
   </div>
   <div class='ocr_carea' id='block_1_7' title="bbox 0 0 1575 5006">
    <p class='ocr_par' dir='ltr' id='par_1_13' title="bbox 0 0 1575 5006">
     <span class='ocr_line' id='line_1_42' title="bbox 0 0 1575 5006; baseline 0 0"><span class='ocrx_word' id='word_1_409' title='bbox 0 0 1575 5006; x_wconf 95' lang='lat' dir='ltr'> </span> 
     </span>
    </p>
   </div>
  </div>
 </body>
</html>
