3082 5006
198 298 203 308 Ι
324 223 364 286 18
753 235 875 288 οισοτι
894 235 1063 288 οοιοιιιινιι

322 349 542 431 ἀποβλίπονσι,
571 351 621 416 καὶ
637 348 674 416 τά
691 343 752 416 ὦτα
769 350 864 418 αύτοῦ
880 355 922 430 είς
936 354 1036 434 δέησιν
1055 350 1169 418 αὐτῶν·
1192 353 1259 431 καλ,
1286 353 1361 437 Χείρ
1379 355 1489 434 κιτρίον

322 454 442 534 ίποίησε
462 458 553 516 τοῦτο
578 449 688 518 πάντοι·
721 455 787 533 καί,
825 452 900 536 Ούχί
919 450 940 535 ῆ
957 457 1017 538 χείρ
1039 479 1099 538 μου
1120 456 1239 534 ἐποίησε
1263 460 1355 519 ταῦτα
1379 452 1489 531 πάντα,

322 551 583 637 σκληροτράχηλοις
606 557 673 635 καί,
695 551 729 618 ‘O
746 552 874 640 ούρονδς
891 581 941 637 μοι
954 554 1082 638 θρόνος,
1106 551 1127 638 ἦ
1143 555 1175 620 δὲ
1190 561 1227 642 γῆ
1243 551 1418 622 ύποπδδιον
1431 561 1489 619 τῶν
1537 565 1538 624 ί

323 659 518 735 ποδωνμου,
550 657 601 722 καλ
618 655 673 722 ὅσα
695 662 817 722 τοιαῦτα
839 659 907 740 κερλ
928 664 1005 723 θεοῦ
1025 659 1204 743 γέγραπται,
1231 657 1282 722 καλ
1299 655 1361 736 δτι,
1393 653 1490 720 Εἶδον
1537 711 1538 744 3

194 779 303 838 μησεν.
322 754 375 823 τδν
396 755 500 843 κύριον
516 755 654 840 Σαβαάθ
678 758 852 843 καθήμενον
876 761 926 824 ἐπὶ
943 756 1062 846 θρόνου
1084 756 1205 842 ῦψηλοῦ
1229 759 1279 822 καλ
1304 759 1489 848 ἐπηρμίνοο,
1537 747 1538 790 ³

322 860 373 926 καί
391 851 431 942 ἦν
446 857 467 944 ῆ
482 858 596 943 κεφαλῆ
619 860 714 926 αὐτοῦ
732 859 800 937 ἀςελ
818 864 900 946 ίριον
919 858 1039 941 λενκδν,
1070 862 1121 926 καί
1138 859 1171 926 τδ
1186 858 1375 944 περιβόλαιον
1392 859 1490 925 αύτοῦ

322 958 389 1039 ω’ςελ
411 960 492 1046 χιοίν.
537 965 599 1028 Καὶ
617 959 708 1052 δρᾷς,
741 966 831 1047 φησί,
861 969 927 1038 πῶς
947 965 1008 1029 ἔστι
1027 959 1060 1027 τδ
1085 969 1171 1045 σῶμα
1190 959 1370 1028 κοτέίκάνα
1392 968 1489 1037 θεοῦ,·
1537 973 1538 978 ’

320 1067 372 1130 καί
388 1067 443 1130 είσι
460 1061 517 1129 κάν
532 1063 627 1153 τούτῳ
646 1065 867 1140 ἀντιπίπτοντος
881 1067 934 1130 καὶ
947 1063 1117 1148 βιαζόμενοι
1130 1061 1205 1149 ύπίρ
1222 1063 1351 1146 δύναμιν
1365 1062 1488 1148 ἀνθρα-

320 1171 422 1246 πείαν,
451 1163 532 1233 1κάν
548 1173 605 1254 τῷ,
627 1164 739 1248 Ὤφθη
756 1164 862 1252 κύριος
878 1175 940 1242 τοῖς
958 1163 1136 1251 προφήταις.
1181 1168 1242 1231 Καὶ
1259 1161 1353 1247 ὤφθη
1370 1167 1488 1250 μέντοι
1537 1177 1538 1196 ¹

321 1265 362 1344 οἱς
380 1268 525 1351 ἠθέλησε,
554 1267 682 1345 δονοιδς
707 1267 748 1334 ἀν
764 1271 796 1334 ἒν
814 1267 922 1348 ἀπασι,
956 1270 1006 1334 καλ
1025 1267 1083 1334 οῦκ
1102 1265 1277 1352 ἀρνούμεθα
1298 1266 1346 1332 ῦτι
1361 1263 1446 1332 είδον
1461 1268 1491 1330 σι’

275 1433 277 1440 ,
319 1377 474 1455 προφῆται
498 1369 592 1449 θεδν,
624 1367 661 1436 ού
685 1368 777 1453 μόνον
798 1371 830 1434 δὲ
852 1373 883 1436 οἱ
899 1377 1070 1454 προφῆται,
1101 1369 1174 1435 ἀλλά
1195 1372 1246 1435 καί
1269 1371 1300 1435 σί
1316 1365 1487 1434 ἀπόστολοι

322 1473 403 1553 Φησλ
418 1468 473 1556 ηάρ
489 1468 508 1536 δ
523 1471 607 1559 ἀγιος
623 1475 779 1554 Στέφανος
796 1468 814 1538 δ
831 1471 1060 1558 πρωτόμαρτνς,
1081 1467 1175 1550 Ἰδού,
1206 1467 1269 1556 δροῑ
1286 1468 1339 1536 τδν
1354 1467 1487 1551 ούρανδν

319 1570 521 1660 ἀνεῳγμένον,
551 1576 601 1638 καί
619 1573 672 1646 ιδν
688 1573 755 1640 οίδν
773 1581 827 1639 τοῦ
845 1573 1016 1658 ἀνθρώπου
1039 1577 1071 1640 ἐκ
1089 1577 1193 1651 δεξιῶν
1211 1575 1323 1638 ἓστιῦτα
1338 1579 1394 1636 τοῦ
1411 1577 1488 1636 θεοῦ

318 1676 369 1740 καί
394 1673 514 1759 πατρός.
554 1675 642 1742 Ἀλλά
663 1683 699 1766 τῆ
726 1679 787 1765 ίδίηι
810 1675 936 1759 δονάμει
959 1673 1033 1752 θεδς
1055 1673 1073 1742 δ
1096 1674 1280 1760 λπανάμιος,
1313 1676 1487 1759 φιλανθρω-

317 1772 483 1859 πευόμενος
503 1776 537 1841 τδ
554 1781 631 1844 ίδιον
648 1777 781 1861 πλάσμα,
817 1782 891 1845 Ιἰ’να
913 1777 955 1862 μῆ
971 1803 1047 1854 τινες
1062 1785 1121 1843 τῶν
1137 1775 1273 1844 ἀπίστων
1293 1782 1438 1859 νομίσωσι
1453 1773 1487 1840 τά

318 1880 385 1963 περλ
401 1885 477 1944 θεοῦ
492 1879 585 1964 λέγειν
606 1876 679 1946 είναι
698 1877 798 1957 ἀπλιῦς
818 1879 912 1969 λόγῳ,
943 1881 995 1946 καὶ
1011 1878 1068 1946 ούκ
1085 1875 1229 1968 ἀληθείᾳ,
1252 1882 1304 1946 καλ
1320 1881 1376 1956 ἕως
1393 1878 1485 1965 λύγον

317 1983 460 2046 ἵστασθαι
479 1978 512 2046 τύ
528 1979 603 2049 κατά
622 1979 713 2062 θεδν,
742 1984 792 2048 καί
817 1979 857 2066 μῆ
874 1990 1007 2066 πληροῦν
1026 1981 1058 2048 κδ
1075 1978 1157 2064 παρά
1171 1989 1214 2071 τῷ
1234 1980 1390 2070 ἀποοτόληι
1409 1985 1485 2064 είρη-

317 2084 423 2164 μίνον,
446 2081 492 2148 ῦτι
506 2087 552 2148 δεῖ
565 2083 617 2151 τδν
632 2082 865 2168 προςερχύμενον
882 2091 944 2174 θεῷ
961 2083 1109 2150 πιστεύειν
1126 2082 1173 2149 ὅτι
1189 2087 1249 2150 ἔστι
1264 2085 1315 2149 καὶ
1332 2091 1398 2158 τοῖς
1415 2081 1484 2168 ἀγα·

316 2192 414 2250 τεοῖσιν
432 2183 524 2255 αύτύν
547 2185 775 2269 μισθαποδότης
795 2191 911 2272 γίνεται.
945 2185 1012 2250 Ἵνα
1037 2179 1094 2251 οὖν
1116 2182 1335 2276 παραθαρσύνη
1357 2183 1413 2250 τδν
1436 2180 1485 2248 ἀπ’

317 2287 411 2354 αὐτοῦ
432 2291 637 2370 πεπλασμένον
659 2286 840 2370 ἀνθρωπον,
871 2297 933 2364 τοῖς
958 2284 1055 2373 ἀμίαις
1078 2285 1172 2354 αύτοῦ
1193 2289 1245 2353 καλ
1261 2285 1355 2364 ἀξίοις
1374 2284 1484 2352 ἕαντδν

316 2385 518 2472 ἀποκαλύπτει
540 2387 628 2468 θεδς,
658 2393 707 2454 ἵνα
723 2393 807 2456 ἴδωσι
825 2389 913 2470 φύσει
933 2385 1022 2468 θεδν,
1054 2392 1105 2454 καὶ
1122 2395 1329 2474 θεμελιωθῦοι
1345 2386 1402 2470 τῆν
1420 2385 1483 2454 διά-

314 2515 415 2568 νοιαν,
436 2492 487 2555 καλ
505 2492 661 2558 ἐλπίσωσιν
679 2495 711 2557 ἐν
725 2489 866 2580 ἀληθείη,
898 2493 949 2561 καί
967 2489 1135 2578 κηρύξωσιν
1153 2490 1245 2557 αύτδν
1263 2490 1402 2574 ἀληθῶς,
1434 2489 1485 2556 καλ

314 2591 547 2674 πιστοποιῆσωσι
563 2589 615 2657 κάν
630 2591 735 2659 πιστδν
750 2593 926 2679 ἀνθρωπον·
958 2590 999 2669 οἷς
1018 2593 1117 2674 ἀμέλει
1134 2596 1186 2658 καὶ
1206 2595 1238 2659 σί
1251 2589 1396 2674 Ἑλλήνων
1415 2599 1484 2657 παῖ·

316 2695 366 2768 δες
382 2695 480 2776 ἔχουσι
505 2697 574 2780 περί
590 2703 667 2760 θεοῦ
692 2698 748 2772 ἕως
760 2695 851 2782 λόγου
871 2720 900 2761 τε
916 2697 968 2760 καλ
985 2701 1158 2776 φαντασίας.
1201 2691 1300 2776 Ἡμεῖς
1314 2694 1345 2758 δὲ
1359 2691 1485 2774 ἀληθοῦς
1537 2685 1538 2708 ’

313 2794 392 2860 θεδν
421 2795 609 2878 ἐπισταίμεθα
635 2797 756 2879 ἀληθῆ,
796 2800 848 2863 καλ
873 2794 945 2862 ύντα
974 2794 1096 2878 ἀληθῶς
1122 2794 1323 2862 ἀνυπόστατον
1351 2798 1485 2878 βασιλέα,

314 2893 541 2980 δικοτάληιιτον,
572 2895 699 2982 ποιητῆν
715 2905 773 2964 τῶν
791 2898 888 2980 ὅλων,
917 2900 969 2970 ἕνα
985 2896 1076 2978 θεδν,
1104 2900 1155 2964 καὶ
1172 2900 1201 2976 ίξ
1218 2895 1310 2962 αύτοῦ
1324 2895 1377 2963 τδν
1394 2923 1484 2980 μονο-

257 3002 262 3011 “
315 3005 385 3082 μενῆ
407 2997 498 3079 θεδν,
529 3001 559 3064 ἐν
578 3000 679 3066 οῦδενλ
701 2999 908 3068 διαλλάτιοντα
931 3007 986 3078 τοῦ
1009 2997 1137 3086 πατράς,
1169 3000 1219 3064 καί
1235 2997 1268 3065 τδ
1285 2997 1372 3084 ἀγιον
1388 2997 1483 3064 αύτοῦ

314 3108 446 3183 πνεῦμα,
477 3102 570 3184 μηδὲν
593 3100 653 3167 ἀπδ
673 3102 785 3188 πατράς
803 3106 856 3168 καλ
879 3105 949 3166 οίοῦ
973 3099 1187 3167 ίδιολλάττον·
1219 3097 1260 3177 οἷς
1283 3101 1334 3166 καί
1351 3099 1483 3189 ἐνιεάση
1537 3109 1538 3120 ’

315 3204 423 3286 αίρίσει
452 3203 520 3290 περὶ
541 3209 595 3286 τῆς
616 3201 692 3269 κατά
714 3202 789 3270 θεάν
818 3207 944 3279 πίστεως
977 3202 1026 3268 διά
1059 3210 1170 3270 πολλοῦ
1199 3201 1408 3286 ίποιησάμεθα
1430 3201 1484 3268 τδν

314 3301 411 3390 λόγον.

185 3433 252 3505 Κῳ,
267 3435 298 3500 η,
401 3406 462 3470 Καὶ
484 3404 529 3472 ὅτι
550 3408 604 3489 μὲν
623 3405 717 3490 ἀφθη
735 3403 809 3483 θεδς
825 3403 1002 3491 ἀνθρώποις
1023 3404 1163 3481 πολλάκις
1186 3409 1323 3490 εἴπομεν,
1353 3406 1407 3470 καλ
1425 3405 1484 3470 οῦκ

313 3503 495 3592 ἀρνούμεθα.
536 3505 607 3574 Ἐάν
625 3506 681 3594 γάρ
708 3506 910 3591 ἀρνησιδμεθα
926 3505 978 3583 τάς
1002 3512 1090 3584 θείας
1110 3506 1246 3594 γραφάς,
1276 3503 1402 3590 ἀληθεῖς
1425 3503 1483 3572 οῦκ

315 3610 419 3690 ἔσμεν,
450 3610 501 3674 καλ
525 3605 726 3694 εύρισκόμεθα
751 3613 942 3686 ἐκπίπτοντες
968 3617 1021 3693 τῆς
1040 3606 1198 3694 ἀληθείας,
1226 3607 1247 3692 ἦ
1271 3605 1324 3690 τῆν
1349 3607 1484 3674 παλαιάν

314 3708 466 3791 διαθήκην
486 3711 676 3792 ἒκβάλλοντες
697 3709 797 3777 ούκὲτι
821 3711 907 3794 ἐσμὲν
925 3717 977 3792 τῆς
993 3718 1160 3794 καθολικῆς
1178 3713 1340 3793 ἐκκλησίας.
1390 3707 1431 3774 T&
1452 3710 1485 3774 δὲ

188 3839 297 3898 mm·
314 3808 483 3896 εῦαμγίλιον
507 3814 582 3896 ἔφη,
615 3811 691 3878 Θεδν
716 3812 816 3889 οὐδεὶς
845 3809 967 3878 ποίποτε
993 3811 1137 3899 ἕάρακεν,
1168 3809 1186 3877 δ
1210 3809 1374 3896 μονογενῆς
1408 3808 1485 3887 θεδς

314 3909 405 3989 αύτδς
425 3911 594 3998 ἐξηγήσατο.
640 3915 701 3978 Καί
717 3913 806 3981 πάλιν
823 3911 842 3998 η’
859 3910 935 3997 αύτῆ
955 3920 1025 3980 θεία
1041 3911 1143 4000 γραφη
1158 3911 1220 3990 ὅτι,
1243 3911 1355 3994 Ὦφθη
1371 3908 1390 3978 δ
1406 3911 1485 3989 θεδς

313 4020 355 4102 τῷ
373 4011 507 4100 Ἀβραάμ
530 4014 594 4082 ἀντι
609 4018 640 4082 ἐν
659 4023 696 4105 τῆ
715 4021 942 4104 Μεσοποταμίᾳ.
987 4018 1048 4081 Καί
1065 4012 1156 4092 αάτδς
1174 4011 1313 4098 δκύριος
1328 4013 1360 4077 ἐν
1375 4019 1417 4102 τῷ
1434 4011 1482 4078 εύ-

315 4123 436 4204 αγγελίηι
460 4115 523 4199 δτι,
558 4121 598 4186 Οἱ
613 4115 728 4204 ἀγγελοι
744 4116 856 4184 τούτων
872 4113 963 4202 δρῶσι
985 4115 1018 4184 τδ
1035 4117 1198 4202 πρόςωπον
1219 4121 1273 4180 τοῦ
1292 4112 1406 4200 πατρός
1423 4142 1483 4198 μον

258 4278 263 4286 -
349 4253 409 4304 (λιν.
420 4255 462 4303 Ἡ.
481 4279 512 4290 -
532 4250 553 4302 1.
573 4242 619 4304 κάν
635 4254 673 4324 τῷ
687 4258 770 4319 νοήματ’
778 4271 824 4320 pro
836 4254 881 4309 καλ
947 4254 973 4308 3.
1001 4253 1041 4309 ἵνα
1066 4257 1153 4306 excidit
1173 4257 1205 4306 ab
1226 4255 1265 4306 ιδ.
1288 4255 1370 4306 Ριλοο.
1401 4255 1483 4308 Gelon

314 4313 360 4386 τί,
378 4323 441 4384 quod
460 4323 530 4384 οιιλρο
547 4329 618 4374 ταλαί.
911 4329 983 4388 repet.

314 4391 373 4506 ,ὦ
388 4383 519 4506 αηηηιίγιις
548 4393 616 4442 cod&
641 4403 698 4442 κιαι.
734 4387 880 4460 τετράγωνος
946 4391 972 4444 λ.
990 4384 1146 4446 διαλλάττον
1163 4392 1200 4443 ut
1219 4392 1301 4441 Ριιαο.
