3066 5016
306 287 445 340 canaan
461 289 524 343 uta
536 291 580 343 nu.
596 288 678 342 rou.
691 290 724 342 n.
740 289 842 343 unua.
853 291 966 343 cxxx.
1151 278 1215 346 469

53 407 94 470 alt
123 407 159 470 iis
181 427 364 493 nequaquam
388 408 548 473 abhorrere
574 383 621 472 vel
648 429 749 473 eorum
774 410 954 474 consuetudo
980 411 1137 494 persuadet
1157 432 1214 497 qua

50 510 221 596 promiscue
236 511 292 574 riri
308 531 373 574 euru
389 512 559 576 mulieribus
579 512 697 576 orabant.
746 509 886 576 Ceterum
905 512 1082 576 Antiochiae
1098 534 1213 598 quoque

49 614 142 676 sedes
165 613 291 691 habunt,
316 635 373 697 quo
397 634 413 676 e
435 611 652 700 Mesopotamia
673 635 742 679 sesa
765 616 964 679 contulerunt.

140 815 206 881 Hoc
225 839 296 883 vero
316 819 403 902 longa
421 819 700 903 perniciosissimum
724 821 828 904 dogma
853 842 893 884 ex
913 819 1001 884 animia
1022 821 1213 904 quorumdam
1228 831 1288 901 Cap.
1307 831 1350 884 tv.

46 922 175 983 fratrum
196 920 339 1006 imperitia
357 921 496 984 manavit.
543 919 601 1004 Qui
625 943 688 984 oum
706 935 788 986 recte
804 921 912 1006 alioqui
930 923 1036 986 deiide
1055 923 1212 1002 sentirent,

45 1022 133 1086 vitae
152 1043 192 1086 ex
210 1019 320 1086 Christi
343 1023 452 1086 domini
474 1023 655 1109 praescripto
679 1025 876 1088 instituendae
896 1025 1011 1088 modum
1031 1045 1212 1108 nequaquam

43 1125 280 1204 intellexeruut3
310 1137 455 1209 qnatenus
473 1126 644 1190 renutttiare
666 1127 773 1190 mundo
791 1149 825 1190 ac
841 1127 926 1190 lonis
944 1147 976 1190 se
995 1127 1105 1190 suiset
1123 1127 1213 1190 lacul-

45 1227 161 1290 tatibus
186 1227 340 1306 abdicare,
376 1229 510 1292 lortttnas
539 1249 609 1292 suas
639 1230 769 1292 rendere
800 1249 835 1293 ae
861 1229 1037 1314 pauperibus
1069 1229 1212 1313 dilargiri,

43 1350 169 1394 crucem
193 1330 272 1393 lerre
294 1351 329 1392 ac
355 1331 435 1394 serio
458 1331 540 1416 sequi
564 1351 598 1395 se
622 1331 788 1410 mandavit,
822 1353 880 1395 non
904 1343 936 1394 ιιι
955 1331 1036 1394 iners
1055 1344 1084 1393 et
1099 1333 1213 1395 otiosus

42 1431 193 1518 quispiam
209 1441 307 1510 esset,
330 1442 382 1496 aut
397 1433 604 1519 intempestiue
620 1433 818 1514 helluaretur,
843 1455 877 1496 ao
899 1435 1031 1498 lucorum
1048 1434 1126 1497 inter
1141 1453 1212 1518 apes

42 1533 155 1599 similis
172 1535 266 1612 lueet,
291 1535 420 1618 quinimo
436 1537 497 1600 suis
513 1548 545 1600 ut
562 1536 696 1601 manibus
716 1557 788 1621 opus
808 1537 937 1614 laceret,
962 1557 997 1600 ae
1015 1535 1130 1600 beatum
1148 1535 1212 1598 imi·
1242 1617 1245 1624 ⁴

43 1647 165 1701 larrtur
186 1635 367 1721 apostolum,
399 1639 445 1721 qui
465 1639 601 1703 muudum
627 1639 727 1704 valere
751 1639 856 1702 iubens
880 1659 987 1722 praeeo
1006 1639 1140 1702 veritatis
1158 1659 1212 1702 ex·

42 1740 126 1804 lititc
160 1743 247 1802 Cuius
266 1761 366 1802 munus
390 1763 445 1803 nau
468 1746 525 1822 r'pai
539 1746 646 1818 saltam,
680 1745 732 1803 aed
745 1754 774 1803 et
790 1746 826 1804 ai's
844 1747 896 1823 qni
914 1763 977 1802 rum
995 1743 1046 1802 atta
1061 1752 1146 1802 erum
1160 1762 1209 1802 ue·
1223 1767 1318 1824 ΑΜ,
1332 1766 1364 1812 η

42 1847 176 1906 cessario
193 1844 428 1924 supertectum,-
453 1862 517 1906 cum
536 1853 566 1905 et
585 1843 640 1928 ipsi
665 1842 783 1906 iuterim
811 1843 929 1906 minime
954 1851 1126 1919 cessarent,
1158 1843 1210 1904 sed

41 1965 159 2030 operae
174 1944 332 2031 participes
349 1955 467 2018 esseut,
492 1954 525 2008 ιιι
539 1945 662 2029 quodam
682 1945 745 2030 ipae
764 1945 829 2008 loco
847 1944 1009 2028 gloriatur,
1042 1965 1077 2008 ao
1092 1937 1211 2006 disertis

39 2048 118 2112 illud
141 2048 241 2112 verbis
263 2046 420 2133 praecipite
456 2051 514 2126 Qui
529 2069 585 2110 non
603 2059 754 2129 cpmutnr,
788 2069 843 2108 nan
865 2050 1023 2108 mundaret.
1072 2041 1131 2109 sat
1152 2045 1206 2124 illi,
1228 2063 1337 2110 uuum.

39 2169 121 2236 quus
144 2148 223 2227 dixi,
254 2149 472 2214 iratresnostri
490 2147 643 2213 haudacio
664 2146 864 2228 auaMaua,
896 2148 945 2232 qui
963 2143 1209 2211 illnccl'ersidu
1252 2117 1320 2172 ³¹¹2

39 2254 198 2339 protectus
219 2262 282 2330 est,
315 2251 372 2316 ista
391 2252 564 2330 didicerint,
599 2271 674 2335 quaa
690 2249 727 2313 ab
742 2249 822 2314 omui
840 2250 953 2314 ratione
977 2269 1099 2335 prorsus
1114 2249 1210 2313 aliena

39 2364 130 2420 aunt.
177 2348 252 2418 Cum
271 2354 457 2417 econtrario
478 2353 714 2417 animadvertere
732 2351 798 2422 illos
817 2353 915 2416 diviua
934 2352 1081 2438 scriptura
1097 2350 1208 2428 iubeat,

40 2457 94 2543 qui
112 2454 184 2518 nihil
201 2455 299 2540 operis
315 2454 436 2520 laciuut.
482 2452 594 2519 Verum
622 2455 826 2519 nonnullorum
845 2455 991 2519 utentibus
1009 2456 1116 2519 dictum
1137 2453 1208 2518 illud

38 2557 212 2625 servatoris
234 2557 390 2645 imposuitc
423 2563 586 2640 Opmunma'
603 2579 659 2620 non
678 2559 787 2632 calum,
821 2562 873 2639 qan'
885 2562 977 2638 perit,
1009 2562 1061 2621 sed
1074 2562 1126 2640 qai
1136 2577 1204 2638 per-
1247 2576 1326 2622 tana

37 2672 142 2725 manet
159 2665 188 2722 iu
204 2666 287 2723 mlum
302 2672 455 2724 autunum.
503 2659 601 2723 Atilli
619 2670 791 2744 pereuntem
810 2659 889 2724 illum
906 2660 1000 2724 cibum
1017 2661 1053 2724 ad
1072 2659 1205 2746 praecla-
1253 2629 1318 2686 Μ’

37 2785 110 2830 ram
126 2762 205 2826 illam
221 2783 340 2847 operam
365 2763 552 2848 laboremque
573 2763 725 2843 releuant,
757 2783 842 2847 quem
862 2763 892 2826 iu
910 2763 1108 2826 consectanda
1124 2761 1207 2826 iusti·

38 2868 81 2930 tia
99 2863 294 2928 sustinemus.
340 2862 427 2948 Quae
444 2866 558 2950 quidem
576 2885 665 2950 opera
689 2864 719 2928 in
739 2865 889 2928 Abruamo
913 2874 972 2928 tum
995 2864 1106 2943 eluxit,
1139 2885 1205 2928 eum
1232 2885 1333 2933 usum.

36 2971 63 3033 is
82 2967 210 3031 vitulum
226 2979 398 3052 appararatq
429 2988 484 3031 uae
502 2988 560 3031 nou
577 2977 606 3030 et
623 2967 653 3031 iu
670 2957 774 3045 vidua,
806 2987 880 3051 quae
900 2964 984 3031 Eliae
1002 2987 1107 3030 caussa
1124 2966 1206 3030 labo-
1218 2991 1239 3036 a
1252 2991 1312 3046 Beu-
1325 2991 1359 3040 n.

35 3069 142 3146 ravit,
168 3079 198 3132 et
213 3068 242 3131 iu
262 3065 333 3132 lobo
349 3067 494 3152 denique,
520 3071 567 3153 qni
586 3069 615 3132 iu
632 3069 733 3133 liberis
752 3070 827 3132 idem
843 3068 905 3133 suis
922 3068 1105 3152 fortunisque
1120 3088 1206 3153 prae-

33 3175 130 3239 stitit.
178 3168 339 3235 Praeterea
363 3171 460 3235 nullus
486 3182 533 3234 ast
549 3171 595 3234 dci
615 3171 740 3235 famulus
757 3169 806 3256 qni
827 3193 886 3235 uou
907 3171 941 3234 ad
958 3169 1145 3234 obtinendam
1159 3168 1206 3232 iu·

33 3277 154 3341 stitiam
176 3271 309 3336 manibus
332 3273 394 3338 suis
418 3293 491 3358 opus
511 3283 671 3352 exerceat,
703 3294 761 3358 quo
781 3273 811 3336 iu
827 3284 949 3358 egentes
969 3273 1119 3338 beuelicus
1136 3293 1206 3337 esse

35 3377 151 3466 possit.
190 3376 284 3462 ,Quod
307 3379 336 3441 iu
360 3395 535 3459 unoquoque
560 3375 757 3453 monasterio,
790 3386 849 3438 mm
866 3374 895 3438 iu
914 3374 1053 3462 Aegypto
1072 3395 1158 3460 quam
1172 3374 1205 3440 iu

34 3483 106 3548 aliis
128 3479 305 3564 provinciis,
338 3477 401 3542 lieri
424 3476 592 3555 ceruimus,
626 3475 674 3540 uhi
698 3477 826 3542 institiae
843 3477 938 3561 gratia
954 3477 998 3542 siu
1015 3479 1050 3542 ad
1069 3499 1143 3563 opus
1158 3477 1205 3541 iu-

35 3583 320 3657 commutamnus,
346 3591 480 3666 tauquam
498 3600 570 3666 apes
586 3581 746 3664 quaedam,
771 3600 846 3665 quae
861 3601 959 3644 ceram
976 3581 1116 3666 pedibus,
1140 3578 1205 3643 atil·

35 3688 81 3752 laa
99 3684 200 3748 mellis
220 3704 273 3748 ore
288 3693 526 3769 comportantes,
562 3702 745 3746 communem
763 3682 968 3748 universorum
986 3683 1133 3747 domiuum
1149 3701 1203 3765 pro

35 3809 136 3854 seusu
152 3807 210 3850 suo
226 3797 313 3870 atque
336 3797 440 3870 captu,
476 3786 598 3869 quodam
623 3785 706 3848 velut
723 3785 805 3849 vocis
822 3795 910 3849 cantu
932 3807 968 3849 ac
985 3783 1204 3871 praedieatione

36 3890 214 3968 celebrant,
247 3899 332 3975 prout
355 3898 480 3952 testatur
502 3883 662 3952 Salomuua
693 3891 884 3969 Sapientiam,
916 3887 1029 3972 iuquit,
1059 3891 1341 3964 honoratorumque

31 4003 177 4077 procula
194 4003 246 4054 eat.
292 3989 360 4055 Nec
384 3983 686 4055 alitcrservi'illidai
703 3989 734 4054 iu
751 3990 845 4053 solida
863 3989 997 4053 veritatis
1018 4000 1119 4074 petra,
1151 4007 1203 4052 ve·

36 4099 81 4161 lut
101 4094 312 4173 fundamento,
344 4091 482 4173 stabiliti,
511 4113 546 4156 ac
570 4094 686 4157 domum
706 4112 787 4156 suam
812 4091 922 4155 firmam
942 4101 1028 4174 atque
1046 4090 1203 4154 inconeus-

37 4221 102 4262 sam
124 4206 336 4274 exstruentes,
368 4216 421 4280 pro
436 4215 471 4257 aa
489 4215 573 4280 quum
593 4194 767 4279 profitentur
781 4205 863 4274 arte,
886 4191 1096 4257 minutissimas
1115 4213 1202 4278 quaa-

37 4321 97 4385 qna
120 4317 229 4383 operas
252 4297 358 4382 singuli
385 4296 519 4360 manibus
542 4295 604 4361 suia
624 4307 780 4361 exerceat.
828 4294 918 4360 lidem
942 4315 1015 4360 vero
1032 4295 1200 4360 universam

71 4461 148 4528 25¹5
164 4484 212 4520 acu
230 4467 284 4518 aaut.
301 4470 380 4519 Pacu.
401 4471 479 4519 catam
494 4473 566 4530 repet.
675 4463 700 4519 t.
715 4465 763 4534 alp
778 4483 824 4520 can
839 4473 865 4520 ta
879 4471 933 4520 edit.
947 4470 1022 4520 Patuu
1040 4469 1201 4530 concrepet

72 4538 97 4589 3.
115 4553 147 4591 tc
162 4538 232 4589 codd.
249 4551 304 4590 mu.
320 4541 422 4606 uterque.
456 4531 486 4592 ul
503 4537 566 4586 ιιιιιι.
675 4537 699 4588 5.
718 4533 744 4590 lu
759 4551 804 4589 um.
824 4540 849 4590 ta
866 4539 920 4588 adit.
937 4539 1018 4588 Petam
1035 4539 1114 4591 Colca.
1129 4540 1201 4600 repet
