3068 5008
482 333 809 387 cuncurnauauosrs.
1164 317 1226 382 539

67 449 229 536 plicantur,
253 452 364 536 primo,
387 453 535 528 meando,
569 476 603 518 ac
621 455 720 518 tertio.
766 451 857 517 lidem
879 473 967 539 porro
986 453 1050 517 libri
1068 436 1180 538 septe'm
1196 449 1227 515 in

69 564 164 618 tonos
183 554 329 620 distributi
346 567 432 636 sunt,
457 577 580 640 quornm
596 557 703 640 singuli
721 567 833 619 eertum
852 556 1016 620 haereseon
1032 577 1069 620 ac
1084 556 1228 620 schisma·

67 667 130 721 tuus
152 676 304 720 nnmerum
330 659 494 722 continent.
540 657 626 743 Quae
651 659 736 723 simul
759 658 881 722 collecta
906 655 1033 724 LXXX
1055 657 1225 722 conficiunt.

67 756 202 842 Quorum
231 760 442 845 appellationes
466 760 521 824 hae
548 771 617 824 sunt
645 781 680 824 ac
708 762 860 844 dogmata:
894 758 1119 839 barbarismus,
1152 757 1228 845 Scy-

65 861 212 942 tbismus,
237 859 456 942 llellenismus,
481 860 661 942 ludaismus,
693 861 927 928 Samaritisrnus.
973 862 1023 927 Ab
1038 863 1075 926 iis
1091 862 1229 948 deinceps

66 965 198 1050 reliquae
224 977 325 1029 sectae
353 965 571 1050 produxerunt.
615 963 695 1029 Nam
718 975 786 1029 ante
806 963 917 1030 Christi
941 963 1099 1028 salvatoris
1118 963 1228 1027 adven·
1312 1029 1317 1038 ,

66 1079 128 1132 tum
147 1088 165 1131 e
183 1067 308 1132 barbara
330 1078 361 1130 et
379 1065 518 1153 Scythica
538 1090 573 1132 ae
590 1065 707 1132 Graeca
723 1067 934 1152 superstitione
951 1089 985 1130 nc
1004 1067 1112 1130 ceteris
1129 1068 1158 1131 id
1177 1087 1229 1150 gc·

67 1171 215 1235 nusistae
233 1171 420 1255 prodierunt:
452 1167 660 1257 Pythagorici,
691 1167 899 1256 Peripatetici,
931 1166 1094 1250 Platonici,
1120 1167 1227 1247 Stoici,

66 1284 99 1336 et
116 1270 266 1358 Epicurei.
313 1272 391 1337 Tum
410 1269 692 1338 Samaritanasecta
709 1291 841 1357 quaeex
859 1269 1150 1357 ludaieapullolavit.
1183 1269 1229 1334 Ee

67 1397 156 1461 porro
182 1386 243 1440 tres
267 1375 298 1438 in
323 1376 466 1440 factiones
491 1375 580 1454 abiit,
613 1373 850 1453 Gorthcnorum‚
883 1371 1106 1452 Scbnaeorum,
1140 1372 1230 1438 Dosi-

67 1479 222 1556 theorum,
252 1489 282 1543 et
308 1475 503 1542 llsseuorum.
562 1475 705 1562 Sequitur
731 1475 911 1555 ludaismns,
942 1478 990 1561 qui
1021 1471 1168 1563 propriam
1192 1476 1229 1540 ab

66 1581 220 1646 Abraamo
235 1581 356 1664 liguram
374 1602 409 1644 ec
428 1591 524 1646 notam
542 1581 666 1666 accepit.
714 1577 830 1643 Deinde
847 1601 900 1665 per
914 1577 1032 1664 Moysis
1056 1579 1152 1663 legem
1170 1577 1230 1642 col·

67 1685 175 1748 letatus
191 1683 228 1747 ab
247 1681 319 1746 luda
335 1680 435 1747 laonbi
451 1683 529 1763 lilio,
564 1685 611 1768 qui
631 1681 724 1747 lsrael
740 1682 900 1768 appellatus
916 1692 978 1761 est,
1013 1703 1066 1768 pcr
1085 1679 1229 1748 Davidem

66 1787 165 1873 populi
186 1785 271 1850 istius
296 1786 455 1850 excedens
475 1786 524 1852 illa
546 1786 623 1850 trihu
647 1806 747 1871 regern
765 1783 901 1849 ludaismi
928 1784 1152 1870 appellationem
1177 1783 1230 1848 ob·

68 1889 168 1954 tinnit.
214 1888 262 1952 Ab
281 1888 337 1952 boe
362 1900 475 1974 septem
495 1889 551 1952 hae
569 1888 739 1974 prodierunt
758 1887 916 1966 haereses,
940 1887 1119 1967 acribarum,
1152 1883 1230 1950 Pha·

67 1993 246 2072 risaeorum,
269 1987 522 2072 Sadducaeorum,
547 1989 882 2076 Hemerobaptistarum,
907 1985 1103 2069 Ossaeornm,
1130 1987 1230 2054 Nasa-

69 2114 226 2173 raeornm,
250 2093 501 2158 Herodianorum.

156 2192 325 2267 Secundum
346 2196 400 2261 bas
419 2208 516 2261 sectas
540 2196 730 2262 successione
745 2206 907 2282 temporum
923 2194 1032 2258 domiui
1048 2194 1142 2259 nostri
1162 2191 1230 2259 lesa

71 2295 183 2364 Christi
207 2299 373 2364 incarnatio
398 2300 452 2363 toti
471 2299 535 2363 orbi
560 2300 699 2363 salutaris
722 2298 837 2374 illuxit,
871 2307 902 2361 et
925 2318 990 2361 eum
1010 2297 1064 2362 bac
1083 2297 1230 2381 evangelii

69 2400 204 2464 doctrina
220 2400 417 2485 coelestisque
432 2402 515 2485 regni
534 2402 724 2487 praedicatio.
770 2398 829 2485 Qui
846 2403 962 2485 quidem
982 2400 1084 2464 unicus
1102 2409 1150 2464 est
1166 2400 1231 2463 lons

69 2503 176 2568 salutis
192 2513 223 2566 et
238 2501 400 2568 catholicae
422 2505 661 2589 apostolicaeque
678 2504 819 2568 ecclesiae
841 2524 911 2567 vera
937 2504 1020 2568 hdes.
1067 2503 1095 2567 Α
1113 2523 1169 2587 qua
1187 2502 1232 2564 in·

69 2615 229 2690 sequentes
245 2625 349 2670 omnes
363 2619 476 2686 sectae,
501 2627 576 2691 quae
592 2606 686 2670 solum
701 2603 814 2672 Christi
831 2627 950 2685 nomeu,
976 2627 1034 2670 non
1047 2606 1131 2670 iidem
1146 2625 1231 2690 prae-

68 2709 180 2787 ierunt,
204 2718 370 2793 amputatae
386 2719 455 2772 sunt
473 2718 503 2771 et
518 2709 649 2772 avulsae.
696 2705 779 2791 Quae
796 2718 867 2772 suot
882 2705 1068 2786 Simoniani,
1104 2705 1231 2772 blenau-

67 2809 178 2890 driani,
202 2807 408 2888 Saturnilieni,
432 2807 618 2890 basilidiani,
640 2807 829 2890 Nicolaitae,
853 2807 1008 2890 Gnostici,
1030 2811 1080 2895 qui
1100 2822 1130 2874 et
1145 2809 1230 2876 Stra·

66 2911 163 2976 tiotici
179 2922 209 2976 et
225 2908 431 2990 Phibionitae,
465 2911 502 2975 ab
520 2911 586 2976 aliis
609 2934 683 2976 vero
703 2909 847 2978 Coddiani
866 2913 1066 2998 appellantur,
1101 2933 1136 2977 ac
1155 2909 1230 2977 Bor-

65 3012 204 3094 boriani,
237 3015 312 3099 apud
337 3014 411 3079 alios
438 3009 623 3094 Socratitae,
654 3016 728 3100 apnd
755 3017 895 3101 quosdam
917 3013 1084 3079 Zacchaei:
1117 3011 1231 3100 Carpo-

65 3116 211 3195 cratitac,
247 3113 452 3194 Corinthiaci,
488 3116 537 3200 qui
564 3127 594 3180 et
616 3115 830 3197 Merintbiani,
862 3116 1035 3196 Nazaraei,
1070 3115 1229 3196 Ebionaei,

64 3217 234 3297 Valentini,
259 3217 452 3284 Secundiani.
499 3218 615 3304 Quibus
629 3220 742 3284 accedit
758 3219 927 3306 Epiphanes
943 3231 973 3284 et
986 3217 1135 3297 Isidorusq
1160 3216 1231 3284 Pto-

64 3321 193 3401 lemaei,
226 3319 388 3401 Mareosii,
423 3317 608 3402 Colorhasii,
646 3321 894 3401 Heracleonitac,
930 3318 1076 3408 Ophites,
1111 3319 1229 3400 Caiani,

63 3423 223 3502 Setbiani,
256 3423 449 3504 Archontici,
483 3422 682 3502 Cerdouiaui,
714 3421 903 3504 Marciones,
935 3423 1143 3506 Lucianistae,
1168 3425 1232 3510 Ap·

62 3525 225 3613 pellciani,
266 3523 443 3606 Severiani,
482 3525 620 3603 tattoni,
660 3525 854 3606 Socratitae,
888 3524 1091 3613 Phrygastae,
1127 3529 1175 3612 qni
1202 3538 1233 3591 et

60 3627 270 3696 Montanistae
297 3639 328 3693 et
355 3627 606 3712 Tasccdrugitae,
646 3627 826 3715 Pepoziani,
864 3631 913 3715 qni
940 3643 971 3695 et
993 3628 1170 3696 Priscilliani
1197 3651 1232 3694 ac

61 3730 257 3817 Quintiliani.
304 3729 419 3815 Qnibos
440 3733 617 3798 adiiciuntur
633 3732 839 3819 Artotyritae,
870 3733 1231 3810 tessarescaedecatitae,

60 3835 116 3922 qui
140 3830 294 3898 Pasobatis
320 3834 482 3898 celebritati
507 3857 594 3898 unam
620 3837 777 3920 quotannis
799 3837 875 3900 dicor
899 3837 1095 3922 praefiniunt,
1128 3836 1230 3920 Alogi,

59 3937 115 4024 qui
130 3936 317 4020 evangelium
330 3937 568 4022 etApccalypsin
581 3935 700 4002 loannis
715 3938 862 4018 reiicinnt,
880 3940 1046 4015 Adamiaui,
1063 3936 1230 4023 sampsaei,

58 4038 116 4125 qui
145 4049 175 4102 et
201 4037 377 4117 Helcesaei‚
407 4037 624 4120 Theodotiani,
660 4038 937 4120 Melchisedcciani,
973 4039 1231 4120 Rardcsianistac,

56 4141 230 4220 Notitiaui,
253 4139 387 4221 Valerii,
410 4138 553 4221 Cathari,
584 4144 631 4228 qoi
651 4142 881 4224 etNovatiani,
912 4143 1068 4227 Angelici,
1102 4143 1232 4230 Aposto-

55 4245 133 4326 lici,
159 4245 207 4328 qui
225 4254 256 4308 et
270 4244 453 4330 Apotaetioi,
478 4243 659 4325 Sabelliani,
683 4243 885 4330 Origenistae,
911 4245 1058 4311 foeditatis
1078 4258 1229 4326 auctores,

97 4379 140 4435 11.
161 4383 314 4433 sortiendum
330 4383 429 4444 sonoras
445 4381 491 4435 act
507 4381 531 4435 ct
550 4377 629 4437 adrat
700 4379 738 4434 14.
756 4385 864 4434 tortasse
880 4381 1071 4436 Kuimrllccnol.

97 4450 141 4502 12.
164 4451 238 4513 Vutpo
254 4447 395 4515 Ναζιραίοι.
547 4467 550 4478 ·
700 4452 742 4503 15.
759 4453 826 4502 Libri
843 4455 916 4516 culpo
933 4445 1010 4505 ἄλλοι.

16 4545 30 4570 ι
96 4517 140 4569 13.
160 4519 267 4568 rorum
281 4511 497 4582 odorantem,
520 4525 547 4574 at
562 4523 631 4574 trobrt
700 4517 738 4570 16.
756 4523 821 4572 tthrt
837 4523 908 4585 culpo
921 4515 1096 4588 Ἕρκεσσαῖοι,
1113 4525 1151 4575 ccl
1166 4517 1232 4588 Ἐρ-

56 4589 120 4643 ωα.
141 4587 219 4637 Venet
236 4588 345 4643 Ponant
667 4593 780 4647 acceto.
