3044 5018
338 405 424 458 τοττι
441 405 568 458 εινιοινιε
586 406 668 459 ms
687 404 878 459 εοεττινιοιι.
1127 389 1189 456 633

41 543 114 580 νονται
129 523 173 580 καί
190 526 302 594 λέγουσιν
316 520 372 592 ὅτε,
398 523 489 596 Ταύτῃ
506 529 539 596 τῆ
558 521 613 596 ώρρ
631 525 743 594 σῆμερον
758 521 779 594 ῆ
792 521 883 593 Κόρη,
907 524 1032 580 τουτέστιν
1049 519 1069 592 ῆ
1087 523 1192 591 Παρθέ-

41 629 77 672 νος
89 609 209 680 ἐγέννησε
223 608 266 665 τὸν
283 609 377 665 Αίώνα.
411 611 496 666 Τοῦτο
511 610 540 666 δέ
555 611 600 666 κοιλ
617 611 643 666 έν
657 611 746 682 Πέτρφ
768 611 803 682 τῆ
818 609 890 666 πάλιν
907 606 1075 679 (μητρόπολις
1089 609 1120 666 δέ
1136 609 1192 665 έσει

41 697 81 761 ῆς
95 691 230 766 Ἀραβίας,
255 689 315 763 ῆτις
331 695 398 750 ίοτίν
411 691 499 764 Ἐδίμ
513 693 532 766 ῆ
547 696 573 750 έν
586 703 643 758 ταῖς
659 697 779 766 Γραφαῐς
793 695 988 764 γεγραμμένη),
1012 693 1038 748 έν
1053 695 1090 766 τῷ
1106 693 1191 750 έκεέσε

41 781 141 854 εἰδωλίῳ
157 775 239 843 οῦεως
251 781 360 850 γίνεται,
378 781 423 835 καί
437 775 563 852 ’Δραβικῆ
580 781 705 852 διαλέκτῳ
721 780 855 850 έξυμνοῦσι
868 778 915 846 τῆν
928 779 1065 848 παρθένον,
1084 780 1190 835 καλοῦν·

41 883 74 926 τες
91 861 171 934 αῦτῆν
194 862 327 937 ’λραβιστλ
349 867 474 938 Χααβοῦ,
496 867 627 921 τουτέστιν
644 863 747 934 Κόρην,
770 862 849 934 ῆγουν
872 866 1017 933 Παρθένον,
1044 865 1089 919 καί
1104 863 1148 920 τίν
1163 863 1192 930 έξ

41 948 114 1017 ιῦτῆε
129 953 306 1020 γεγενιημένον
320 951 465 1020 Δουσάρην,
482 951 610 1007 τουτέστιν
624 953 754 1020 Μονογενῆ
771 952 816 1006 τοῦ
834 949 968 1006 δεσπότου.
1003 949 1088 1006 Ταῦτα
1103 947 1132 1006 δέ
1146 951 1192 1005 καί

41 1035 57 1088 ίν
72 1032 187 1106 Ἐλοῦση
211 1037 307 1105 γίνεται
322 1039 356 1107 τῆ
370 1035 443 1092 πόλει
465 1033 521 1092 κατ’
537 1036 635 1104 έκείνην
650 1035 696 1104 τῆν
712 1035 805 1097 νῦκτα,
830 1033 867 1098 ώς
882 1034 940 1091 έκεέ
953 1033 1025 1105 έντῆ
1042 1034 1132 1102 Πέτρα
1146 1033 1192 1088 καί

41 1120 56 1172 ίν
70 1115 255 1192 Ἀλεξανδρείᾳ.
288 1119 340 1176 Ἐκ
353 1123 449 1177 πολλῶν
464 1119 494 1178 δλ
508 1118 709 1190 ῆναγκάσθημτν
721 1124 886 1192 παραστῆσαι
898 1119 941 1175 διὰ
953 1118 1013 1182 τοῦς
1025 1115 1192 1181 ἀπειθοῦντας

41 1202 70 1260 ν’τι
82 1205 115 1260 τά
131 1202 285 1276 Ἐπιφάνεια
298 1209 386 1268 καλῶς
399 1203 531 1276 είρηταιῆ
547 1207 667 1275 ένσαρκος
683 1206 798 1276 γέννησις
813 1207 858 1261 τοῦ
874 1207 1005 1274 σωτῆρος,
1030 1205 1192 1273 γεννηθέντος

41 1287 107 1346 ια’ταῦ
126 1292 171 1345 καί
186 1291 346 1361 έπιφανέντος
365 1299 419 1354 τοῖς
431 1291 534 1361 ποιμέσι
551 1292 595 1348 καί
606 1294 645 1364 τῷ
660 1291 753 1363 κόσμῳ
768 1291 812 1348 διά
826 1293 876 1361 τῆς
895 1292 946 1346 τιῦν
963 1287 1078 1358 άγγέλων
1092 1307 1190 1358 μαρτυ-

41 1377 93 1438 ιίας.
128 1372 262 1444 Ἐπεφάνη
288 1375 318 1432 δέ
340 1377 386 1432 καί
399 1380 434 1449 τῆ
449 1379 536 1450 Μαρίᾳ
557 1378 602 1433 καί
618 1379 657 1447 τῷ
672 1373 782 1448 Ἰωσῆφ.
817 1373 863 1431 Ἐν
882 1375 966 1446 έκείνη
980 1376 1009 1431 δέ
1024 1377 1057 1446 τῆ
1073 1370 1131 1448 ώρμ
1146 1375 1191 1430 καί

41 1459 45 1514 ί
60 1457 145 1530 άστῆρ
160 1459 241 1530 έφάνη
256 1461 282 1515 έν
296 1464 331 1533 τῆ
345 1458 454 1533 άνατολῆ
470 1470 523 1524 τοῖς
536 1461 637 1532 Μάγοις
648 1461 697 1529 πρὸ
712 1461 759 1519 δῦο
774 1461 837 1516 έτών
850 1463 900 1530 τῆς
913 1456 997 1515 αῦτιῦν
1012 1460 1049 1524 είς
1062 1457 1190 1527 Ἰερουσα-

41 1545 84 1612 ,ῆμ
98 1545 144 1600 καὶ
160 1542 281 1614 Βηθλεὲμ
294 1544 422 1616 άφίξεως,
448 1540 492 1602 ὅτε
507 1548 549 1602 καί
567 1543 682 1619 ἀκριβεῖς
696 1545 711 1604 ά
727 1544 850 1616 Ἡρώδης
872 1541 1022 1600 έπυνθάνετο
1037 1542 1124 1600 αῦτών
1139 1547 1190 1601 τών

41 1630 127 1699 ῦάγων
142 1630 185 1686 τὸν
201 1629 288 1702 χρόνον
310 1633 355 1686 τοῦ
373 1633 493 1701 φανέντος
514 1628 636 1700 άσιέρσς,
661 1633 706 1687 καί
722 1627 820 1701 ἤκουσε
835 1629 894 1699 παρ’
908 1627 993 1686 αῦτεῦν
1011 1625 1051 1686 ὅτι
1066 1625 1116 1686 άπέ
1134 1636 1190 1687 διε-

41 1719 86 1777 ’σῦς
100 1716 146 1770 καί
162 1717 307 1784 κατωτέρω.
336 1709 375 1770 ‘¹0
389 1717 433 1772 καί
448 1715 512 1772 αῦτέ
529 1715 558 1773 τά
576 1717 649 1786 ῥῆμα
663 1719 713 1772 τών
727 1713 884 1797 Ἐπιφανίων
908 1716 1015 1772 έποεείτσ
1030 1713 1077 1786 τῆν
1091 1715 1190 1770 ἐπωνυ-

41 1801 85 1854 ιίαν
106 1800 138 1855 ἐκ
159 1803 205 1856 τοῦ
226 1799 269 1858 τάν
285 1799 408 1870 Ἡρώδην
430 1802 510 1872 λέγειν
526 1805 570 1857 τοῦ
592 1803 712 1872 φανέντος
728 1799 841 1872 άστέρος.
876 1801 919 1858 At&
937 1804 989 1858 τών
1006 1801 1051 1869 μέν
1067 1799 1190 1872 λεγόντων

41 1879 80 1950 ἷτι,
108 1887 167 1940 Ποῦ
186 1885 252 1941 έστεν
267 1883 282 1943 ά
297 1886 417 1968 βασιλεῦς
432 1885 447 1943 ά
462 1887 564 1958 τεχθεὶς
578 1881 629 1943 τῦν
643 1884 789 1950 Ἰουδαίων,
816 1889 915 1956 είδομεν
931 1888 999 1956 (cod.
1015 1887 1124 1956 ίδωμεν)
1141 1885 1189 1956 γάρ

41 1967 104 2026 ιῦτοῦ
121 1969 164 2026 τίν
180 1967 276 2041 άσιέρα
293 1972 319 2028 έν
333 1975 367 2044 τῆ
380 1968 507 2044 άνατῦλη,
533 1974 578 2026 καί
594 1967 708 2041 ἤλθομεν
728 1975 899 2041 προςκυνῆοαε
920 1968 991 2044 αῦτῷ
1000 2009 1008 2035 ,
1033 1969 1048 2028 ά
1064 1969 1190 2041 Ἡρώδης

41 2054 56 2110 τί
78 2055 139 2124 περί
163 2059 238 2124 ψιλοῦ
255 2053 379 2125 σ’νάματσς
396 2053 530 2126 άνθρώπσυ
549 2059 675 2129 βασιλέως
694 2057 723 2113 τά
745 2061 850 2127 πρᾶγμα
867 2057 1007 2126 έσκάπησε.
1042 2058 1190 2125 Διανοηθελς

41 2141 74 2210 ’άρ
92 2141 248 2211 τῦπρᾶγμα
268 2143 313 2196 καί
331 2137 467 2210 θαυμάσας
490 2137 530 2198 ὅτε
547 2141 635 2199 πάλλον
650 2148 762 2215 βασιλεῖς
783 2143 957 2212 έγεννῆθηοαν
972 2142 997 2198 έν
1011 2138 1189 2212 Ἰερουσαλῆμ,

40 2229 128 2294 ερεῦτσς
142 2227 231 2283 Σαοὺλ
246 2227 277 2282 έκ
293 2230 377 2296 φυλῆς
393 2227 527 2297 Βενιαμίν,
545 2225 663 2294 δεῦτερος
679 2230 760 2300 Δαβίδ
777 2227 807 2284 έκ
822 2229 907 2297 φυλῆς
919 2225 1021 2290 Ἰοῦδα,
1042 2227 1086 2282 καί
1100 2227 1189 2283 τοῦτου

41 2311 83 2374 ίδς
96 2313 235 2381 Σαλομών,
253 2310 309 2374 νίές
323 2312 353 2368 δὲ
366 2313 410 2367 τοῦ
424 2314 595 2381 Σαλομιῦντος
608 2311 730 2386 Ῥοβοάμ,
747 2312 792 2369 καί
805 2313 895 2368 τοῦτου
913 2313 962 2368 υίοί
976 2312 1042 2368 κατά
1057 2312 1190 2384 διαδογῆν,

41 2398 70 2450 ναί
87 2393 210 2453 οῦδέποτε
226 2397 269 2452 έπί
284 2397 320 2451 ένί
334 2393 431 2452 τούτων
446 2400 589 2466 γεννηθέντι
605 2393 688 2466 οἷσεῆρ
704 2397 803 2468 έφάνη,
828 2395 888 2454 σῦδλ
904 2397 1002 2459 έλιυσις
1015 2394 1113 2467 Μάγων
1128 2397 1187 2467 έγέ-

42 2499 79 2536 ετο
93 2482 138 2537 έπί
151 2481 181 2538 τά
199 2481 281 2536 έλθτίυ
304 2483 350 2538 καί
366 2485 539 2552 προςκυνῆσαι
552 2483 596 2539 τὸν
610 2485 762 2552 γεννηθέντα
776 2483 895 2554 βασιλέα,
919 2479 974 2539 ἀλλ’
991 2476 1011 2551 ῆ
1025 2482 1083 2540 τίτε
1099 2481 1186 2551 μα’νον·

41 2563 85 2622 ’θεν
101 2568 177 2622 τοῦτο
202 2563 366 2636 σκεψάμενός
380 2585 420 2629 τις
433 2570 477 2623 καί
493 2568 539 2637 τῆν
555 2564 665 2625 διάνοιαν
680 2565 758 2624 αῦτοῦ
773 2568 816 2624 έπί
828 2568 874 2637 τῆν
890 2571 982 2638 γνῶσιν
997 2573 1046 2638 τῆς
1061 2567 1187 2636 άληθείας

41 2647 164 2719 ἱκάντισε,
185 2649 275 2720 μαθών
291 2647 332 2708 ὅτι
344 2651 374 2708 τά
392 2660 497 2722 σημεῖον
511 2657 585 2710 τοῦτο
601 2651 647 2709 οῦκ
664 2651 798 2722 α’νθρώπσυ
816 2653 900 2717 ἐστίν,
917 2651 983 2710 άλλιί
998 2654 1084 2722 κυρίου
1101 2651 1186 2722 μάνου.

41 2737 69 2792 νιό
85 2732 133 2791 οῦκ
149 2737 186 2792 έτι
200 2737 259 2806 περί
274 2739 399 2807 βασιλέως
414 2736 505 2808 η’ρώτα
520 2737 631 2808 έπεγείου
645 2733 665 2808 ῆ
681 2734 830 2807 άνθρώπου,
848 2734 914 2794 άλλὰ
927 2740 985 2807 περί
1001 2740 1128 2807 Χριστοῦ,
1146 2738 1186 2794 λέ-

41 2841 75 2876 ων
92 2829 148 2884 τοῖς
161 2827 339 2892 γραμματεῦσι
359 2824 404 2878 καί
417 2825 522 2892 ίερεῦσι,
539 2825 596 2880 Ποῦ
615 2822 630 2879 ά
648 2823 764 2893 Χριστός
779 2825 908 2893 γεννάταις
943 2826 996 2879 Καί
1011 2818 1110 2895 ἤκουσε
1127 2819 1185 2893 παρ’

41 2904 123 2972 μ’τεῦν,
142 2905 189 2962 Ἐν
206 2907 328 2977 Βηθλεέμ
344 2909 393 2974 τῆς
405 2903 539 2971 Ἰουδαίας.
575 2909 629 2963 Καὶ
645 2909 713 2978 παρά
729 2909 774 2979 μέν
788 2907 884 2964 τούτων
901 2907 1035 2980 έρωτῆσας
1051 2909 1095 2965 τὸν
1111 2909 1186 2965 τόπον

41 2995 102 3060 γνω,
120 2991 192 3061 παρά
207 2992 237 3050 δέ
248 2994 300 3048 τῶν
315 2991 412 3062 Μάγων
427 2992 471 3050 τάν
484 2991 580 3065 χρόνον.
614 2996 668 3049 Καί
682 2993 731 3064 γάρ
747 2994 792 3049 καί
805 2993 878 3050 αῦτολ
893 2997 915 3049 οί
931 2990 1018 3063 Μάγοι
1030 2994 1078 3062 τῆν
1092 2995 1186 3051 διετίαν

41 3074 131 3149 ναῦτῆ
151 3081 185 3149 τῆ
201 3077 289 3150 ῆμίρορ
307 3079 357 3133 τῶν
372 3075 529 3147 Ἐπιφανίων
544 3080 581 3141 είς
595 3080 718 3148 Βηθλεὲμ
732 3079 844 3149 έγένοντο
859 3079 904 3134 καί
918 3079 950 3135 τά
965 3080 1039 3148 δῶρα
1049 3077 1187 3149 πρσςῆντγ-

41 3183 84 3226 ιαν,
105 3163 153 3220 καί
166 3162 214 3232 τῆν
229 3161 340 3233 σμῦρναν
356 3165 400 3218 καί
415 3163 458 3219 τὸν
470 3163 565 3234 χρυσᾶν
581 3165 626 3219 καί
641 3164 685 3221 τάν
699 3166 804 3236 λίβανον.
839 3161 884 3220 Ἐν
898 3163 965 3236 αῦτῆ
983 3162 1032 3233 γάρ
1048 3165 1082 3235 τῇ
1098 3161 1186 3236 ῆμέρφ

42 3249 73 3302 νῦν
87 3245 247 3318 Ἐπιφανίων
265 3250 292 3303 αί
309 3245 386 3319 άργαί
401 3247 521 3318 γεγόνασι
534 3251 631 3305 πολλάν
644 3247 798 3319 πραγμάτων
815 3252 929 3318 σημείων
944 3253 993 3320 τῆς
1007 3247 1185 3319 Ἐπιφανείας.

41 3329 96 3402 ίῦτη
114 3333 145 3389 δὲ
160 3323 338 3404 ῆνῆῆμέρα,
365 3331 402 3395 ώς
418 3329 472 3388 τίνω
494 3341 609 3403 προείπω
633 3334 677 3389 καί
701 3329 820 3397 πολλάκις
843 3333 1018 3404 άναγκάίομαι
1039 3339 1133 3405 λέγειν,
1159 3337 1185 3392 έν

41 3417 132 3490 πατείιρ
148 3415 286 3474 Ὀκταυίου
309 3415 454 3488 δυ’γσῦστου
472 3418 501 3475 τῦ
518 3420 721 3486 τριςκαιδέκατον
744 3420 789 3474 καί
803 3421 913 3475 Σιλανοῦ
935 3425 967 3492 τῇ
985 3420 1033 3490 πρὸ
1050 3418 1119 3478 σ’κτώ
1137 3423 1184 3477 Et-

41 3504 75 3556 νῦν
87 3502 263 3572 Ἰαννουαρίων
277 3504 342 3572 μετά
364 3510 498 3573 δεκατρεῖς
520 3503 621 3574 ῆμέρας
637 3507 687 3576 τῆς
702 3507 746 3560 τοῦ
761 3503 849 3574 φωτὸς
864 3507 908 3560 καί
922 3503 1023 3575 ῆμέρας
1040 3505 1184 3575 αῦξῆσεως,

41 3583 80 3654 ίτις
96 3589 167 3645 έστίν
183 3585 232 3644 άπέ
249 3591 298 3659 τῆς
312 3592 408 3658 τροπῆς
420 3592 469 3658 τῆς
484 3592 644 3660 χειμερινῆς,
662 3592 788 3646 τουτέστιν
804 3587 853 3646 άπά
870 3593 919 3659 τῆς
933 3589 982 3659 πρά
998 3587 1068 3650 σ’κτιί
1084 3593 1185 3648 Καλαν-

41 3675 74 3726 ῑών
89 3670 264 3743 Ἰαεννσυαρίων
279 3675 314 3744 [in
331 3691 407 3744 marg.
427 3676 517 3744 legitur
530 3677 579 3742 τῆς
593 3674 630 3730 κε’
648 3678 692 3732 τσῦ
707 3673 877 3748 Δεκεμβρίου)
893 3677 943 3740 έως
958 3675 1041 3746 αῦτῆς
1054 3680 1104 3747 τῆς
1115 3696 1183 3747 γενε-

41 3759 92 3812 ιλίου
110 3759 156 3814 καί
171 3755 327 3830 Ἐπιφανίων
343 3759 459 3829 ῆμέρας,
485 3759 527 3817 διά
543 3759 586 3816 τάν
600 3761 798 3830 προδηλωθέντα
814 3762 889 3818 πέπον
913 3757 991 3818 αῦτοῦ
1005 3765 1050 3818 τοῦ
1069 3765 1185 3831 σωτῆρος

41 3843 68 3896 αλ
81 3846 131 3900 τών
145 3842 250 3900 δώδεκα
267 3841 348 3903 αῦεοῦ
364 3849 488 3915 μαθητών
504 3847 547 3902 τὸν
561 3848 764 3914 τριςκαιδέκατον
779 3843 888 3916 άριθμέν
904 3849 1054 3916 πληροῦντα.
1090 3847 1184 3902 Γεννᾶ·

42 3947 65 3981 αι
78 3921 121 3984 οῦν
137 3927 153 3984 τί
169 3930 256 4000 οωτῆρ
272 3934 472 4003 τεσσαρακοστῷ
496 3934 545 4003 (τῷ
559 3934 631 3984 δοται
647 3933 671 3984 in
690 3933 760 3997 cod.)
780 3934 892 4004 δευτέρῳ
908 3931 959 3988 tm
973 3936 1026 3986 m,
1042 3933 1132 3985 venet.
1151 3961 1183 3974 .-

41 4015 98 4065 .νίι.
123 4016 175 4070 τεῦν
197 4017 349 4086 Ῥωμαίων,
375 4015 483 4090 ῦπατείᾳ
503 4019 538 4088 τῆ
554 4018 784 4088 προγεγραμμένῃ,
812 4017 875 4086 μετά
899 4017 1049 4072 είκοσιεννέα
1072 4017 1117 4086 έτη
1133 4019 1183 4089 τῆς

41 4093 172 4166 λῦγοῦστου
184 4101 249 4170 πρὸς
262 4099 402 4164 Ἰουδαίους
415 4103 560 4172 συναφείας.
583 4100 719 4158 Βασιλεῦει
732 4102 763 4159 δὲ
778 4098 922 4172 Δῦγουστσς
935 4103 1056 4171 δεκατρία
1068 4102 1115 4172 έτη
1125 4104 1183 4172 πρίν

41 4177 122 4249 γ’Μεπ.

90 4274 171 4344 Pac.
186 4273 241 4330 88.
274 4273 326 4327 λθ.
354 4271 479 4330 Ἰουδαίαν
503 4275 608 4336 τελείως
629 4275 789 4344 συνοφθῆναι
811 4271 950 4342 Ῥωμαίοις
971 4277 1032 4326 Vm.
1052 4305 1084 4316 -
1126 4277 1144 4328 ί.
1156 4275 1181 4330 3.

41 4348 169 4422 ίῦγονστος
182 4358 224 4413 έπί
236 4357 366 4428 τέτταρσιν
384 4359 464 4415 έτεσιν
483 4357 533 4416 άπέ
550 4362 599 4429 τῆς
614 4355 691 4416 αῦτσῦ
709 4359 839 4431 βασιλείας
853 4360 932 4415 πλείω
949 4358 1052 4415 έλάοσω
1066 4363 1128 4412 ven.
1149 4391 1180 4404 -

41 4440 81 4492 ·6.
105 4443 149 4496 καί
171 4444 236 4513 μέρη
260 4444 345 4513 φέρων
368 4441 508 4514 Ῥωμαίοις
530 4445 668 4515 τελούμενα
693 4443 735 4500 έπί
754 4445 818 4513 (έτει
835 4446 906 4513 cod.)
928 4445 1002 4500 πέντε
1018 4444 1086 4500 έτεοι
1101 4447 1181 4502 πλείω

41 4523 124 4581 λάσσω
140 4527 189 4592 έως
202 4529 245 4584 τοῦ
261 4531 322 4599 (εἰσ)
338 4529 421 4586 τέλεον
435 4531 568 4599 παρεδόθη
584 4528 603 4600 ῆ
616 4528 730 4586 Ἰουδαία
744 4532 788 4586 καί
803 4527 929 4599 ῦπόφορσς
942 4532 1014 4600 (hinc
1026 4531 1181 4584 restituenda

41 4609 89 4677 fulg.
106 4614 202 4682 νοείρι)
226 4611 312 4676 αῦτοές
333 4615 467 4684 γεγένηται
491 4615 648 4683 (τελεώτατα
670 4617 753 4686 deest)
776 4619 838 4668 ven.
859 4643 888 4656 -
924 4615 1182 4686 ταραττομένου

41 4707 66 4756 γε.
83 4725 112 4738 -·
146 4699 206 4752 lbid.
224 4700 387 4774 γεννηθέντος
402 4701 514 4774 Χριστοῦ
531 4702 594 4756 ven.
612 4729 647 4744 -·
681 4701 699 4756 λ.
713 4703 752 4756 10.
770 4719 813 4774 τε,
829 4711 888 4772 ροσε
903 4699 1033 4768 έλθάντοε,
1051 4719 1102 4758 σοι.
1117 4705 1179 4759 λὀα.
