<?xml version="1.0" encoding="UTF-8"?>
<!DOCTYPE html PUBLIC "-//W3C//DTD XHTML 1.0 Transitional//EN"
    "http://www.w3.org/TR/xhtml1/DTD/xhtml1-transitional.dtd">
<html xmlns="http://www.w3.org/1999/xhtml" xml:lang="en" lang="en">
 <head>
  <title>
</title>
<meta http-equiv="Content-Type" content="text/html;charset=utf-8" />
  <meta name='ocr-system' content='tesseract 3.04.00' />
  <meta name='ocr-capabilities' content='ocr_page ocr_carea ocr_par ocr_line ocrx_word'/>
</head>
<body>
  <div class='ocr_page' id='page_1' title='image "./corporishaerese00oehlgoog/corporishaerese00oehlgoog_0226.png"; bbox 0 0 3058 5014; ppageno 0'>
   <div class='ocr_carea' id='block_1_1' title="bbox 330 267 1234 333">
    <p class='ocr_par' dir='ltr' id='par_1_1' title="bbox 330 267 1234 333">
     <span class='ocr_line' id='line_1_1' title="bbox 330 267 1234 333; baseline 0.001 -4"><span class='ocrx_word' id='word_1_1' title='bbox 330 277 462 330; x_wconf 80' lang='lat' dir='ltr'>rununu</span> <span class='ocrx_word' id='word_1_2' title='bbox 481 279 543 330; x_wconf 84' lang='lat' dir='ltr'>ure.</span> <span class='ocrx_word' id='word_1_3' title='bbox 559 280 603 330; x_wconf 95' lang='grc' dir='ltr'>ιιι.</span> <span class='ocrx_word' id='word_1_4' title='bbox 620 279 700 332; x_wconf 83' lang='lat' dir='ltr'>rou.</span> <span class='ocrx_word' id='word_1_5' title='bbox 718 281 736 330; x_wconf 89' lang='lat'>1.</span> <span class='ocrx_word' id='word_1_6' title='bbox 754 278 852 330; x_wconf 81' lang='grc' dir='ltr'>ιιιιιι.</span> <span class='ocrx_word' id='word_1_7' title='bbox 865 277 985 330; x_wconf 80' lang='lat' dir='ltr'>uxxvn</span> <span class='ocrx_word' id='word_1_8' title='bbox 1171 267 1234 333; x_wconf 77' lang='lat' dir='ltr'>ets</span> 
     </span>
    </p>
   </div>
   <div class='ocr_carea' id='block_1_2' title="bbox 59 394 1253 4166">
    <p class='ocr_par' dir='ltr' id='par_1_2' title="bbox 79 394 1236 890">
     <span class='ocr_line' id='line_1_2' title="bbox 159 394 1236 484; baseline 0.001 -24"><span class='ocrx_word' id='word_1_9' title='bbox 159 397 240 460; x_wconf 81' lang='lat' dir='ltr'>xtll.</span> <span class='ocrx_word' id='word_1_10' title='bbox 262 394 297 464; x_wconf 89' lang='lat' dir='ltr'>Si</span> <span class='ocrx_word' id='word_1_11' title='bbox 313 398 443 480; x_wconf 80' lang='lat' dir='ltr'>ingenita</span> <span class='ocrx_word' id='word_1_12' title='bbox 469 410 572 462; x_wconf 89' lang='lat' dir='ltr'>natura</span> <span class='ocrx_word' id='word_1_13' title='bbox 591 397 739 483; x_wconf 88' lang='lat' dir='ltr'>praeditus</span> <span class='ocrx_word' id='word_1_14' title='bbox 758 400 829 464; x_wconf 85' lang='lat' dir='ltr'>deus</span> <span class='ocrx_word' id='word_1_15' title='bbox 847 397 1032 484; x_wconf 85' lang='lat' dir='ltr'>omnipotens</span> <span class='ocrx_word' id='word_1_16' title='bbox 1048 398 1167 482; x_wconf 80' lang='lat' dir='ltr'>genitas</span> <span class='ocrx_word' id='word_1_17' title='bbox 1183 419 1236 462; x_wconf 89' lang='lat' dir='ltr'>oa-</span> 
     </span>
     <span class='ocr_line' id='line_1_3' title="bbox 82 500 1234 584; baseline 0.003 -23"><span class='ocrx_word' id='word_1_18' title='bbox 82 509 160 562; x_wconf 85' lang='lat' dir='ltr'>torae</span> <span class='ocrx_word' id='word_1_19' title='bbox 178 500 373 564; x_wconf 88' lang='lat' dir='ltr'>eonditiouem</span> <span class='ocrx_word' id='word_1_20' title='bbox 391 500 421 563; x_wconf 91' lang='lat' dir='ltr'>in</span> <span class='ocrx_word' id='word_1_21' title='bbox 440 521 507 565; x_wconf 86' lang='lat' dir='ltr'>sese</span> <span class='ocrx_word' id='word_1_22' title='bbox 527 523 584 564; x_wconf 93' lang='lat' dir='ltr'>non</span> <span class='ocrx_word' id='word_1_23' title='bbox 602 502 755 584; x_wconf 84' lang='lat' dir='ltr'>agnoseit,</span> <span class='ocrx_word' id='word_1_24' title='bbox 780 501 854 564; x_wconf 83' lang='lat' dir='ltr'>fliius</span> <span class='ocrx_word' id='word_1_25' title='bbox 871 521 943 564; x_wconf 86' lang='lat' dir='ltr'>voro</span> <span class='ocrx_word' id='word_1_26' title='bbox 958 501 1086 584; x_wconf 83' lang='lat' dir='ltr'>genitam</span> <span class='ocrx_word' id='word_1_27' title='bbox 1102 513 1234 565; x_wconf 88' lang='lat' dir='ltr'>naturam</span> 
     </span>
     <span class='ocr_line' id='line_1_4' title="bbox 81 599 1235 688; baseline 0.003 -24"><span class='ocrx_word' id='word_1_28' title='bbox 81 599 187 664; x_wconf 86' lang='lat' dir='ltr'>babens</span> <span class='ocrx_word' id='word_1_29' title='bbox 206 601 348 666; x_wconf 88' lang='lat' dir='ltr'>eiusmodi</span> <span class='ocrx_word' id='word_1_30' title='bbox 366 624 399 666; x_wconf 86' lang='lat' dir='ltr'>se</span> <span class='ocrx_word' id='word_1_31' title='bbox 418 603 512 688; x_wconf 85' lang='lat' dir='ltr'>qualis</span> <span class='ocrx_word' id='word_1_32' title='bbox 531 614 577 666; x_wconf 87' lang='lat' dir='ltr'>est</span> <span class='ocrx_word' id='word_1_33' title='bbox 593 603 743 687; x_wconf 84' lang='lat' dir='ltr'>agnoseit,</span> <span class='ocrx_word' id='word_1_34' title='bbox 776 623 873 666; x_wconf 81' lang='lat' dir='ltr'>nonnae</span> <span class='ocrx_word' id='word_1_35' title='bbox 894 614 952 666; x_wconf 92' lang='lat' dir='ltr'>tota</span> <span class='ocrx_word' id='word_1_36' title='bbox 976 603 1023 665; x_wconf 85' lang='lat' dir='ltr'>iiia</span> <span class='ocrx_word' id='word_1_37' title='bbox 1042 603 1235 668; x_wconf 81' lang='lat' dir='ltr'>consubstan-</span> 
     </span>
     <span class='ocr_line' id='line_1_5' title="bbox 79 702 1236 790; baseline 0.004 -27"><span class='ocrx_word' id='word_1_38' title='bbox 79 702 153 768; x_wconf 88' lang='lat' dir='ltr'>tiaiis</span> <span class='ocrx_word' id='word_1_39' title='bbox 179 704 255 769; x_wconf 89' lang='lat' dir='ltr'>ratio</span> <span class='ocrx_word' id='word_1_40' title='bbox 277 705 406 769; x_wconf 81' lang='lat' dir='ltr'>mendax</span> <span class='ocrx_word' id='word_1_41' title='bbox 428 717 474 769; x_wconf 89' lang='lat' dir='ltr'>est</span> <span class='ocrx_word' id='word_1_42' title='bbox 497 726 532 768; x_wconf 83' lang='lat' dir='ltr'>ao</span> <span class='ocrx_word' id='word_1_43' title='bbox 554 705 645 784; x_wconf 80' lang='lat' dir='ltr'>falsa,</span> <span class='ocrx_word' id='word_1_44' title='bbox 678 727 742 769; x_wconf 93' lang='lat' dir='ltr'>oum</span> <span class='ocrx_word' id='word_1_45' title='bbox 763 705 838 770; x_wconf 87' lang='lat' dir='ltr'>alter</span> <span class='ocrx_word' id='word_1_46' title='bbox 855 705 1016 789; x_wconf 78' lang='lat' dir='ltr'>ingenitum</span> <span class='ocrx_word' id='word_1_47' title='bbox 1037 725 1123 784; x_wconf 87' lang='lat' dir='ltr'>sese,</span> <span class='ocrx_word' id='word_1_48' title='bbox 1152 705 1236 790; x_wconf 82' lang='lat' dir='ltr'>geui-</span> 
     </span>
     <span class='ocr_line' id='line_1_6' title="bbox 79 806 419 890; baseline 0.003 -22"><span class='ocrx_word' id='word_1_49' title='bbox 79 817 134 868; x_wconf 91' lang='lat' dir='ltr'>tum</span> <span class='ocrx_word' id='word_1_50' title='bbox 158 806 235 871; x_wconf 87' lang='lat' dir='ltr'>aiter</span> <span class='ocrx_word' id='word_1_51' title='bbox 255 809 419 890; x_wconf 82' lang='lat' dir='ltr'>agnosont‘i</span> 
     </span>
    </p>

    <p class='ocr_par' dir='ltr' id='par_1_3' title="bbox 74 906 1234 1382">
     <span class='ocr_line' id='line_1_7' title="bbox 156 906 1234 994; baseline 0.004 -24"><span class='ocrx_word' id='word_1_52' title='bbox 156 911 232 971; x_wconf 88' lang='lat' dir='ltr'>xtv.</span> <span class='ocrx_word' id='word_1_53' title='bbox 257 906 291 974; x_wconf 91' lang='lat' dir='ltr'>Si</span> <span class='ocrx_word' id='word_1_54' title='bbox 307 908 430 993; x_wconf 83' lang='lat' dir='ltr'>ingeniti</span> <span class='ocrx_word' id='word_1_55' title='bbox 448 931 509 974; x_wconf 82' lang='lat' dir='ltr'>vox</span> <span class='ocrx_word' id='word_1_56' title='bbox 527 911 572 973; x_wconf 90' lang='lat' dir='ltr'>dei</span> <span class='ocrx_word' id='word_1_57' title='bbox 588 909 778 974; x_wconf 88' lang='lat' dir='ltr'>substantiam</span> <span class='ocrx_word' id='word_1_58' title='bbox 796 909 913 973; x_wconf 90' lang='lat' dir='ltr'>minime</span> <span class='ocrx_word' id='word_1_59' title='bbox 931 909 1097 994; x_wconf 81' lang='lat' dir='ltr'>signifieat,</span> <span class='ocrx_word' id='word_1_60' title='bbox 1121 909 1173 974; x_wconf 87' lang='lat' dir='ltr'>sed</span> <span class='ocrx_word' id='word_1_61' title='bbox 1189 909 1234 974; x_wconf 93' lang='lat' dir='ltr'>in·</span> 
     </span>
     <span class='ocr_line' id='line_1_8' title="bbox 77 1011 1234 1097; baseline 0.003 -23"><span class='ocrx_word' id='word_1_62' title='bbox 77 1012 269 1097; x_wconf 75' lang='lat' dir='ltr'><strong>comparabile</strong></span> <span class='ocrx_word' id='word_1_63' title='bbox 286 1012 354 1075; x_wconf 84' lang='lat' dir='ltr'>ittno</span> <span class='ocrx_word' id='word_1_64' title='bbox 372 1032 478 1075; x_wconf 90' lang='lat' dir='ltr'>nomen</span> <span class='ocrx_word' id='word_1_65' title='bbox 499 1011 534 1074; x_wconf 87' lang='lat' dir='ltr'>nb</span> <span class='ocrx_word' id='word_1_66' title='bbox 550 1011 685 1076; x_wconf 91' lang='lat' dir='ltr'>bumnnis</span> <span class='ocrx_word' id='word_1_67' title='bbox 701 1011 827 1094; x_wconf 79' lang='lat' dir='ltr'>ingeniis</span> <span class='ocrx_word' id='word_1_68' title='bbox 845 1012 1043 1096; x_wconf 81' lang='lat' dir='ltr'>excogitatum</span> <span class='ocrx_word' id='word_1_69' title='bbox 1068 1022 1129 1090; x_wconf 82' lang='lat' dir='ltr'>est,</span> <span class='ocrx_word' id='word_1_70' title='bbox 1161 1013 1234 1078; x_wconf 89' lang='lat' dir='ltr'>deus</span> 
     </span>
     <span class='ocr_line' id='line_1_9' title="bbox 76 1113 1234 1199; baseline 0.001 -23"><span class='ocrx_word' id='word_1_71' title='bbox 76 1113 109 1176; x_wconf 87' lang='lat' dir='ltr'>ob</span> <span class='ocrx_word' id='word_1_72' title='bbox 132 1113 211 1177; x_wconf 90' lang='lat' dir='ltr'>istud</span> <span class='ocrx_word' id='word_1_73' title='bbox 233 1113 326 1199; x_wconf 87' lang='lat' dir='ltr'>ipsum</span> <span class='ocrx_word' id='word_1_74' title='bbox 350 1113 472 1197; x_wconf 84' lang='lat' dir='ltr'>ingeniti</span> <span class='ocrx_word' id='word_1_75' title='bbox 496 1123 690 1178; x_wconf 77' lang='lat' dir='ltr'>commentum</span> <span class='ocrx_word' id='word_1_76' title='bbox 713 1114 749 1176; x_wconf 94' lang='lat' dir='ltr'>iis</span> <span class='ocrx_word' id='word_1_77' title='bbox 772 1114 819 1198; x_wconf 94' lang='lat' dir='ltr'>qui</span> <span class='ocrx_word' id='word_1_78' title='bbox 838 1113 1003 1198; x_wconf 75' lang='lat' dir='ltr'>repererint</span> <span class='ocrx_word' id='word_1_79' title='bbox 1022 1113 1136 1197; x_wconf 84' lang='lat' dir='ltr'>gratiae</span> <span class='ocrx_word' id='word_1_80' title='bbox 1154 1113 1234 1177; x_wconf 92' lang='lat' dir='ltr'>debi-</span> 
     </span>
     <span class='ocr_line' id='line_1_10' title="bbox 76 1215 1234 1302; baseline 0.004 -25"><span class='ocrx_word' id='word_1_81' title='bbox 76 1226 118 1278; x_wconf 91' lang='lat' dir='ltr'>tor</span> <span class='ocrx_word' id='word_1_82' title='bbox 135 1226 196 1295; x_wconf 80' lang='lat' dir='ltr'>est,</span> <span class='ocrx_word' id='word_1_83' title='bbox 220 1237 286 1280; x_wconf 85' lang='lat' dir='ltr'>oum</span> <span class='ocrx_word' id='word_1_84' title='bbox 304 1226 384 1280; x_wconf 91' lang='lat' dir='ltr'>tanto</span> <span class='ocrx_word' id='word_1_85' title='bbox 400 1217 509 1281; x_wconf 91' lang='lat' dir='ltr'>nomini</span> <span class='ocrx_word' id='word_1_86' title='bbox 527 1217 751 1302; x_wconf 73' lang='lat' dir='ltr'>respondentem</span> <span class='ocrx_word' id='word_1_87' title='bbox 766 1215 971 1280; x_wconf 82' lang='lat' dir='ltr'>exeeiieotiam</span> <span class='ocrx_word' id='word_1_88' title='bbox 986 1216 1016 1278; x_wconf 94' lang='lat' dir='ltr'>in</span> <span class='ocrx_word' id='word_1_89' title='bbox 1034 1215 1164 1281; x_wconf 85' lang='lat' dir='ltr'>essentia</span> <span class='ocrx_word' id='word_1_90' title='bbox 1180 1237 1234 1282; x_wconf 88' lang='lat' dir='ltr'>sua</span> 
     </span>
     <span class='ocr_line' id='line_1_11' title="bbox 74 1317 274 1382; baseline 0.005 -2"><span class='ocrx_word' id='word_1_91' title='bbox 74 1339 129 1382; x_wconf 91' lang='lat' dir='ltr'>oon</span> <span class='ocrx_word' id='word_1_92' title='bbox 156 1317 274 1382; x_wconf 83' lang='lat' dir='ltr'>babeat.</span> 
     </span>
    </p>

    <p class='ocr_par' dir='ltr' id='par_1_4' title="bbox 73 1417 1234 1690">
     <span class='ocr_line' id='line_1_12' title="bbox 157 1417 1234 1504; baseline 0.003 -22"><span class='ocrx_word' id='word_1_93' title='bbox 157 1423 220 1484; x_wconf 90' lang='lat' dir='ltr'>XV.</span> <span class='ocrx_word' id='word_1_94' title='bbox 240 1417 275 1486; x_wconf 90' lang='lat' dir='ltr'>Si</span> <span class='ocrx_word' id='word_1_95' title='bbox 290 1421 411 1504; x_wconf 79' lang='lat' dir='ltr'>ingeniti</span> <span class='ocrx_word' id='word_1_96' title='bbox 431 1421 560 1484; x_wconf 78' lang='lat' dir='ltr'>conditio</span> <span class='ocrx_word' id='word_1_97' title='bbox 577 1421 631 1484; x_wconf 93' lang='lat' dir='ltr'>deo</span> <span class='ocrx_word' id='word_1_98' title='bbox 647 1419 834 1485; x_wconf 76' lang='lat' dir='ltr'>extrinsecus</span> <span class='ocrx_word' id='word_1_99' title='bbox 850 1419 1007 1504; x_wconf 83' lang='lat' dir='ltr'>affingitur,</span> <span class='ocrx_word' id='word_1_100' title='bbox 1032 1419 1079 1504; x_wconf 86' lang='lat' dir='ltr'>qui</span> <span class='ocrx_word' id='word_1_101' title='bbox 1094 1421 1234 1504; x_wconf 80' lang='lat' dir='ltr'>affingunt</span> 
     </span>
     <span class='ocr_line' id='line_1_13' title="bbox 73 1521 1232 1609; baseline 0.002 -24"><span class='ocrx_word' id='word_1_102' title='bbox 73 1522 97 1586; x_wconf 87' lang='lat' dir='ltr'>ei</span> <span class='ocrx_word' id='word_1_103' title='bbox 118 1523 178 1608; x_wconf 90' lang='lat' dir='ltr'>ipsi</span> <span class='ocrx_word' id='word_1_104' title='bbox 203 1523 249 1586; x_wconf 84' lang='lat' dir='ltr'>eui</span> <span class='ocrx_word' id='word_1_105' title='bbox 273 1524 419 1608; x_wconf 79' lang='lat' dir='ltr'>affingitur</span> <span class='ocrx_word' id='word_1_106' title='bbox 440 1522 635 1600; x_wconf 85' lang='lat' dir='ltr'>anteoeiiunt,</span> <span class='ocrx_word' id='word_1_107' title='bbox 667 1543 732 1586; x_wconf 88' lang='lat' dir='ltr'>oum</span> <span class='ocrx_word' id='word_1_108' title='bbox 750 1521 946 1606; x_wconf 67' lang='lat' dir='ltr'>praestantius</span> <span class='ocrx_word' id='word_1_109' title='bbox 960 1541 1045 1606; x_wconf 90' lang='lat' dir='ltr'>qnam</span> <span class='ocrx_word' id='word_1_110' title='bbox 1061 1533 1165 1588; x_wconf 89' lang='lat' dir='ltr'>natura</span> <span class='ocrx_word' id='word_1_111' title='bbox 1181 1545 1232 1609; x_wconf 91' lang='lat' dir='ltr'>pa·</span> 
     </span>
     <span class='ocr_line' id='line_1_14' title="bbox 73 1624 534 1690; baseline 0.002 -3"><span class='ocrx_word' id='word_1_112' title='bbox 73 1625 163 1688; x_wconf 86' lang='lat' dir='ltr'>tiator</span> <span class='ocrx_word' id='word_1_113' title='bbox 184 1624 212 1688; x_wconf 90' lang='lat' dir='ltr'>ei</span> <span class='ocrx_word' id='word_1_114' title='bbox 235 1646 341 1690; x_wconf 90' lang='lat' dir='ltr'>nomeu</span> <span class='ocrx_word' id='word_1_115' title='bbox 364 1625 534 1688; x_wconf 87' lang='lat' dir='ltr'>attribuant.</span> 
     </span>
    </p>

    <p class='ocr_par' dir='ltr' id='par_1_5' title="bbox 70 1724 1232 2018">
     <span class='ocr_line' id='line_1_15' title="bbox 155 1724 1232 1812; baseline 0.004 -24"><span class='ocrx_word' id='word_1_116' title='bbox 155 1729 233 1790; x_wconf 86' lang='lat' dir='ltr'>XVI.</span> <span class='ocrx_word' id='word_1_117' title='bbox 266 1724 300 1792; x_wconf 92' lang='lat' dir='ltr'>Si</span> <span class='ocrx_word' id='word_1_118' title='bbox 322 1727 452 1812; x_wconf 85' lang='lat' dir='ltr'>ingenita</span> <span class='ocrx_word' id='word_1_119' title='bbox 477 1738 581 1810; x_wconf 89' lang='lat' dir='ltr'>natura</span> <span class='ocrx_word' id='word_1_120' title='bbox 604 1725 792 1810; x_wconf 83' lang='lat' dir='ltr'>generationi</span> <span class='ocrx_word' id='word_1_121' title='bbox 817 1726 935 1790; x_wconf 85' lang='lat' dir='ltr'>minimo</span> <span class='ocrx_word' id='word_1_122' title='bbox 957 1726 1054 1807; x_wconf 79' lang='lat' dir='ltr'>aedit,</span> <span class='ocrx_word' id='word_1_123' title='bbox 1091 1727 1232 1792; x_wconf 90' lang='lat' dir='ltr'>babemus</span> 
     </span>
     <span class='ocr_line' id='line_1_16' title="bbox 70 1827 1232 1914; baseline 0.002 -22"><span class='ocrx_word' id='word_1_124' title='bbox 70 1831 145 1912; x_wconf 78' lang='lat' dir='ltr'>quod</span> <span class='ocrx_word' id='word_1_125' title='bbox 172 1830 317 1894; x_wconf 78' lang='lat' dir='ltr'>volomus.</span> <span class='ocrx_word' id='word_1_126' title='bbox 364 1827 418 1894; x_wconf 90' lang='lat' dir='ltr'>Sin</span> <span class='ocrx_word' id='word_1_127' title='bbox 443 1828 628 1914; x_wconf 81' lang='lat' dir='ltr'>generationi</span> <span class='ocrx_word' id='word_1_128' title='bbox 647 1829 749 1907; x_wconf 83' lang='lat' dir='ltr'>aedat,</span> <span class='ocrx_word' id='word_1_129' title='bbox 780 1828 982 1913; x_wconf 80' lang='lat' dir='ltr'>generationis</span> <span class='ocrx_word' id='word_1_130' title='bbox 998 1829 1170 1894; x_wconf 80' lang='lat' dir='ltr'>affectiones</span> <span class='ocrx_word' id='word_1_131' title='bbox 1189 1831 1232 1894; x_wconf 93' lang='lat' dir='ltr'>di-</span> 
     </span>
     <span class='ocr_line' id='line_1_17' title="bbox 70 1931 585 2018; baseline 0.002 -25"><span class='ocrx_word' id='word_1_132' title='bbox 70 1931 157 1997; x_wconf 82' lang='lat' dir='ltr'>vinae</span> <span class='ocrx_word' id='word_1_133' title='bbox 179 1931 363 1997; x_wconf 88' lang='lat' dir='ltr'>substantiae</span> <span class='ocrx_word' id='word_1_134' title='bbox 385 1931 585 2018; x_wconf 83' lang='lat' dir='ltr'>praestabunt.</span> 
     </span>
    </p>

    <p class='ocr_par' dir='ltr' id='par_1_6' title="bbox 68 2031 1232 2323">
     <span class='ocr_line' id='line_1_18' title="bbox 155 2031 1230 2119; baseline 0.003 -23"><span class='ocrx_word' id='word_1_135' title='bbox 155 2037 247 2098; x_wconf 87' lang='lat' dir='ltr'>xvu.</span> <span class='ocrx_word' id='word_1_136' title='bbox 272 2031 305 2099; x_wconf 91' lang='lat' dir='ltr'>Si</span> <span class='ocrx_word' id='word_1_137' title='bbox 321 2035 421 2119; x_wconf 82' lang='lat' dir='ltr'>genita</span> <span class='ocrx_word' id='word_1_138' title='bbox 445 2034 563 2099; x_wconf 88' lang='lat' dir='ltr'>soboles</span> <span class='ocrx_word' id='word_1_139' title='bbox 581 2044 685 2098; x_wconf 91' lang='lat' dir='ltr'>natura</span> <span class='ocrx_word' id='word_1_140' title='bbox 706 2034 743 2097; x_wconf 92' lang='lat' dir='ltr'>ob</span> <span class='ocrx_word' id='word_1_141' title='bbox 760 2043 950 2117; x_wconf 80' lang='lat' dir='ltr'>generantem</span> <span class='ocrx_word' id='word_1_142' title='bbox 967 2033 1155 2098; x_wconf 87' lang='lat' dir='ltr'>immutabilis</span> <span class='ocrx_word' id='word_1_143' title='bbox 1171 2045 1230 2114; x_wconf 91' lang='lat' dir='ltr'>est,</span> 
     </span>
     <span class='ocr_line' id='line_1_19' title="bbox 69 2134 1232 2222; baseline 0.002 -22"><span class='ocrx_word' id='word_1_144' title='bbox 69 2137 145 2219; x_wconf 83' lang='lat' dir='ltr'>quod</span> <span class='ocrx_word' id='word_1_145' title='bbox 163 2137 325 2222; x_wconf 77' lang='lat' dir='ltr'>ingenitum</span> <span class='ocrx_word' id='word_1_146' title='bbox 342 2148 388 2200; x_wconf 85' lang='lat' dir='ltr'>est</span> <span class='ocrx_word' id='word_1_147' title='bbox 407 2136 570 2200; x_wconf 82' lang='lat' dir='ltr'>substantia</span> <span class='ocrx_word' id='word_1_148' title='bbox 584 2136 726 2221; x_wconf 85' lang='lat' dir='ltr'>quaedam</span> <span class='ocrx_word' id='word_1_149' title='bbox 746 2134 932 2198; x_wconf 84' lang='lat' dir='ltr'>immutabilis</span> <span class='ocrx_word' id='word_1_150' title='bbox 949 2144 1007 2214; x_wconf 88' lang='lat' dir='ltr'>est,</span> <span class='ocrx_word' id='word_1_151' title='bbox 1033 2157 1091 2200; x_wconf 92' lang='lat' dir='ltr'>uon</span> <span class='ocrx_word' id='word_1_152' title='bbox 1108 2137 1232 2202; x_wconf 87' lang='lat' dir='ltr'>arbitrio</span> 
     </span>
     <span class='ocr_line' id='line_1_20' title="bbox 68 2236 1185 2323; baseline 0.004 -23"><span class='ocrx_word' id='word_1_153' title='bbox 68 2250 118 2302; x_wconf 90' lang='lat' dir='ltr'>aut</span> <span class='ocrx_word' id='word_1_154' title='bbox 136 2239 291 2304; x_wconf 85' lang='lat' dir='ltr'>voluntate</span> <span class='ocrx_word' id='word_1_155' title='bbox 307 2239 498 2323; x_wconf 76' lang='lat' dir='ltr'>cuiusquam,</span> <span class='ocrx_word' id='word_1_156' title='bbox 521 2240 573 2302; x_wconf 89' lang='lat' dir='ltr'>eed</span> <span class='ocrx_word' id='word_1_157' title='bbox 590 2237 678 2302; x_wconf 89' lang='lat' dir='ltr'>insita</span> <span class='ocrx_word' id='word_1_158' title='bbox 696 2238 816 2322; x_wconf 91' lang='lat' dir='ltr'>quadam</span> <span class='ocrx_word' id='word_1_159' title='bbox 834 2236 1014 2301; x_wconf 85' lang='lat' dir='ltr'>substantiae</span> <span class='ocrx_word' id='word_1_160' title='bbox 1033 2239 1185 2323; x_wconf 77' lang='lat' dir='ltr'>dignitate.</span> 
     </span>
    </p>

    <p class='ocr_par' dir='ltr' id='par_1_7' title="bbox 64 2338 1253 2836">
     <span class='ocr_line' id='line_1_21' title="bbox 152 2338 1232 2427; baseline 0.003 -23"><span class='ocrx_word' id='word_1_161' title='bbox 152 2343 261 2404; x_wconf 86' lang='lat' dir='ltr'>xvttt.</span> <span class='ocrx_word' id='word_1_162' title='bbox 284 2338 318 2405; x_wconf 90' lang='lat' dir='ltr'>Si</span> <span class='ocrx_word' id='word_1_163' title='bbox 335 2341 458 2427; x_wconf 81' lang='lat' dir='ltr'>ingeniti</span> <span class='ocrx_word' id='word_1_164' title='bbox 478 2363 537 2404; x_wconf 82' lang='lat' dir='ltr'>vox</span> <span class='ocrx_word' id='word_1_165' title='bbox 557 2341 750 2404; x_wconf 87' lang='lat' dir='ltr'>substantiam</span> <span class='ocrx_word' id='word_1_166' title='bbox 773 2338 928 2424; x_wconf 77' lang='lat' dir='ltr'>exprimit,</span> <span class='ocrx_word' id='word_1_167' title='bbox 953 2341 1059 2404; x_wconf 86' lang='lat' dir='ltr'>merito</span> <span class='ocrx_word' id='word_1_168' title='bbox 1081 2341 1117 2405; x_wconf 88' lang='lat' dir='ltr'>ab</span> <span class='ocrx_word' id='word_1_169' title='bbox 1139 2342 1232 2427; x_wconf 83' lang='lat' dir='ltr'>geniti</span> 
     </span>
     <span class='ocr_line' id='line_1_22' title="bbox 68 2441 1230 2528; baseline 0.002 -22"><span class='ocrx_word' id='word_1_170' title='bbox 68 2443 235 2506; x_wconf 83' lang='lat' dir='ltr'>substantia</span> <span class='ocrx_word' id='word_1_171' title='bbox 267 2444 348 2509; x_wconf 85' lang='lat' dir='ltr'>velut</span> <span class='ocrx_word' id='word_1_172' title='bbox 381 2443 540 2507; x_wconf 83' lang='lat' dir='ltr'>membrum</span> <span class='ocrx_word' id='word_1_173' title='bbox 564 2441 718 2507; x_wconf 84' lang='lat' dir='ltr'>divisionis</span> <span class='ocrx_word' id='word_1_174' title='bbox 743 2441 906 2528; x_wconf 92' lang='lat' dir='ltr'>oppositum</span> <span class='ocrx_word' id='word_1_175' title='bbox 932 2441 1121 2507; x_wconf 82' lang='lat' dir='ltr'>discernitur.</span> <span class='ocrx_word' id='word_1_176' title='bbox 1176 2441 1230 2509; x_wconf 93' lang='lat' dir='ltr'>Sin</span> 
     </span>
     <span class='ocr_line' id='line_1_23' title="bbox 67 2544 1228 2630; baseline 0.003 -23"><span class='ocrx_word' id='word_1_177' title='bbox 67 2557 167 2610; x_wconf 87' lang='lat' dir='ltr'>autem</span> <span class='ocrx_word' id='word_1_178' title='bbox 184 2545 255 2610; x_wconf 86' lang='lat' dir='ltr'>nibil</span> <span class='ocrx_word' id='word_1_179' title='bbox 270 2547 390 2612; x_wconf 91' lang='lat' dir='ltr'>omniuo</span> <span class='ocrx_word' id='word_1_180' title='bbox 406 2546 579 2612; x_wconf 80' lang='lat' dir='ltr'>vocabulum</span> <span class='ocrx_word' id='word_1_181' title='bbox 597 2546 666 2610; x_wconf 86' lang='lat' dir='ltr'>iilud</span> <span class='ocrx_word' id='word_1_182' title='bbox 688 2545 809 2630; x_wconf 84' lang='lat' dir='ltr'>ingeniti</span> <span class='ocrx_word' id='word_1_183' title='bbox 829 2545 994 2629; x_wconf 84' lang='lat' dir='ltr'>signifieat,</span> <span class='ocrx_word' id='word_1_184' title='bbox 1023 2544 1114 2609; x_wconf 89' lang='lat' dir='ltr'>multo</span> <span class='ocrx_word' id='word_1_185' title='bbox 1132 2545 1228 2611; x_wconf 86' lang='lat' dir='ltr'>miuus</span> 
     </span>
     <span class='ocr_line' id='line_1_24' title="bbox 65 2646 1253 2734; baseline 0.002 -22"><span class='ocrx_word' id='word_1_186' title='bbox 65 2648 158 2731; x_wconf 82' lang='lat' dir='ltr'>geniti</span> <span class='ocrx_word' id='word_1_187' title='bbox 175 2669 237 2713; x_wconf 85' lang='lat' dir='ltr'>vox</span> <span class='ocrx_word' id='word_1_188' title='bbox 251 2649 359 2734; x_wconf 82' lang='lat' dir='ltr'>aliquid</span> <span class='ocrx_word' id='word_1_189' title='bbox 377 2649 525 2734; x_wconf 85' lang='lat' dir='ltr'>exprimit.</span> <span class='ocrx_word' id='word_1_190' title='bbox 551 2646 633 2712; x_wconf 88' lang='lat' dir='ltr'>Nibil</span> <span class='ocrx_word' id='word_1_191' title='bbox 649 2658 747 2712; x_wconf 90' lang='lat' dir='ltr'>autem</span> <span class='ocrx_word' id='word_1_192' title='bbox 763 2648 909 2732; x_wconf 88' lang='lat' dir='ltr'>quomodo</span> <span class='ocrx_word' id='word_1_193' title='bbox 924 2647 1014 2713; x_wconf 85' lang='lat' dir='ltr'>nihilo</span> <span class='ocrx_word' id='word_1_194' title='bbox 1033 2649 1063 2712; x_wconf 93' lang='lat' dir='ltr'>in</span> <span class='ocrx_word' id='word_1_195' title='bbox 1082 2649 1228 2716; x_wconf 86' lang='lat' dir='ltr'>divisione</span> <span class='ocrx_word' id='word_1_196' title='bbox 1250 2695 1253 2702; x_wconf 85' lang='lat'>-</span> 
     </span>
     <span class='ocr_line' id='line_1_25' title="bbox 64 2749 276 2836; baseline -0.009 -22"><span class='ocrx_word' id='word_1_197' title='bbox 64 2749 276 2836; x_wconf 75' lang='lat' dir='ltr'>respondebit?</span> 
     </span>
    </p>

    <p class='ocr_par' dir='ltr' id='par_1_8' title="bbox 62 2849 1230 3346">
     <span class='ocr_line' id='line_1_26' title="bbox 149 2849 1227 2939; baseline 0 -23"><span class='ocrx_word' id='word_1_198' title='bbox 149 2855 231 2916; x_wconf 85' lang='lat' dir='ltr'>xtx.</span> <span class='ocrx_word' id='word_1_199' title='bbox 260 2849 347 2935; x_wconf 79' lang='lat' dir='ltr'>Quod</span> <span class='ocrx_word' id='word_1_200' title='bbox 369 2853 394 2916; x_wconf 91' lang='lat' dir='ltr'>si</span> <span class='ocrx_word' id='word_1_201' title='bbox 418 2852 481 2939; x_wconf 87' lang='lat' dir='ltr'>ipsa</span> <span class='ocrx_word' id='word_1_202' title='bbox 508 2851 631 2937; x_wconf 77' lang='lat' dir='ltr'>ingeniti</span> <span class='ocrx_word' id='word_1_203' title='bbox 656 2852 854 2937; x_wconf 85' lang='lat' dir='ltr'>pronuntiatio</span> <span class='ocrx_word' id='word_1_204' title='bbox 880 2853 1110 2938; x_wconf 88' lang='lat' dir='ltr'>pronuntiationi</span> <span class='ocrx_word' id='word_1_205' title='bbox 1135 2853 1227 2937; x_wconf 81' lang='lat' dir='ltr'>geniti</span> 
     </span>
     <span class='ocr_line' id='line_1_27' title="bbox 64 2953 1227 3041; baseline 0.001 -23"><span class='ocrx_word' id='word_1_206' title='bbox 64 2955 241 3040; x_wconf 87' lang='lat' dir='ltr'>opponitur,</span> <span class='ocrx_word' id='word_1_207' title='bbox 279 2976 345 3019; x_wconf 90' lang='lat' dir='ltr'>oum</span> <span class='ocrx_word' id='word_1_208' title='bbox 367 2956 527 3020; x_wconf 85' lang='lat' dir='ltr'>seeundum</span> <span class='ocrx_word' id='word_1_209' title='bbox 553 2955 817 3041; x_wconf 87' lang='lat' dir='ltr'>pronuntiationem</span> <span class='ocrx_word' id='word_1_210' title='bbox 845 2953 992 3026; x_wconf 84' lang='lat' dir='ltr'>sitentium</span> <span class='ocrx_word' id='word_1_211' title='bbox 1019 2953 1227 3040; x_wconf 89' lang='lat' dir='ltr'>subsequatur,</span> 
     </span>
     <span class='ocr_line' id='line_1_28' title="bbox 64 3053 1230 3142; baseline -0.001 -20"><span class='ocrx_word' id='word_1_212' title='bbox 64 3053 306 3122; x_wconf 85' lang='lat' dir='ltr'>Christianorum</span> <span class='ocrx_word' id='word_1_213' title='bbox 329 3077 397 3142; x_wconf 88' lang='lat' dir='ltr'>spes</span> <span class='ocrx_word' id='word_1_214' title='bbox 420 3059 506 3120; x_wconf 92' lang='lat' dir='ltr'>modo</span> <span class='ocrx_word' id='word_1_215' title='bbox 532 3057 660 3135; x_wconf 85' lang='lat' dir='ltr'>existet,</span> <span class='ocrx_word' id='word_1_216' title='bbox 690 3058 776 3122; x_wconf 91' lang='lat' dir='ltr'>modo</span> <span class='ocrx_word' id='word_1_217' title='bbox 801 3077 869 3121; x_wconf 88' lang='lat' dir='ltr'>esse</span> <span class='ocrx_word' id='word_1_218' title='bbox 892 3057 1023 3135; x_wconf 85' lang='lat' dir='ltr'>desinet,</span> <span class='ocrx_word' id='word_1_219' title='bbox 1058 3055 1230 3121; x_wconf 79' lang='lat' dir='ltr'>indiverso</span> 
     </span>
     <span class='ocr_line' id='line_1_29' title="bbox 63 3159 1228 3244; baseline 0 -22"><span class='ocrx_word' id='word_1_220' title='bbox 63 3159 306 3244; x_wconf 87' lang='lat' dir='ltr'>pronuntiatione</span> <span class='ocrx_word' id='word_1_221' title='bbox 322 3159 434 3243; x_wconf 89' lang='lat' dir='ltr'>posita,</span> <span class='ocrx_word' id='word_1_222' title='bbox 459 3181 517 3222; x_wconf 91' lang='lat' dir='ltr'>non</span> <span class='ocrx_word' id='word_1_223' title='bbox 534 3159 563 3222; x_wconf 94' lang='lat' dir='ltr'>in</span> <span class='ocrx_word' id='word_1_224' title='bbox 583 3159 712 3238; x_wconf 87' lang='lat' dir='ltr'>naturis,</span> <span class='ocrx_word' id='word_1_225' title='bbox 737 3181 812 3244; x_wconf 87' lang='lat' dir='ltr'>quae</span> <span class='ocrx_word' id='word_1_226' title='bbox 836 3160 875 3223; x_wconf 91' lang='lat' dir='ltr'>ita</span> <span class='ocrx_word' id='word_1_227' title='bbox 893 3181 961 3224; x_wconf 88' lang='lat' dir='ltr'>sese</span> <span class='ocrx_word' id='word_1_228' title='bbox 983 3159 1110 3224; x_wconf 89' lang='lat' dir='ltr'>babeant</span> <span class='ocrx_word' id='word_1_229' title='bbox 1128 3180 1228 3244; x_wconf 87' lang='lat' dir='ltr'>quem-</span> 
     </span>
     <span class='ocr_line' id='line_1_30' title="bbox 62 3260 840 3346; baseline 0.001 -22"><span class='ocrx_word' id='word_1_230' title='bbox 62 3263 222 3326; x_wconf 90' lang='lat' dir='ltr'>admodum</span> <span class='ocrx_word' id='word_1_231' title='bbox 245 3262 392 3325; x_wconf 90' lang='lat' dir='ltr'>nomiuum</span> <span class='ocrx_word' id='word_1_232' title='bbox 415 3261 479 3346; x_wconf 92' lang='lat' dir='ltr'>ipsa</span> <span class='ocrx_word' id='word_1_233' title='bbox 501 3260 676 3344; x_wconf 79' lang='lat' dir='ltr'>significatio</span> <span class='ocrx_word' id='word_1_234' title='bbox 699 3261 840 3325; x_wconf 77' lang='lat' dir='ltr'>declarat.</span> 
     </span>
    </p>

    <p class='ocr_par' dir='ltr' id='par_1_9' title="bbox 59 3361 1227 3756">
     <span class='ocr_line' id='line_1_31' title="bbox 148 3361 1227 3450; baseline -0.001 -22"><span class='ocrx_word' id='word_1_235' title='bbox 148 3365 217 3428; x_wconf 90' lang='lat' dir='ltr'>XX.</span> <span class='ocrx_word' id='word_1_236' title='bbox 240 3361 274 3429; x_wconf 91' lang='lat' dir='ltr'>Si</span> <span class='ocrx_word' id='word_1_237' title='bbox 292 3364 452 3448; x_wconf 81' lang='lat' dir='ltr'>iigenitum</span> <span class='ocrx_word' id='word_1_238' title='bbox 473 3362 542 3426; x_wconf 80' lang='lat' dir='ltr'>nibil</span> <span class='ocrx_word' id='word_1_239' title='bbox 561 3363 597 3426; x_wconf 91' lang='lat' dir='ltr'>ad</span> <span class='ocrx_word' id='word_1_240' title='bbox 619 3363 800 3427; x_wconf 87' lang='lat' dir='ltr'>substantiae</span> <span class='ocrx_word' id='word_1_241' title='bbox 819 3363 987 3450; x_wconf 76' lang='lat' dir='ltr'>dignitatem</span> <span class='ocrx_word' id='word_1_242' title='bbox 1013 3363 1137 3448; x_wconf 89' lang='lat' dir='ltr'>amplius</span> <span class='ocrx_word' id='word_1_243' title='bbox 1156 3386 1227 3428; x_wconf 90' lang='lat' dir='ltr'>ooo-</span> 
     </span>
     <span class='ocr_line' id='line_1_32' title="bbox 63 3465 1227 3553; baseline 0.001 -23"><span class='ocrx_word' id='word_1_244' title='bbox 63 3469 120 3530; x_wconf 86' lang='lat' dir='ltr'>iert</span> <span class='ocrx_word' id='word_1_245' title='bbox 151 3485 240 3551; x_wconf 87' lang='lat' dir='ltr'>qnam</span> <span class='ocrx_word' id='word_1_246' title='bbox 274 3465 423 3550; x_wconf 81' lang='lat' dir='ltr'>genitum,</span> <span class='ocrx_word' id='word_1_247' title='bbox 465 3466 539 3530; x_wconf 85' lang='lat' dir='ltr'>titius</span> <span class='ocrx_word' id='word_1_248' title='bbox 563 3465 627 3530; x_wconf 89' lang='lat' dir='ltr'>sola</span> <span class='ocrx_word' id='word_1_249' title='bbox 651 3465 786 3530; x_wconf 85' lang='lat' dir='ltr'>voeabuii</span> <span class='ocrx_word' id='word_1_250' title='bbox 810 3465 1048 3550; x_wconf 89' lang='lat' dir='ltr'>pronuntiatione</span> <span class='ocrx_word' id='word_1_251' title='bbox 1071 3477 1227 3553; x_wconf 84' lang='lat' dir='ltr'>superatne</span> 
     </span>
     <span class='ocr_line' id='line_1_33' title="bbox 61 3567 1226 3654; baseline -0.001 -20"><span class='ocrx_word' id='word_1_252' title='bbox 61 3569 299 3654; x_wconf 86' lang='lat' dir='ltr'>praestantiores</span> <span class='ocrx_word' id='word_1_253' title='bbox 316 3589 384 3632; x_wconf 87' lang='lat' dir='ltr'>sese</span> <span class='ocrx_word' id='word_1_254' title='bbox 399 3567 579 3653; x_wconf 82' lang='lat' dir='ltr'>appellantes</span> <span class='ocrx_word' id='word_1_255' title='bbox 598 3567 678 3652; x_wconf 87' lang='lat' dir='ltr'>ipsos</span> <span class='ocrx_word' id='word_1_256' title='bbox 696 3580 857 3652; x_wconf 84' lang='lat' dir='ltr'>agnoscet,</span> <span class='ocrx_word' id='word_1_257' title='bbox 891 3591 949 3633; x_wconf 91' lang='lat' dir='ltr'>non</span> <span class='ocrx_word' id='word_1_258' title='bbox 971 3591 1037 3634; x_wconf 89' lang='lat' dir='ltr'>eum</span> <span class='ocrx_word' id='word_1_259' title='bbox 1064 3569 1113 3654; x_wconf 89' lang='lat' dir='ltr'>qui</span> <span class='ocrx_word' id='word_1_260' title='bbox 1134 3570 1226 3654; x_wconf 86' lang='lat' dir='ltr'>ipsius</span> 
     </span>
     <span class='ocr_line' id='line_1_34' title="bbox 59 3670 491 3756; baseline -0.005 -22"><span class='ocrx_word' id='word_1_261' title='bbox 59 3672 137 3736; x_wconf 86' lang='lat' dir='ltr'>deus</span> <span class='ocrx_word' id='word_1_262' title='bbox 161 3670 323 3756; x_wconf 80' lang='lat' dir='ltr'>appellatur</span> <span class='ocrx_word' id='word_1_263' title='bbox 344 3681 374 3734; x_wconf 89' lang='lat' dir='ltr'>et</span> <span class='ocrx_word' id='word_1_264' title='bbox 397 3680 491 3755; x_wconf 88' lang='lat' dir='ltr'>pater.</span> 
     </span>
    </p>

    <p class='ocr_par' dir='ltr' id='par_1_10' title="bbox 60 3768 1227 4166">
     <span class='ocr_line' id='line_1_35' title="bbox 148 3768 1227 3858; baseline 0.002 -22"><span class='ocrx_word' id='word_1_265' title='bbox 148 3774 229 3836; x_wconf 85' lang='lat' dir='ltr'>xxt.</span> <span class='ocrx_word' id='word_1_266' title='bbox 243 3768 279 3836; x_wconf 87' lang='lat' dir='ltr'>Si</span> <span class='ocrx_word' id='word_1_267' title='bbox 294 3773 424 3858; x_wconf 85' lang='lat' dir='ltr'>ingenita</span> <span class='ocrx_word' id='word_1_268' title='bbox 441 3770 604 3837; x_wconf 87' lang='lat' dir='ltr'>substantia</span> <span class='ocrx_word' id='word_1_269' title='bbox 619 3773 803 3855; x_wconf 76' lang='lat' dir='ltr'>generationi</span> <span class='ocrx_word' id='word_1_270' title='bbox 820 3785 961 3858; x_wconf 86' lang='lat' dir='ltr'>praestat,</span> <span class='ocrx_word' id='word_1_271' title='bbox 980 3775 1096 3838; x_wconf 88' lang='lat' dir='ltr'>insitam</span> <span class='ocrx_word' id='word_1_272' title='bbox 1111 3773 1142 3836; x_wconf 91' lang='lat' dir='ltr'>in</span> <span class='ocrx_word' id='word_1_273' title='bbox 1158 3791 1227 3838; x_wconf 82' lang='lat' dir='ltr'>sese</span> 
     </span>
     <span class='ocr_line' id='line_1_36' title="bbox 61 3873 1225 3961; baseline 0.003 -24"><span class='ocrx_word' id='word_1_274' title='bbox 61 3875 177 3939; x_wconf 88' lang='lat' dir='ltr'>babens</span> <span class='ocrx_word' id='word_1_275' title='bbox 202 3875 423 3954; x_wconf 80' lang='lat' dir='ltr'>exneiientiam,</span> <span class='ocrx_word' id='word_1_276' title='bbox 448 3884 550 3960; x_wconf 89' lang='lat' dir='ltr'>suapte</span> <span class='ocrx_word' id='word_1_277' title='bbox 568 3884 671 3937; x_wconf 89' lang='lat' dir='ltr'>natura</span> <span class='ocrx_word' id='word_1_278' title='bbox 687 3875 816 3959; x_wconf 76' lang='lat' dir='ltr'>ingenita</span> <span class='ocrx_word' id='word_1_279' title='bbox 834 3887 880 3940; x_wconf 87' lang='lat' dir='ltr'>est</span> <span class='ocrx_word' id='word_1_280' title='bbox 897 3877 1072 3941; x_wconf 91' lang='lat' dir='ltr'>substantia.</span> <span class='ocrx_word' id='word_1_281' title='bbox 1118 3873 1225 3961; x_wconf 89' lang='lat' dir='ltr'>Neque</span> 
     </span>
     <span class='ocr_line' id='line_1_37' title="bbox 60 3976 1224 4063; baseline 0.002 -25"><span class='ocrx_word' id='word_1_282' title='bbox 60 3978 142 4040; x_wconf 84' lang='lat' dir='ltr'>enim</span> <span class='ocrx_word' id='word_1_283' title='bbox 166 3977 212 4040; x_wconf 87' lang='lat' dir='ltr'>eui</span> <span class='ocrx_word' id='word_1_284' title='bbox 236 3976 348 4040; x_wconf 89' lang='lat' dir='ltr'>libitum</span> <span class='ocrx_word' id='word_1_285' title='bbox 371 3989 417 4041; x_wconf 88' lang='lat' dir='ltr'>est</span> <span class='ocrx_word' id='word_1_286' title='bbox 437 3999 489 4063; x_wconf 91' lang='lat' dir='ltr'>pro</span> <span class='ocrx_word' id='word_1_287' title='bbox 510 3979 641 4057; x_wconf 88' lang='lat' dir='ltr'>eoquod</span> <span class='ocrx_word' id='word_1_288' title='bbox 663 3976 775 4041; x_wconf 91' lang='lat' dir='ltr'>libitum</span> <span class='ocrx_word' id='word_1_289' title='bbox 794 3989 841 4041; x_wconf 93' lang='lat' dir='ltr'>est</span> <span class='ocrx_word' id='word_1_290' title='bbox 860 3979 1043 4062; x_wconf 83' lang='lat' dir='ltr'>generationi</span> <span class='ocrx_word' id='word_1_291' title='bbox 1062 3977 1224 4059; x_wconf 86' lang='lat' dir='ltr'>anteoeiiit,</span> 
     </span>
     <span class='ocr_line' id='line_1_38' title="bbox 61 4076 1224 4166; baseline 0.003 -24"><span class='ocrx_word' id='word_1_292' title='bbox 61 4081 114 4143; x_wconf 88' lang='lat' dir='ltr'>sed</span> <span class='ocrx_word' id='word_1_293' title='bbox 134 4079 212 4164; x_wconf 90' lang='lat' dir='ltr'>quod</span> <span class='ocrx_word' id='word_1_294' title='bbox 230 4079 270 4142; x_wconf 87' lang='lat' dir='ltr'>ita</span> <span class='ocrx_word' id='word_1_295' title='bbox 285 4090 389 4142; x_wconf 89' lang='lat' dir='ltr'>natura</span> <span class='ocrx_word' id='word_1_296' title='bbox 407 4088 590 4164; x_wconf 82' lang='lat' dir='ltr'>comparatus</span> <span class='ocrx_word' id='word_1_297' title='bbox 607 4089 663 4142; x_wconf 83' lang='lat' dir='ltr'>est.</span> <span class='ocrx_word' id='word_1_298' title='bbox 711 4076 813 4162; x_wconf 80' lang='lat' dir='ltr'>Quare</span> <span class='ocrx_word' id='word_1_299' title='bbox 836 4100 900 4142; x_wconf 88' lang='lat' dir='ltr'>num</span> <span class='ocrx_word' id='word_1_300' title='bbox 927 4083 998 4143; x_wconf 88' lang='lat' dir='ltr'>deus</span> <span class='ocrx_word' id='word_1_301' title='bbox 1018 4101 1070 4166; x_wconf 88' lang='lat' dir='ltr'>per</span> <span class='ocrx_word' id='word_1_302' title='bbox 1091 4100 1160 4145; x_wconf 89' lang='lat' dir='ltr'>sese</span> <span class='ocrx_word' id='word_1_303' title='bbox 1179 4079 1224 4146; x_wconf 89' lang='lat' dir='ltr'>in·</span> 
     </span>
    </p>
   </div>
   <div class='ocr_carea' id='block_1_3' title="bbox 59 4245 1223 4508">
    <p class='ocr_par' dir='ltr' id='par_1_11' title="bbox 95 4245 961 4318">
     <span class='ocr_line' id='line_1_39' title="bbox 95 4245 961 4318; baseline -0.002 -16"><span class='ocrx_word' id='word_1_304' title='bbox 95 4249 139 4302; x_wconf 78' lang='lat'>37.</span> <span class='ocrx_word' id='word_1_305' title='bbox 151 4245 280 4318; x_wconf 77' lang='lat' dir='ltr'>dnopopdu</span> <span class='ocrx_word' id='word_1_306' title='bbox 293 4253 378 4300; x_wconf 83' lang='lat' dir='ltr'>otta&#39;um</span> <span class='ocrx_word' id='word_1_307' title='bbox 391 4255 424 4302; x_wconf 80' lang='lat' dir='ltr'>eat</span> <span class='ocrx_word' id='word_1_308' title='bbox 439 4251 476 4301; x_wconf 85' lang='lat' dir='ltr'>ed.</span> <span class='ocrx_word' id='word_1_309' title='bbox 488 4253 568 4302; x_wconf 79' lang='lat' dir='ltr'>Petno.</span> <span class='ocrx_word' id='word_1_310' title='bbox 582 4251 626 4300; x_wconf 81' lang='lat' dir='ltr'>Ga·</span> <span class='ocrx_word' id='word_1_311' title='bbox 694 4245 735 4301; x_wconf 72' lang='lat'>40.</span> <span class='ocrx_word' id='word_1_312' title='bbox 752 4247 870 4316; x_wconf 77' lang='grc' dir='ltr'>γιιιητόι</span> <span class='ocrx_word' id='word_1_313' title='bbox 888 4251 961 4314; x_wconf 65' lang='grc' dir='ltr'>ιἰιῖια.</span> 
     </span>
    </p>

    <p class='ocr_par' dir='ltr' id='par_1_12' title="bbox 59 4311 1223 4508">
     <span class='ocr_line' id='line_1_40' title="bbox 59 4311 1020 4384; baseline 0.002 -16"><span class='ocrx_word' id='word_1_314' title='bbox 59 4321 108 4368; x_wconf 67' lang='lat' dir='ltr'>nn</span> <span class='ocrx_word' id='word_1_315' title='bbox 127 4323 199 4381; x_wconf 72' lang='grc' dir='ltr'>ηριι</span> <span class='ocrx_word' id='word_1_316' title='bbox 694 4313 735 4368; x_wconf 83' lang='grc' dir='ltr'>ιι.</span> <span class='ocrx_word' id='word_1_317' title='bbox 752 4311 771 4384; x_wconf 63' lang='lat' dir='ltr'>at</span> <span class='ocrx_word' id='word_1_318' title='bbox 789 4333 834 4368; x_wconf 78' lang='lat' dir='ltr'>om.</span> <span class='ocrx_word' id='word_1_319' title='bbox 852 4320 904 4369; x_wconf 70' lang='lat' dir='ltr'>aaa.</span> <span class='ocrx_word' id='word_1_320' title='bbox 922 4321 1020 4383; x_wconf 58' lang='lat' dir='ltr'>emata.</span> 
     </span>
     <span class='ocr_line' id='line_1_41' title="bbox 94 4380 1223 4455; baseline 0.007 -18"><span class='ocrx_word' id='word_1_321' title='bbox 94 4385 139 4437; x_wconf 74' lang='grc'>38.</span> <span class='ocrx_word' id='word_1_322' title='bbox 157 4380 274 4455; x_wconf 74' lang='grc' dir='ltr'>διαφόρῳ</span> <span class='ocrx_word' id='word_1_323' title='bbox 292 4389 357 4438; x_wconf 81' lang='lat' dir='ltr'>obeat</span> <span class='ocrx_word' id='word_1_324' title='bbox 373 4388 445 4449; x_wconf 70' lang='lat' dir='ltr'>tntae.</span> <span class='ocrx_word' id='word_1_325' title='bbox 694 4381 734 4434; x_wconf 76' lang='lat' dir='ltr'>tn.</span> <span class='ocrx_word' id='word_1_326' title='bbox 752 4387 788 4437; x_wconf 83' lang='lat' dir='ltr'>ita</span> <span class='ocrx_word' id='word_1_327' title='bbox 806 4387 878 4451; x_wconf 71' lang='lat' dir='ltr'>infra.</span> <span class='ocrx_word' id='word_1_328' title='bbox 914 4389 987 4454; x_wconf 80' lang='lat' dir='ltr'>Vutpo</span> <span class='ocrx_word' id='word_1_329' title='bbox 1007 4393 1071 4440; x_wconf 70' lang='lat' dir='ltr'>aetat</span> <span class='ocrx_word' id='word_1_330' title='bbox 1088 4382 1160 4454; x_wconf 76' lang='lat' dir='ltr'>oded,</span> <span class='ocrx_word' id='word_1_331' title='bbox 1178 4383 1223 4446; x_wconf 78' lang='grc' dir='ltr'>ου’·</span> 
     </span>
     <span class='ocr_line' id='line_1_42' title="bbox 95 4449 713 4508; baseline -0.005 -3"><span class='ocrx_word' id='word_1_332' title='bbox 95 4450 139 4505; x_wconf 81' lang='lat'>39.</span> <span class='ocrx_word' id='word_1_333' title='bbox 157 4449 172 4507; x_wconf 86' lang='lat' dir='ltr'>o&#39;</span> <span class='ocrx_word' id='word_1_334' title='bbox 187 4457 268 4506; x_wconf 80' lang='lat' dir='ltr'>vitiose</span> <span class='ocrx_word' id='word_1_335' title='bbox 285 4461 317 4506; x_wconf 78' lang='lat' dir='ltr'>est</span> <span class='ocrx_word' id='word_1_336' title='bbox 336 4457 361 4506; x_wconf 82' lang='lat' dir='ltr'>tn</span> <span class='ocrx_word' id='word_1_337' title='bbox 385 4455 420 4506; x_wconf 77' lang='lat' dir='ltr'>ed</span> <span class='ocrx_word' id='word_1_338' title='bbox 441 4456 522 4507; x_wconf 78' lang='lat' dir='ltr'>Petnu.</span> <span class='ocrx_word' id='word_1_339' title='bbox 549 4457 627 4508; x_wconf 79' lang='lat' dir='ltr'>Coton.</span> <span class='ocrx_word' id='word_1_340' title='bbox 662 4453 713 4508; x_wconf 80' lang='grc' dir='ltr'>σια.</span> 
     </span>
    </p>
   </div>
   <div class='ocr_carea' id='block_1_4' title="bbox 59 4527 134 4588">
    <p class='ocr_par' dir='ltr' id='par_1_13' title="bbox 59 4527 134 4588">
     <span class='ocr_line' id='line_1_43' title="bbox 59 4527 134 4588; baseline 0 0"><span class='ocrx_word' id='word_1_341' title='bbox 59 4527 134 4588; x_wconf 73' lang='lat' dir='ltr'>repet</span> 
     </span>
    </p>
   </div>
   <div class='ocr_carea' id='block_1_5' title="bbox 0 0 1534 5014">
    <p class='ocr_par' dir='ltr' id='par_1_14' title="bbox 0 0 1534 5014">
     <span class='ocr_line' id='line_1_44' title="bbox 0 0 1534 5014; baseline 0 7"><span class='ocrx_word' id='word_1_342' title='bbox 0 0 1534 5014; x_wconf 95' lang='lat' dir='ltr'> </span> 
     </span>
    </p>
   </div>
  </div>
 </body>
</html>
