3066 5016
304 301 440 356 nuuuan
457 303 522 354 aas.
536 303 579 354 nr.
594 301 676 354 nom.
690 301 723 352 n.
742 301 844 356 uana.
858 301 983 352 mxxix.
1162 285 1224 348 tat

72 433 98 486 lt
113 422 261 502 narravit,
286 427 437 504 Ingressus
453 435 511 498 est,
537 423 648 508 inquit,
678 425 717 483 ad
727 425 943 502 prophetissam.
992 418 1107 504 Quibus
1123 417 1224 483 verbis
1236 428 1355 488 statut.

72 523 218 590 Gabrielis
246 526 398 589 introitum
428 527 464 589 ad
492 525 638 610 virginem
670 524 818 602 declarat,
854 523 991 586 eulasia
1016 522 1171 606 evangelio
1194 521 1227 584 dl

70 628 196 706 montiae
228 628 276 712 qui
300 628 516 712 quidemodeo
534 632 710 700 accenseat,
742 625 1175 691 utunicideillliiadvcntum
1194 623 1224 686 in
1258 627 1315 674 1⁶³⁶·
1330 627 1351 672 1·

68 731 294 794 hancmuudam
316 743 346 793 et
369 741 465 794 ortam
491 750 531 794 ex
555 727 653 792 Maria
678 727 839 793 nuntiaret.
885 731 1083 808 Eteoneepit,
1117 723 1360 810 inplumes

69 847 97 896 et
107 837 219 914 peperit
230 835 346 914 filium.-
368 845 397 894 et
413 835 684 895 carcamusas
696 853 754 905 me,
781 835 855 892 idea
873 853 971 893 noman
989 835 1064 903 eoba,
1090 834 1145 891 et’to
1161 850 1226 909 spa-

69 940 107 998 lia
122 937 256 1009 moade,
291 940 422 998 celeriter
443 939 601 1017 praedare:
635 946 784 1016 antequam
807 939 885 996 norit
900 955 975 1014 puer
1001 953 1102 994 uacare
1114 943 1227 1012 patrem

69 1051 95 1100 et
111 1049 244 1112 monem,
278 1040 428 1119 occupabit
444 1043 519 1100 oties
540 1042 688 1113 Damasei,
720 1040 854 1118 atspoblu
870 1041 1018 1098 Samariae
1035 1045 1092 1098 cla.
1140 1030 1228 1116 Quae

69 1141 165 1204 omnia
182 1141 309 1204 nondum
327 1141 445 1226 impleta
466 1141 598 1217 lucrant,
624 1153 711 1224 atque
729 1140 758 1202 in
777 1139 836 1203 lilio
852 1139 899 1202 dei
917 1149 981 1223 post
998 1158 1093 1202 annuos
1109 1135 1229 1199 circiter

68 1243 145 1306 mille
168 1263 203 1306 ac
225 1253 386 1306 sexcentos
412 1243 510 1328 perlici
536 1242 692 1306 debebant.
738 1238 840 1324 Quare
865 1262 939 1326 quae
958 1251 1023 1326 post
1045 1250 1088 1303 tot
1103 1257 1230 1322 genera·

69 1347 163 1410 danes
189 1356 331 1409 eventura
353 1343 420 1410 clim
448 1355 550 1421 erant,
582 1345 702 1428 perinde
725 1366 760 1407 ac
783 1344 808 1407 si
828 1344 903 1408 lacta
924 1344 981 1406 iam
1006 1354 1124 1421 essent,
1162 1361 1229 1426 pro-

68 1449 154 1534 pbeta
177 1449 328 1512 cernebat.
383 1445 463 1513 Num
486 1448 578 1532 igilur
600 1445 782 1510 metudaaium
807 1446 876 1508 illud
907 1447 989 1509 erati
1010 1443 1227 1529 .Ncquaquam

67 1571 170 1615 venam
190 1551 266 1634 quod
289 1551 407 1616 divinae
425 1549 629 1637 providentiae
652 1549 776 1613 consilia
798 1548 958 1632 gerendum
977 1560 1007 1612 et
1022 1548 1230 1612 administran-

69 1653 132 1716 dum
153 1663 237 1731 erat,
266 1655 350 1737 *quasi
374 1655 534 1739 perlectum
555 1652 611 1716 iam
627 1663 726 1730 esset,
759 1649 926 1716 certissime
952 1651 1157 1728 nuntiabatur,
1193 1669 1230 1714 nc

68 1775 125 1818 ιιοιι
143 1755 263 1818 veritati
281 1756 355 1819 fides
378 1755 555 1834 haberetur,
588 1773 663 1818 neve
688 1756 723 1817 ad
744 1766 801 1818 tam
819 1755 993 1840 stupendum
1014 1766 1043 1818 et
1058 1754 1230 1818 inusitatum

69 1857 260 1942 mysterium,
291 1859 367 1942 quod
384 1857 538 1942 aliqnando
561 1858 689 1920 laturum
711 1869 792 1935 erat,
826 1857 984 1942 prophelae
1002 1857 1117 1922 altimus
1133 1855 1231 1920 baesi-

67 1969 155 2023 larct.
202 1957 313 2026 Nonne
338 1959 509 2025 vaticinium
535 1959 604 2023 illud
630 1959 841 2025 animadvertis
866 1962 942 2044 quod
970 1961 1109 2045 deinceps
1132 1959 1231 2024 subte-

66 2066 132 2129 xuit
149 2063 274 2144 Esaias,
307 2085 372 2127 cnm
392 2063 431 2126 ila
453 2063 598 2147 loquitur,
634 2066 776 2143 Tanquam
803 2066 863 2124 οιιιί
883 2067 922 2124 ad
939 2067 1104 2126 occassionem
1126 2067 1229 2124 duatus
1242 2069 1305 2118 But
1313 2067 1396 2125 emt..

67 2181 124 2243 est,
160 2181 190 2230 et
208 2179 243 2229 ut
256 2187 351 2246 agnae
375 2174 471 2227 corant
494 2169 625 2228 tondente
644 2166 785 2228 obmutuit
791 2210 799 2239 ‚
835 2171 877 2227 se'e
894 2187 949 2227 non
972 2170 1066 2246 aperit
1081 2185 1113 2226 os
1128 2185 1228 2226 suamc

63 2275 276 2350 generationem
293 2273 354 2330 etius
373 2289 464 2349 porro
487 2272 551 2349 qat‘s
566 2269 735 2330 emanabit?
762 2272 893 2348 quantiam
918 2271 1030 2330 tollitur
1047 2291 1062 2330 e
1077 2280 1155 2330 tarra
1172 2271 1231 2328 oo'ta

66 2378 174 2454 opscus,
200 2385 228 2434 et
243 2374 316 2434 dado
334 2373 459 2432 domabas
474 2391 592 2452 nequam
606 2391 663 2450 pro
683 2373 830 2451 amnltara
848 2375 930 2432 eius?
974 2367 1066 2434 Vides
1085 2380 1117 2434 ut
1132 2370 1232 2455 priora

67 2474 235 2559 posteriore
252 2474 317 2537 loco
335 2483 453 2549 narret,
487 2482 517 2534 ct
533 2471 698 2556 posteriora
722 2483 858 2557 tauquam
885 2473 942 2536 iam
968 2472 1119 2538 laetasint
1141 2493 1231 2556 expo-

67 2589 130 2640 nat.
180 2581 325 2657 Tanquam
350 2579 427 2647 ocos,
461 2574 573 2658 inquit,
605 2579 644 2636 ad
659 2578 825 2636 curbionem
841 2579 943 2637 ductus
966 2587 1024 2653 eat,-
1057 2576 1133 2660 quud
1151 2576 1232 2640 velut

65 2680 260 2764 praeteritam
275 2677 472 2761 significatur.
516 2675 587 2740 Non
604 2679 682 2740 euim
699 2678 787 2756 dixit,
811 2682 949 2740 Duaetur.
996 2679 1087 2762 Atqui
1102 2678 1230 2741 nondum

67 2783 174 2846 doctas
199 2781 249 2844 ille
277 2782 374 2844 luerat
395 2780 430 2842 de
457 2800 514 2864 qno
534 2779 750 2844 vaticinabatur
776 2779 902 2859 Esaias,
937 2791 968 2843 et
985 2791 1082 2845 lamen
1102 2801 1151 2845 res
1167 2778 1232 2865 ipsa

67 2894 208 2969 tanquam
235 2885 366 2968 perlecta
390 2903 407 2944 a
431 2881 572 2966 propheta
598 2883 780 2967 proponitur.
837 2880 916 2946 Nam
945 2883 1154 2970 mysteriorum
1182 2883 1233 2946 illa

66 2987 232 3072 propbetas
249 2984 345 3049 oblata
371 2984 511 3048 diviuitas
538 2985 682 3048 institutio
702 2975 865 3070 praeterire
889 2994 938 3048 aul
956 2985 1064 3050 inlecta
1087 3006 1233 3049 essenon

65 3099 198 3174 poterat.
244 3089 286 3152 At
310 3088 448 3172 deinceps
471 3107 647 3172 progressus
667 3098 767 3152 cetera
792 3109 851 3150 aon
878 3089 935 3150 iana
965 3089 1045 3152 velut
1068 3090 1145 3152 lacta
1166 3109 1234 3173 pro·

66 3192 206 3270 aaudiat,
231 3210 268 3255 ne
292 3189 403 3254 fraudis
417 3200 503 3274 atquc
519 3189 631 3252 erroris
648 3190 842 3274 praeberetur
854 3191 983 3253 occasio.
1029 3189 1142 3274 ltaque,
1170 3195 1235 3252 Tol-

68 3299 161 3368 litur,
195 3294 305 3377 inquit,
339 3303 451 3355 eterra
468 3296 526 3354 oe'ta
544 3296 643 3372 opscus.
692 3288 833 3356 Ceteram
861 3291 973 3356 duobus
998 3292 1055 3356 illis
1078 3313 1236 3376 argumen-

68 3399 106 3460 tis
129 3397 245 3460 oraeuli
263 3394 418 3458 veritatem
437 3395 631 3458 demonstrat.
678 3391 756 3458 Nam
773 3395 848 3459 haec
865 3415 943 3475 vox,
967 3399 1145 3471 adnotasset,
1171 3416 1234 3459 rem

66 3499 126 3562 iam
148 3510 209 3562 tam
229 3499 388 3584 perlectam
414 3496 504 3560 luisse
526 3497 683 3581 significat.
729 3495 803 3560 illud
825 3517 916 3575 vero,
948 3498 1075 3574 totlitur,
1107 3509 1236 3584 postma-

67 3604 137 3666 dum
166 3611 213 3665 est
230 3600 400 3686 impletum,
431 3608 463 3662 ul
479 3619 518 3662 ex
540 3619 575 3662 eo
597 3601 673 3684 quod
695 3601 801 3663 lactum
826 3599 933 3662 dicitur
951 3599 1070 3666 divinae
1093 3601 1236 3687 pollicita·
1356 3683 1360 3688 Ι

68 3705 163 3769 tionis
186 3703 341 3766 veritatem
366 3722 401 3765 ac
426 3700 615 3765 stabilitatem
633 3702 794 3786 intelligas.
840 3699 890 3766 Ex
908 3722 944 3766 ec
966 3723 1040 3766 vero
1062 3705 1137 3788 quod
1158 3705 1236 3767 lutu-

65 3829 135 3872 ruas
165 3805 354 3868 denuntiatur
376 3805 412 3867 de
437 3804 667 3891 mysteriorum,
700 3815 856 3889 quactum
882 3803 1028 3890 explicata
1045 3816 1131 3885 sunt,
1163 3817 1236 3868 tem-

66 3931 142 3998 pore
167 3908 366 3972 coniecturam
391 3911 490 3971 lacera
513 3907 621 3993 possis.

160 4009 213 4076 Sic
234 4012 270 4072 de
288 4007 385 4074 Maria
402 4011 549 4094 praedixit
575 4010 714 4094 angelus,
749 4033 843 4096 eaque
862 4011 1041 4094 significavit
1060 4031 1134 4095 quae
1157 4009 1235 4075 illius
1254 4028 1315 4098 cap.
1333 4027 1389 4082 vlt.

66 4128 159 4202 pater
184 4117 299 4178 domum
331 4131 471 4176 reversus
496 4133 513 4173 a
536 4113 591 4176 deo
615 4125 829 4178 consecuturus
860 4123 958 4191 essem
993 4133 1068 4197 quae
1098 4113 1234 4178 nimirum

67 4231 201 4304 aterque
226 4237 333 4303 pareus
355 4215 477 4279 summis
502 4237 519 4279 a
542 4217 599 4279 deo
619 4215 756 4300 precibus
781 4216 957 4301 postularet.
1002 4219 1092 4290 Ecce,
1125 4217 1231 4301 iniquit,

67 4345 149 4384 eaor
176 4333 224 4404 tuo
241 4324 369 4400 concepit
385 4323 414 4380 ιἰι
430 4331 527 4395 utero‚·
557 4329 590 4382 ut
605 4318 651 4382 bis
670 4317 771 4382 verbis
799 4317 894 4381 noetis
917 4318 1043 4382 bominis
1060 4329 1187 4383 mentem
1203 4320 1233 4385 in

66 4497 138 4613 ὀἴῳ
155 4495 182 4541 to
196 4493 265 4543 codd.
279 4505 334 4543 ιιιιι.
351 4493 401 4542 aas
414 4494 504 4541 nutum
519 4495 585 4542 catat
597 4503 637 4542 ac·
704 4489 729 4541 3.
747 4493 854 4542 leaae
869 4493 1016 4543 scabendum
1033 4483 1183 4560 ἀπεικάσῃς.

96 4575 177 4626 acuam
