3082 5006
346 280 978 336 mmmmmmmmsmmunn
1092 243 1094 246 ⁵
1205 271 1248 336 w

79 421 169 486 ιιιιι
195 403 271 488 pulsi
296 403 446 488 fugatique
470 399 633 467 Christiani
655 423 759 466 omues
782 402 954 480 rideantur,
989 381 1121 466 nonnulli
1148 413 1246 468 tamen

77 505 175 568 adhuc
199 517 371 591 supersunt.
416 503 525 590 Neque
549 505 626 568 enim
653 505 720 568 hdei
744 505 811 570 lons
834 523 973 569 arescere
997 504 1112 589 penitus
1135 513 1244 589 potest.

78 603 233 690 Quocirca
255 609 336 672 multi
363 629 404 672 ex
420 607 565 672 Audimus
582 606 722 686 Gotthia,
754 629 790 671 ao
810 606 970 692 provinciis
990 605 1100 672 nostris
1117 607 1244 689 egressi,

77 721 107 772 et
127 710 165 772 ed
180 705 341 794 Euphratis
355 710 495 795 regiones
510 711 575 774 illes
595 709 738 795 proiecti,
769 720 905 794 quartum
922 709 979 774 iam
995 731 1103 774 aurnum
1119 710 1178 774 illic
1196 709 1247 774 hc·

77 811 185 876 litant.
230 814 278 876 Ad
297 813 370 878 hacc
385 833 403 877 e
421 811 526 878 Tauro
545 823 643 880 munte
666 833 700 876 ac
716 809 886 876 Palaestina
903 823 933 875 et
948 811 1059 876 Arabia
1074 814 1246 878 eorumdem

78 916 284 979 Audiancrum
304 915 483 980 monasteria
503 915 618 980 subluto
638 925 719 978 sunt.
766 910 843 978 Olim
863 915 968 1001 quippe
986 933 1167 1000 magnopere
1189 915 1245 980 dil·

78 1019 134 1082 iusi
159 1019 374 1104 propagatique
398 1019 528 1082 luerunt.
574 1016 672 1082 llodie
693 1037 767 1080 vero
789 1028 847 1080 tarn
867 1017 1123 1102 heninchouen
1143 1037 1245 1083 mona·

77 1121 238 1184 steriornm
262 1121 439 1206 paucissimo
464 1141 588 1184 numero
616 1130 702 1200 sunt3
740 1120 815 1182 adeo
842 1130 874 1183 ut
900 1119 1014 1184 duobus
1037 1121 1180 1186 duntaxat
1213 1121 1245 1186 in

77 1223 159 1307 prgis
182 1223 362 1286 domicilium
383 1222 509 1288 habeant
533 1223 562 1286 iu
578 1243 613 1285 ea
635 1243 722 1306 quam
742 1221 803 1286 dixi
828 1221 1011 1307 provinciae
1028 1222 1083 1287 hoc
1100 1234 1145 1288 cst
1159 1233 1246 1290 exte·

76 1326 146 1388 riori
165 1323 319 1390 Chalcidis
342 1324 445 1404 limite,
480 1327 554 1389 ultra
579 1322 757 1390 Damascum
781 1335 812 1388 et
836 1321 1104 1411 Mesopotamium
1134 1324 1182 1390 ulti
1207 1325 1245 1390 ed

77 1427 129 1490 hcc
153 1438 272 1514 tempus
296 1429 459 1514 perexigua
482 1426 598 1491 illorum
621 1427 775 1492 multitudo
798 1426 890 1512 degit.

159 1527 224 1595 Sed
249 1531 286 1595 de
311 1531 356 1594 his
381 1531 536 1594 hactonus.
582 1527 673 1594 Nunc
695 1531 731 1593 ad
755 1529 830 1596 alias
848 1541 1053 1610 transeamus,
1087 1549 1126 1596 ue
1141 1530 1245 1616 quida

76 1631 159 1698 nohis
185 1634 439 1718 praetermittatur
461 1634 537 1718 quod
562 1632 738 1696 divisionem
761 1633 887 1717 aliquam
912 1655 946 1697 ac
973 1634 1056 1698 velut
1079 1632 1244 1700 sectionem

76 1735 239 1813 ecclesiae,
271 1735 335 1800 sive
365 1735 516 1800 dissidium
545 1757 581 1799 ac
611 1733 770 1800 diuortium
799 1734 942 1800 attulerit.
988 1735 1242 1820 Quenavisenim,

78 1839 148 1922 quod
172 1839 210 1902 ad
233 1839 317 1902 tidem
341 1849 471 1922 spectat,
502 1861 537 1902 ac
552 1858 635 1902 mure
653 1839 718 1924 ipso
742 1838 859 1924 rituque
879 1859 937 1902 non
956 1839 1112 1902 admodum
1131 1840 1244 1904 discre-

79 1953 161 2025 pent,
196 1940 269 2004 nihil
292 1961 347 2004 nos
372 1952 488 2020 tumen,
520 1943 595 2024 quod
618 1961 734 2025 quoque
759 1942 846 2004 modo
871 1941 908 2005 ab
931 1942 1059 2006 ecclesia
1083 1941 1241 2022 divulsum,

79 2053 161 2128 atque
186 2044 267 2106 inter
291 2043 435 2108 lacticues
457 2043 624 2108 contrarias
645 2043 825 2110 recensitum
850 2043 954 2122 luerit,
987 2066 1041 2130 pro
1058 2044 1136 2108 uirili
1158 2055 1243 2130 perte

79 2145 357 2230 praetermittemus.

248 2386 523 2464 CONTRA
568 2383 1071 2479 Pflctlttlsttos

322 2532 405 2604 quae
432 2515 485 2583 cst
510 2507 659 2584 haeresis
685 2506 759 2602 LI,
785 2507 840 2584 vel
866 2505 994 2583 LXXI.

155 2656 218 2723 Per
231 2659 310 2723 idem
327 2671 442 2746 tempus
458 2657 615 2739 Photinus,
640 2681 729 2745 aquo
744 2657 913 2724 Photinicni
933 2659 1117 2746 prodierunt,
1141 2679 1239 2724 emer·
1271 2679 1332 2750 cip.
1343 2681 1364 2734 ι,

74 2783 124 2826 sus
141 2761 305 2826 catholicae
320 2763 465 2826 ecclesinc
479 2765 625 2848 quondam
640 2763 808 2848 episcopus,
823 2761 871 2847 qui
886 2762 961 2828 haud
978 2763 1119 2828 mediocri
1137 2764 1238 2828 lurore

74 2865 203 2949 percitus
226 2864 398 2950 superiores
419 2887 523 2929 omnies
541 2867 658 2930 insania
676 2867 845 2950 superavit,
878 2867 1040 2951 eademque
1060 2888 1126 2930 cum
1145 2863 1237 2930 Paulo

71 2965 284 3044 samosateus,
308 2967 367 3030 inre
383 2969 531 3034 atrociora
545 2970 699 3053 quaedam,
724 2969 761 3031 de
776 2968 823 3031 dei
841 2969 900 3032 filiu
917 2979 1015 3033 ιιιιιιι
1033 2969 1182 3055 curacepit,
1207 2968 1238 3034 iu

72 3092 158 3155 quem
174 3071 278 3156 plenos
292 3072 490 3134 contumeliae
504 3092 678 3150 sermones,
709 3091 764 3135 ιιι
781 3071 838 3134 ullu
855 3072 1003 3136 soliditate
1022 3072 1151 3136 hrmatos
1166 3093 1237 3136 evo·

71 3173 157 3236 uuit.
204 3169 261 3236 llic
285 3174 424 3258 prodiens
442 3171 553 3238 Sirmio
572 3171 750 3240 Constantio
769 3174 932 3259 imperante
954 3173 1060 3238 inlrlix
1083 3175 1237 3240 doctrinae

71 3296 144 3338 suae
162 3275 261 3339 lolium
281 3276 310 3338 iu
331 3277 403 3338 urhe
422 3276 644 3355 disseminavit,
675 3287 705 3340 et
728 3275 764 3340 ad
787 3277 860 3340 haec
873 3295 965 3360 usque
982 3286 1114 3362 tempora
1131 3298 1235 3364 super·

72 3379 138 3456 init,
163 3399 229 3442 cum
245 3377 275 3439 iu
292 3376 464 3443 Serdicensi
477 3379 639 3444 occidentis
653 3379 770 3464 synodo
785 3379 823 3442 ch
839 3381 1023 3442 execrandas
1039 3379 1235 3466 blasphemias

69 3481 224 3566 depositus
246 3491 339 3546 esset.

145 3684 215 3750 llic
233 3683 384 3752 Christum
398 3709 415 3752 ι
431 3688 575 3774 principio
594 3699 682 3772 negat
700 3687 855 3766 extitisse,
879 3689 930 3752 sed
948 3689 1006 3752 iam
1024 3698 1083 3752 tum
1101 3709 1119 3752 a
1135 3685 1235 3753 Maria

71 3789 184 3872 virgine
211 3789 328 3853 initium
357 3792 527 3876 accepisse,
558 3811 594 3854 ac
612 3802 760 3856 recentem
776 3811 861 3870 esse;
893 3812 933 3856 ex
952 3812 1009 3875 quo
1025 3792 1165 3876 spiritns,
1189 3791 1233 3854 in·

71 3895 147 3975 quit,
177 3902 302 3956 sanctus
326 3892 354 3955 in
381 3893 459 3958 illum
486 3893 656 3971 descendit,
688 3903 750 3956 etc
772 3893 877 3978 spiritu
902 3905 1005 3957 scureto
1030 3895 1148 3978 genitus
1173 3889 1232 3958 est.¹

72 3990 166 4077 Quem
179 3996 298 4080 quidem
313 3995 447 4080 spiritum
461 4007 595 4062 sunctum
613 3989 725 4061 Christi
743 4015 811 4060 esse
830 4006 922 4080 putat,
943 3997 1040 4060 audax
1054 3996 1234 4062 architectus

72 4203 122 4250 tum
133 4205 241 4263 reticem,
254 4205 382 4264 praeeunte
394 4204 516 4265 cornerio,
531 4204 572 4265 put
584 4215 637 4252 ver·
670 4199 779 4268 gendum
792 4210 875 4250 autera
891 4198 1095 4255 Κωιιταιιίοι.“
1112 4204 1233 4258 Pctcuiut.

72 4273 99 4316 tit
113 4288 127 4316 ιι
145 4271 219 4319 nohis
238 4287 288 4319 nnn
308 4268 469 4336 relinquetur.
670 4272 773 4320 sternet
789 4272 881 4320 interim
895 4276 947 4332 post
961 4267 1048 4335 καιρὸς
1064 4259 1105 4336 ἦν.

103 4339 129 4396 ⁸)
145 4340 172 4389 ln
194 4340 242 4401 pne
263 4341 348 4400 eopttts
372 4341 397 4388 r'n
417 4341 485 4389 codd.
504 4353 558 4388 mss.
575 4343 638 4388 utro·
704 4341 729 4388 2.
747 4340 813 4390 Lthrt
830 4340 913 4388 tutent
932 4337 1130 4396 Kcrucrnurhcu.

72 4419 113 4466 are
127 4409 212 4468 lrpttur
228 4407 339 4456 additum
355 4405 436 4466 'siloc
451 4406 496 4460 rui
513 4406 572 4473 περὶ
588 4405 638 4459 scia
705 4405 729 4458 il.
748 4401 825 4460 atsto
841 4424 887 4458 non
905 4409 972 4457 hehet
989 4409 1040 4458 eod.
1059 4409 1155 4474 lthedip.

73 4468 194 4526 elocasse
214 4473 363 4544 cploperce.
706 4472 731 4526 4.
753 4477 860 4527 sescum
873 4471 953 4543 cirria
969 4492 1023 4529 cum
1040 4481 1169 4543 comune,
1191 4484 1233 4546 out

105 4541 163 4592 Gur.
175 4545 194 4596 Ι.
213 4571 244 4582 -
277 4549 298 4594 l.
309 4542 467 4606 „hlendoaus
481 4542 561 4596 locus.
586 4544 640 4594 Le-
672 4547 740 4598 uertit
756 4544 844 4614 ipsam.
