3066 5016
338 291 475 344 ruhault
494 291 556 344 mn
566 291 610 342 nt.
627 290 711 342 Tum.
721 290 754 342 11.
771 287 871 340 HAER.
883 287 996 338 LXXX.
1182 275 1244 337 477

84 435 152 478 rnm
168 411 399 491 consuetudine,
429 410 526 497 quiin
547 411 684 493 coniugio
704 410 859 488 vixerunt,
884 409 1052 493 deprompta
1068 403 1198 470 institiae
1216 415 1246 468 et

85 516 250 581 honestatis
268 515 343 578 ratio
363 515 482 600 patitur.
529 510 590 578 Sed
606 533 681 576 unus
697 514 842 576 duntaxat
858 533 923 575 eum
941 529 997 572 uua
1013 509 1177 574 consociari
1196 509 1247 573 de-

84 617 157 700 bet,
191 613 574 694 sustenementum,
609 613 685 680 Sara
709 635 774 678 oum
798 613 987 690 Abrabamo,
1019 607 1155 675 Rebecca
1180 633 1245 676 cum

84 719 194 786 lsaaco
222 719 356 805 copulata
378 719 497 804 legitur.
543 715 622 781 Num
650 717 706 781 etsi
730 717 844 800 qnidam
871 713 1036 800 epatribus
1059 713 1131 778 duas
1148 723 1248 778 tresve

83 843 200 888 uxores
225 821 399 901 habuerint,
431 841 489 884 nou
516 821 671 884 iraeadem
698 819 764 883 illue
788 819 875 882 domo
900 819 1028 880 inerunt.
1071 812 1151 879 Nam
1176 816 1249 880 haec

84 924 197 1010 alioqui
216 927 309 988 dorma
330 923 555 1006 coniunctioque
580 922 676 1008 porcis
697 941 731 984 ac
750 919 908 1007 pecudibus
925 918 1075 983 conuenit.
1122 920 1164 982 At
1181 918 1249 982 bae·

84 1027 176 1092 retici
193 1028 286 1093 nostri
304 1015 445 1090 maiorem
463 1025 548 1090 nobis
565 1034 715 1110 stuporem
732 1024 877 1102 afferunt,
901 1021 948 1107 qui
966 1043 1030 1086 oum
1048 1019 1118 1086 nibil
1136 1041 1169 1084 se
1183 1042 1248 1086 eum

85 1129 260 1194 mulieribus
279 1128 389 1193 babere
408 1147 563 1191 commune
582 1127 796 1214 profiteantur,
827 1123 1008 1190 econtrario
1031 1135 1128 1186 tamen
1153 1125 1249 1208 turpia

83 1252 223 1318 quaeque
242 1253 276 1296 ac
295 1230 418 1295 ridicula
434 1229 595 1315 impensius
614 1239 800 1316 perpetrant,
832 1240 861 1292 et
881 1238 1045 1291 extremam
1064 1247 1147 1290 suam
1165 1227 1249 1312 igno·

86 1334 209 1399 minium
230 1333 401 1398 ostendunt.
455 1331 573 1397 Etenim
597 1334 622 1396 si
649 1351 761 1396 uxores
783 1331 926 1398 habereut
949 1328 990 1394 ilii
1011 1329 1168 1414 separatim
1190 1349 1249 1394 uon

87 1437 258 1523 promiscue
285 1434 396 1500 habere
423 1435 487 1498 ilias
511 1433 677 1520 oportebat.
731 1429 782 1512 si,
817 1433 952 1518 inquam,
984 1430 1122 1515 coniugio
1151 1443 1253 1496 essent

87 1537 244 1618 obstricti,
269 1538 353 1602 nefas
368 1548 433 1601 erat
447 1537 502 1601 viri
518 1557 583 1600 cum
601 1537 723 1601 muliere
740 1535 972 1622 copulationem,
996 1555 1082 1620 quam
1099 1535 1172 1599 dens
1184 1555 1249 1598 eum

87 1640 170 1706 omui
188 1640 350 1720 modestia,
374 1638 519 1724 gravitate
537 1659 572 1702 ac
590 1639 743 1724 prudentia
767 1637 951 1703 coniunctam
968 1637 1113 1716 instituit,
1145 1647 1250 1723 sponte

86 1765 143 1808 sna
158 1742 188 1808 in
207 1743 333 1807 medinm
352 1744 486 1828 proferre
506 1763 541 1805 ac
562 1743 742 1827 patefacere.
789 1738 877 1824 Quod
896 1740 921 1806 si
942 1739 1146 1804 amutieribus
1161 1739 1250 1804 absti-

86 1855 162 1910 nent
186 1844 337 1924 nonnulii,
372 1843 421 1930 qui
451 1844 654 1908 castimoniam
684 1843 739 1908 sibi
763 1865 797 1907 ac
821 1843 1044 1929 temperantiam
1075 1842 1247 1918 indixerint,

86 1969 176 2034 quam
193 1947 302 2012 babent
318 1947 458 2012 iustitiam
476 1966 528 2032 per
546 1967 687 2010 summam
703 1945 892 2010 stoliditatem
910 1955 940 2008 et
956 1945 1098 2010 honestae
1115 1945 1194 2010 ritae
1209 1947 1251 2009 di-

84 2050 242 2137 seiplinam
258 2071 310 2135 per
322 2050 568 2114 inconsideratam
584 2048 662 2112 ibam
680 2069 879 2132 vesanumque
892 2047 1039 2112 licentium
1055 2048 1251 2132 ignominiose

85 2153 256 2217 traducunt.
302 2149 386 2215 Nihil
402 2153 479 2216 enim
498 2150 641 2216 eiusmodi
665 2160 716 2215 ant
732 2149 857 2238 apostoli
872 2172 998 2236 uuquam
1016 2153 1168 2230 feceruut,
1201 2160 1252 2216 ant

83 2267 159 2320 ante
181 2255 332 2342 apostotos
355 2253 515 2340 prophetae
538 2254 769 2318 constituerunt.

177 2355 237 2420 imo
257 2378 330 2422 vero
346 2354 472 2442 Moyses
488 2356 519 2420 in
541 2358 661 2422 deserto
681 2377 800 2420 carmen
820 2377 903 2422 sunm
922 2356 1083 2421 concinens
1104 2356 1250 2420 canticum
1269 2381 1385 2449 er,

83 2462 146 2525 deo
171 2459 336 2524 medebatur
358 2481 375 2524 a
397 2459 469 2523 mari
496 2459 665 2544 digressus:
698 2464 865 2535 Certemus,
899 2459 1010 2544 inquit,
1034 2464 1404 2541 domreo,gto-m0au,1.

83 2569 168 2628 rrbre
187 2568 259 2626 errr'm
283 2564 484 2644 magnificatur
505 2574 567 2624 ert.-
607 2583 706 2643 equum
729 2574 761 2624 et
778 2584 953 2626 commorere
982 2566 1084 2626 deseca
1105 2567 1135 2624 eir
1158 2583 1246 2624 more.

81 2666 181 2750 Atqui
198 2676 257 2730 tour
276 2665 349 2729 viris
366 2664 566 2729 accinentibus
585 2664 723 2730 mulieres
739 2665 775 2729 ab
792 2664 850 2729 illis
866 2665 1039 2746 abfuerunt3
1063 2678 1096 2730 ut
1110 2668 1249 2753 pudorem

82 2769 320 2852 modestiamque
338 2767 574 2846 demonstraret,
606 2777 636 2831 et
651 2777 682 2832 ut
699 2768 815 2831 divinae
831 2768 905 2853 legis
920 2768 1096 2853 gravitatem
1114 2791 1149 2833 ac
1165 2771 1252 2834 disci·

82 2869 197 2960 plinam
214 2870 396 2934 ostenderet.
443 2867 544 2954 Pergit
561 2890 634 2934 vern
655 2869 777 2951 deinde,
807 2875 903 2933 Murrio
919 2893 1008 2952 porro
1025 2883 1184 2953 tympanum
1202 2895 1251 2935 su·

83 2995 187 3048 merra,
219 2973 351 3054 praeibo!
373 2974 555 3048 mulieribus,
593 2985 623 3034 et
641 2975 769 3049 dicebat,
802 2977 952 3035 Cantemus
967 2979 1094 3050 domurn,
1123 2979 1251 3056 gloriose

82 3079 164 3140 enrbr
185 3077 385 3155 magnificetur
401 3087 453 3137 eet.
501 3071 557 3138 Cui
584 3075 722 3140 mutieres
742 3075 804 3160 pari
827 3076 913 3140 modo
934 3075 1143 3158 succinebant,
1175 3099 1252 3163 quae

84 3189 177 3244 etex
195 3177 299 3242 endem
314 3187 378 3240 erat
389 3196 512 3262 genere,
534 3188 564 3241 et
581 3178 793 3262 quodammodo
807 3199 897 3262 supra
909 3189 1024 3244 ceteras
1037 3179 1200 3262 eminebat3
1222 3191 1252 3246 nt

83 3281 139 3346 vel
156 3301 196 3344 ex
212 3280 267 3345 hoc
285 3299 343 3343 nno
367 3279 532 3363 imperitum
554 3299 589 3344 ac
605 3280 750 3367 plebeium
769 3280 885 3345 illorum
903 3281 1056 3346 consilinm
1073 3283 1252 3349 institutum·

84 3403 150 3469 que
169 3383 322 3447 rebellatur
341 3381 389 3466 qui
414 3382 563 3467 peregrini
581 3382 725 3467 dogmatis
749 3382 881 3468 pudenda
900 3383 949 3445 itta
967 3405 1002 3447 ae
1019 3385 1132 3450 nefaria
1150 3407 1253 3473 perpe·

84 3496 184 3552 trent.
230 3484 277 3548 Ad
298 3483 370 3548 haec
386 3484 422 3548 de
440 3485 659 3549 resurrectione
676 3484 817 3573 propheta
836 3485 879 3550 sic
895 3485 1039 3570 loquitur:
1063 3492 1104 3550 Er
1114 3493 1330 3571 plangeremus
1339 3499 1408 3558 rara

87 3589 241 3662 m'butr'mr
267 3589 362 3650 muer
374 3609 412 3649 en
426 3591 544 3650 adrem
562 3589 672 3662 trr'dueq
697 3588 789 3650 tribus
801 3590 917 3650 Nutdrrr
929 3611 985 3670 per
998 3611 1075 3667 sese,
1107 3603 1136 3652 et
1149 3613 1253 3654 umores

86 3693 210 3754 illerum
226 3695 362 3766 recreabar
397 3691 488 3752 trabes
504 3694 575 3752 ludu
586 3713 642 3772 per
656 3713 733 3767 eeee,
765 3701 913 3753 etuaoree
928 3695 1042 3754 illorum
1057 3699 1174 3755 seorer'rrr
1192 3703 1250 3758 etc.

86 3791 147 3860 sie
170 3804 200 3856 ct
224 3792 348 3876 apostoli
369 3792 514 3857 ecclesiae
540 3793 809 3879 praescripserunt3
843 3813 897 3858 neo
925 3815 983 3858 non
1010 3805 1040 3859 et
1064 3795 1198 3860 dominus
1221 3796 1253 3862 iu

85 3895 247 3980 evaugelio
271 3895 420 3960 mandavit
444 3895 526 3959 etin
553 3916 609 3959 nna
637 3895 722 3960 nobis
745 3896 912 3982 exemplum
940 3897 1090 3982 praebuit,
1123 3919 1188 3962 cnm
1215 3897 1254 3962 ita

83 3995 210 4065 Mariae
225 3997 318 4060 dixit:
340 4001 412 4058 Noli
422 4019 466 4060 me
478 4011 613 4080 tergm,
631 4001 753 4061 nondum
765 4005 838 4062 emin
850 4004 968 4062 meandi
977 4003 1017 4062 ud
1024 4012 1136 4082 putrem
1151 4018 1250 4062 meum.
1285 4019 1363 4067 ιοω.

83 4098 141 4166 lta
158 4121 247 4185 porro
262 4099 349 4166 Giezi
370 4101 405 4164 ad
425 4097 637 4166 sunamitidem
656 4101 803 4166 accedens
829 4102 967 4166 deminum
984 4102 1117 4188 repellit,
1151 4125 1189 4168 ne
1206 4123 1255 4167 or·
1267 4125 1289 4170 a.
1331 4075 1395 4172 nst

84 4204 192 4268 dinem
210 4200 353 4283 violaret,
385 4223 420 4266 ac
437 4205 643 4290 prophetarum
662 4204 799 4269 instituto
820 4205 1025 4270 contumeliam
1043 4207 1166 4270 faceret.
1212 4206 1255 4270 At

84 4305 236 4395 propbeta
252 4305 357 4392 spiritu
372 4317 475 4372 sancto
490 4306 648 4372 instinctus
662 4307 763 4373 dolore
779 4308 944 4372 confectam
959 4328 1028 4374 esse
1040 4305 1254 4375 Sunauiuiuen

129 4476 191 4527 Car.
209 4477 254 4527 tX.
273 4505 306 4516 -
343 4480 364 4530 l.
391 4477 580 4540 „Ratiocinatio
599 4485 657 4530 αι’·
725 4479 1062 4546 arremarensem
1075 4475 1255 4536 murimo-

81 4553 118 4602 dm
135 4548 244 4610 matut
259 4547 385 4612 &abacti
402 4549 523 4600 Puaeur.
693 4545 822 4616 Βούμειος.
