3060 5026
328 351 464 404 nnnann
482 352 602 403 meru.
619 351 701 404 ron.
713 352 744 402 n.
763 350 864 402 nunu.
875 351 1007 403 nxxvn.
1177 329 1239 398 395

169 467 247 532 Nam
268 469 293 532 si
311 491 381 535 vere
398 472 476 556 loqui
502 471 655 551 volomus,
687 472 751 557 pius
769 471 889 556 quilibet
907 470 996 534 vitam
1018 490 1099 532 suam
1120 488 1178 532 non
1198 487 1239 531 ex
1283 488 1354 540 cip,

86 569 210 634 humana
229 582 326 635 mente
349 584 509 658 temperat,
533 575 584 637 sed
606 595 645 637 ex
660 595 694 637 ea
714 595 789 658 quac
808 569 919 638 Christi
938 572 1054 658 propria
1073 582 1130 652 est,
1152 591 1241 655 qnae·
1257 557 1372 612 xm·

85 691 142 756 que
160 673 196 736 ab
214 673 316 737 eodem
333 675 476 761 sapientia
494 676 643 762 repletur,
667 697 741 760 quae
758 673 879 742 Christo
901 686 1020 762 propter
1036 673 1176 738 iustitiam
1197 683 1241 737 ει-

84 775 239 853 tribuitur,
265 796 339 859 quae
358 797 410 861 per
428 777 495 841 fidei
512 778 725 866 professionem
745 779 774 842 iu
793 773 913 842 Christo
936 777 1025 856 vivit,
1059 797 1133 862 qnae
1150 776 1241 841 hone·

84 888 197 941 storum
222 899 341 963 operum
365 880 514 945 lunatione
537 902 589 967 per
612 877 760 946 Christum
784 880 909 944 salutem
933 879 1110 966 assequitur.
1157 877 1241 943 llaec

85 991 130 1044 est
144 981 194 1045 illa
216 976 327 1046 Christi
345 1003 447 1061 mens,
480 1003 554 1068 quae
571 984 614 1048 sic
632 984 660 1047 io
680 984 763 1047 nohis
783 984 881 1048 inesse
901 993 1013 1070 potest,
1039 994 1072 1046 ut
1090 979 1240 1048 Christum

85 1085 158 1146 certi
180 1083 302 1148 alicuius
321 1085 378 1148 loci
399 1086 520 1169 regione
541 1085 658 1149 minime
678 1069 910 1151 circumscribat.
955 1083 1032 1149 Nam
1050 1085 1155 1170 ubique
1173 1094 1242 1149 sunt

84 1196 169 1271 pater
185 1195 214 1249 et
231 1186 306 1249 lilios
324 1197 354 1250 ει
373 1187 494 1272 spiritus
511 1198 648 1266 sanctos,
680 1199 709 1252 ει
724 1188 847 1274 spiritali
866 1190 989 1272 quodam
1007 1189 1093 1251 modo
1110 1188 1139 1250 in
1156 1186 1240 1252 nohis

83 1290 235 1370 existunt,
266 1291 292 1356 si
308 1291 366 1355 illis
385 1311 452 1355 esse
469 1291 546 1374 digni
565 1291 699 1356 velimus.
744 1289 851 1376 Neque
868 1313 939 1354 vero
957 1291 1021 1355 loco
1039 1289 1098 1354 ullo
1115 1289 1163 1355 vel
1178 1289 1241 1374 ipse

83 1393 286 1471 concluditur,
318 1393 365 1458 vel
381 1393 473 1480 ipsios
492 1404 575 1478 pater
597 1405 647 1457 aot
665 1392 784 1480 spiritns
801 1403 937 1471 sanctos,
966 1395 1016 1457 εει
1035 1402 1155 1478 propter
1169 1391 1242 1455 divt-

84 1493 185 1558 nitatis
208 1494 299 1580 ipsios
319 1497 479 1582 potentiam
501 1495 530 1558 in
556 1495 690 1560 omnibns
711 1496 834 1576 existit3
866 1516 960 1581 neque
981 1504 1078 1558 tamen
1100 1515 1165 1558 oum
1185 1494 1242 1557 ulla

84 1597 242 1678 miscetur,
275 1599 349 1683 quod
370 1609 401 1661 et
417 1598 494 1661 illius
510 1597 672 1663 substantia
689 1599 923 1663 communionem
941 1617 1056 1662 omnem
1073 1618 1108 1660 ac
1125 1617 1242 1682 eompa-

82 1700 228 1764 rationem
247 1711 382 1785 superet,
408 1711 436 1764 ει
448 1701 569 1766 ¹sincera
589 1702 643 1779 sit,
669 1714 756 1786 atque
772 1702 849 1764 ononi
867 1703 962 1766 maior
979 1699 1241 1785 comprehensione

83 1801 235 1866 divinitas.
281 1799 356 1866 Cum
379 1812 475 1867 autem
494 1803 563 1867 dicit
578 1803 740 1889 apostolus,
764 1809 826 1866 Nos
843 1793 953 1866 Christi
966 1815 1082 1865 mentem
1096 1801 1239 1877 labemus,

83 1905 148 1989 quid
169 1906 283 1968 tandem
300 1905 554 1968 existimabimus?
596 1904 675 1970 Nom
691 1905 738 1970 ille
754 1906 921 1991 propriam,
953 1905 1008 1968 hoc
1025 1915 1071 1969 est
1086 1904 1240 1968 humanam

82 2017 212 2070 mentem
231 2007 350 2070 nabunt
392 2009 442 2070 An
460 2003 571 2072 Christi
589 2017 715 2071 mentem
729 2007 757 2070 in
773 2029 840 2072 εεεε
855 2010 965 2087 tereus,
990 2007 1097 2070 amissa
1112 2007 1240 2092 proprie,

83 2109 146 2173 eius
167 2109 245 2172 illam
262 2109 328 2173 loco
344 2109 507 2174 obtinuisse
525 2111 668 2196 potandos
684 2112 749 2174 estl
790 2107 861 2173 Non
877 2113 997 2195 opinor3
1033 2131 1087 2172 nec
1103 2118 1149 2172 εει
1163 2107 1242 2193 quis·

82 2231 169 2295 quam
188 2211 237 2296 qui
259 2211 332 2275 haee
357 2212 473 2288 audiat,
506 2211 555 2298 qni
578 2233 636 2276 oon
659 2212 836 2297 peculiarem
854 2211 895 2275 illi
915 2211 1005 2275 luisse
1020 2222 1145 2274 mentem
1164 2209 1243 2274 arbi-

82 2323 195 2390 tretur,
226 2325 443 2398 praeterquam
464 2311 575 2380 Christi
592 2333 708 2399 quoque
725 2325 822 2378 mente
840 2315 1023 2399 repleretur,
1056 2313 1103 2398 qni
1122 2333 1155 2376 se
1173 2313 1242 2377 reli·

82 2415 200 2498 gionis‚
232 2416 375 2480 scientiae
400 2438 435 2480 ac
459 2417 575 2481 divinae
598 2417 747 2481 ouiusrlam
765 2428 795 2481 et
813 2415 950 2482 coelestis
966 2415 1044 2480 vitae
1060 2416 1242 2480 ornamentis

81 2519 224 2581 afficeret.
269 2515 456 2604 Quapropter
472 2519 496 2584 si
517 2542 582 2584 oum
601 2519 747 2605 propriam
764 2518 903 2598 heberet,
928 2516 1041 2583 Christi
1056 2519 1176 2603 insuper
1193 2518 1242 2582 ille

82 2630 212 2683 mentem
238 2621 411 2706 complexus
435 2633 497 2701 est,
533 2642 717 2708 consequens
745 2633 792 2686 est
814 2619 964 2686 Christum
993 2621 1089 2706 ipsum
1119 2622 1241 2686 verbum

83 2734 212 2787 mentem
238 2743 323 2802 esse3
356 2725 381 2787 si
406 2725 520 2808 quidem
546 2725 586 2788 ita
608 2726 685 2810 loqui
709 2725 788 2789 licet.
834 2721 1076 2809 erandoqnidem
1095 2721 1243 2790 nonnullis

82 2825 178 2890 visum
198 2837 244 2888 est
265 2837 391 2890 mentem
411 2827 557 2912 appellare
580 2828 677 2891 deum.
724 2825 790 2912 Ego
806 2846 879 2890 vero
898 2837 1023 2890 mentem
1042 2837 1172 2890 nostrum
1190 2825 1243 2912 hy·

82 2931 214 3013 postasin
241 2949 390 2993 essenon
424 2929 567 3007 arbitror,
609 2951 704 3013 neque
730 2951 769 2993 ex
798 2929 941 2994 ecclesiae
976 2927 1042 2992 liliis
1066 2927 1140 2991 alius
1164 2928 1243 3013 quis·

81 3052 189 3114 quam,
222 3031 272 3095 sed
292 3029 474 3094 efficientiam
493 3032 656 3115 quendam,
691 3030 1242 3115 qnaeinnobisadeocoocessare-

79 3135 187 3196 sileat.
233 3129 384 3197 Christum
408 3153 481 3196 vero
506 3133 676 3218 hypostasin
703 3154 771 3197 esse
794 3133 879 3212 dico,
911 3145 943 3197 ot
961 3145 992 3196 et
1015 3133 1114 3197 fideles
1138 3153 1241 3198 omnes

80 3238 273 3314 confitentum
309 3245 339 3298 et
356 3236 441 3299 deum
465 3256 531 3300 esse
556 3237 710 3321 profiteor,
743 3257 777 3300 ac
797 3236 976 3299 ‹lominuma
998 3246 1078 3320 putre
1097 3237 1240 3320 genitum,

80 3341 243 3424 perlectum
270 3359 287 3400 ε
310 3340 459 3424 perlecto,
492 3339 589 3402 lumen
613 3339 648 3402 de
671 3338 798 3417 lumine,
829 3339 915 3402 deum
940 3321 1068 3402 tle'tleo.
1114 3337 1242 3404 Verum-

80 3452 177 3504 tamen
203 3461 242 3503 ex
261 3441 363 3504 eadem
380 3441 496 3504 ratione
515 3440 564 3504 ille
582 3440 663 3526 ipse,
688 3440 780 3523 quiin
798 3461 864 3504 sese
881 3461 964 3505 meus
983 3455 1066 3520 erat,
1091 3453 1122 3506 ut
1138 3442 1174 3505 tle
1191 3443 1241 3506 illo

78 3553 201 3606 sanctus
216 3543 366 3628 apostolus
382 3545 480 3623 docet,
505 3565 569 3606 eum
583 3544 635 3622 ait,
658 3547 823 3606 Nacratem
840 3547 951 3606 Christi
963 3557 1078 3608 mentem
1096 3548 1239 3619 hebernus,

79 3645 208 3710 habebat
232 3656 288 3708 tam
310 3646 372 3730 ipse
391 3667 476 3730 mam
500 3645 519 3708 ii
537 3646 572 3708 tle
590 3646 695 3730 quibus
719 3647 892 3711 testificator
911 3648 1055 3733 propriam
1081 3647 1136 3710 sihi
1161 3666 1242 3709 men·

79 3756 150 3812 tem.
199 3748 378 3812 Acrnrsnm
394 3744 507 3812 Christi
530 3748 697 3814 mensillos
719 3749 874 3835 implebat,
907 3749 1043 3813 comhoc
1063 3749 1241 3812 moloillius

78 3851 108 3914 in
130 3848 206 3937 ipsis
229 3851 326 3934 gratie
350 3850 449 3936 perlici
473 3860 584 3936 posset.

163 3951 246 4016 Nihil
261 3952 379 4036 igitur'a
396 3952 544 4039 proposita
558 3952 778 4021 similitudinum
792 3955 941 4034 abhorret,
967 3953 1042 4017 idem
1058 3964 1089 4017 ut
1103 3955 1138 4017 ad
1151 3949 1238 4019 Chri·
1275 3975 1353 4027 cup,

77 4067 155 4120 stum
173 4058 387 4119 transferamus
405 4076 528 4140 eumque
547 4067 722 4137 statuamus,
747 4079 812 4121 cum
828 4057 858 4120 in
875 4077 942 4120 sese
959 4056 1139 4133 deusesset,
1164 4050 1237 4120 tam·
1254 4045 1382 4098 xxm·

77 4158 133 4222 etsi
151 4157 258 4222 mentis
284 4167 366 4222 esset
383 4157 526 4223 humanae
542 4161 705 4245 particeps,
738 4160 978 4243 quemadmodum
997 4159 1095 4222 earnis
1114 4180 1149 4222 ao
1171 4180 1238 4224 sao·

109 4327 135 4382 7.
154 4325 224 4391 ἔδοξε
238 4331 421 4381 emmeramum
440 4331 568 4382 Gornorius
591 4329 644 4394 (qut
710 4329 735 4382 9.
753 4323 839 4390 αὐτοῖς
855 4332 906 4382 con
924 4331 1021 4395 Rbedlq.

75 4401 143 4448 vertit
163 4397 227 4448 Nam
253 4395 400 4466 quibusdum
416 4397 494 4449 risum
513 4409 550 4449 est
570 4415 643 4449 men·
712 4398 906 4450 clnxxxvt
926 4427 956 4436 -
994 4401 1014 4450 l.
1032 4397 1124 4464 elcpro
1139 4398 1240 4453 elmen-

75 4475 127 4515 tem
151 4479 239 4516 vocare
260 4466 347 4532 deum)
372 4471 393 4516 ει
410 4467 528 4520 Potom'us.
574 4469 640 4520 ton
672 4469 727 4518 close
751 4473 784 4519 εει
803 4479 938 4531 expressum
955 4471 979 4522 in
1002 4469 1039 4519 ed.
1058 4470 1140 4521 Potor.
1160 4471 1239 4522 coron.

75 4537 148 4596 octor
166 4529 253 4596 ἔδειξε.
671 4542 741 4600 repet.

108 4603 133 4655 8.
153 4595 223 4674 αὐτῷ
241 4605 292 4656 cod.
307 4605 405 4669 stacta.
