3058 5014
310 229 446 282 seusun
464 230 527 282 suu.
540 229 584 280 ur.
601 227 683 280 rom.
698 229 717 280 1.
734 225 834 280 naun.
847 225 967 278 cxxvi.
1153 211 1214 274 223

143 351 246 412 xtvt.
271 345 305 414 Si
329 350 479 434 ingenitus
504 359 534 414 et
550 349 622 412 deus
641 368 694 434 pro
712 369 771 411 uno
792 345 952 430 eodemque
970 354 1140 423 sumantur,
1171 343 1216 408 in-

66 453 177 536 genitus
199 452 362 537 ingenitum
385 451 497 536 genuit.
545 447 598 517 Sin
625 451 773 514 diuersum
798 449 931 534 quiddam
957 447 1079 532 ingeniti
1107 468 1142 510 ac
1169 447 1215 510 dci

65 555 203 620 uocabula
225 555 393 634 declarant,
426 573 607 638 nequaquam
623 552 780 618 absurdum
800 562 845 616 est
869 551 1061 614 dromades
1086 549 1216 634 genitum

64 678 139 737 csse,
163 679 230 722 cum
247 668 370 742 uterquc
388 655 425 720 uls
442 655 572 740 ingenita
589 655 752 720 substantia
767 652 910 737 originem
933 651 1062 716 duxerit.

142 760 260 824 xtvtt.
277 755 310 824 Si
328 769 396 824 aute
415 758 500 822 doum
520 756 725 822 nihilomnino
744 756 809 834 luit,
835 754 876 820 uti
894 775 1000 818 revera
1014 754 1083 818 nilril
1103 753 1214 834 estitit,

64 862 131 926 dous
148 872 179 925 ot
195 861 354 946 ingenitum
379 861 453 926 idem
470 861 553 945 ploce
578 859 758 945 significant,
793 879 856 922 cum
877 859 975 942 genita
995 857 1113 922 soboles
1135 857 1216 942 inge-

64 965 151 1029 nitum
165 985 222 1028 uon
241 965 384 1029 admittat.
409 961 496 1028 Unde
512 984 576 1026 curn
595 963 651 1025 dec
667 983 701 1025 uc
718 970 799 1046 putre
816 981 871 1024 suo
888 959 975 1024 simul
989 959 1129 1045 appolluri
1148 981 1216 1025 seso

64 1089 116 1131 uon
140 1067 260 1154 potitur.

143 1167 227 1232 Deus
244 1168 308 1246 ille,
332 1167 414 1252 quia
434 1166 513 1231 nollo
531 1166 589 1230 alic
605 1165 723 1251 genitus
741 1175 797 1244 est,
822 1164 928 1249 quique
944 1162 1025 1228 sulus
1041 1185 1129 1228 rurus
1144 1167 1217 1230 dcus

61 1270 94 1334 ab
109 1269 181 1336 lesu
198 1267 337 1349 Christo,
372 1269 420 1354 qui
442 1270 479 1332 alr
502 1289 538 1332 co
560 1268 667 1334 missus
685 1279 766 1348 erat,
799 1267 959 1353 appellatus
984 1277 1048 1346 est,
1082 1263 1214 1346 Christo,

62 1373 194 1458 inquam,
226 1374 273 1456 qui
301 1393 408 1436 reuera
432 1383 500 1435 ante
524 1371 641 1434 saecula
657 1366 754 1434 omnia
769 1370 885 1448 extitit,
917 1379 1019 1454 estque
1042 1369 1106 1434 sino
1128 1371 1216 1436 dubio

61 1478 158 1559 genita
183 1474 365 1551 substantia,
400 1494 490 1538 sanos
513 1493 567 1538 vos
594 1493 741 1557 sonasque
768 1483 798 1535 ct
823 1470 985 1536 incolumes
1009 1471 1044 1534 al)
1068 1472 1216 1558 impietate

62 1577 205 1643 custodiat
221 1577 249 1641 iu
263 1573 383 1642 Christo
398 1573 466 1640 lesu
482 1574 599 1638 domino
616 1586 731 1652 nostro,
755 1594 907 1659 perquem
924 1573 1019 1638 omnis
1032 1574 1125 1660 gloria
1142 1575 1215 1660 patri
1298 1619 1300 1624 ·

63 1690 90 1742 et
109 1701 190 1745 ouoc
212 1691 243 1743 et
263 1700 382 1766 semper
403 1689 433 1741 et
457 1678 485 1742 in
509 1678 628 1742 scocula
650 1677 855 1754 saeculorum,
882 1677 989 1740 Amen.

377 1814 557 1867 tuncrutttts
577 1815 666 1866 AETll
683 1812 899 1864 OPUSGULUM.

142 1985 211 2050 lloc
233 1986 322 2070 igitur
341 1984 656 2071 perniciosissimarum
675 1983 756 2050 Astii
779 1985 1008 2065 sententiarum,
1039 2007 1160 2069 quarum
1179 1989 1216 2052 ad

61 2109 111 2152 nos
137 2087 300 2174 particulae
330 2089 470 2172 quaedum
501 2098 716 2174 pervenerunt,
752 2086 925 2172 principium
954 2097 1000 2150 est
1030 2100 1131 2154 nostra
1162 2089 1216 2156 lrac

60 2189 255 2276 disputatione
278 2191 483 2256 relcllcndum.
527 2187 641 2254 Ferunt
663 2188 740 2254 euim
768 2199 900 2254 trecenta
922 2187 958 2252 alr
975 2187 1026 2254 illo
1049 2192 1216 2277 conscripta

59 2293 185 2376 capitula
206 2294 328 2357 istorum
347 2293 470 2372 similia,
501 2314 537 2356 ac
559 2281 892 2358 coutumeliis'diuiuum
912 2290 941 2355 iu
964 2312 1072 2356 oumcu
1092 2295 1212 2360 relerta.

59 2392 114 2458 llic
130 2405 232 2460 autem
251 2395 370 2481 perinde
387 2417 423 2459 ac
437 2396 462 2458 si
481 2395 546 2480 quis
563 2395 686 2460 emortui
703 2395 852 2460 cuiusdam
872 2415 905 2457 uc
923 2395 1078 2480 putrciacti
1095 2417 1215 2481 serpen·

58 2497 94 2562 tis
111 2499 226 2583 peritus
241 2519 276 2562 ac
292 2498 441 2562 studiosus
457 2498 567 2562 artilex
585 2496 723 2584 reliquias
740 2507 827 2581 utque
845 2517 913 2562 ossa
930 2496 1047 2582 legerit,
1071 2498 1111 2560 ita
1127 2498 1216 2582 pesti·

60 2599 139 2664 leroe
158 2600 237 2664 illius
261 2601 411 2665 doctrinae
431 2610 560 2684 partem,
593 2620 678 2683 quam
694 2599 729 2664 ad
748 2598 881 2663 homines
899 2598 1086 2685 decipiendos
1105 2599 1215 2686 scriptu

59 2701 105 2765 illo
123 2723 182 2767 suo
201 2703 236 2766 ad
253 2702 393 2787 qucsdum
418 2703 485 2765 dato
511 2701 674 2780 commisit,
704 2723 739 2764 ac
757 2703 793 2766 dc
813 2721 849 2767 co
868 2713 1004 2786 tunquam
1023 2703 1144 2788 egregio
1162 2703 1216 2768 ali·
1319 2689 1324 2704 ’

58 2825 113 2888 quo
136 2825 230 2890 opere
252 2804 413 2888 gloriatur,
447 2804 550 2881 huius,
582 2803 718 2888 iuquam,
751 2814 862 2888 partem
890 2803 1139 2870 lucubratiuncula
1167 2806 1216 2871 illa

57 2907 207 2986 continet,
239 2906 323 2970 cuius
341 2906 454 2970 initium
473 2905 693 2991 descripsimus.
740 2902 855 2990 Quibus
873 2906 909 2970 de
926 2908 1039 2972 caussis
1055 2919 1086 2972 ct
1103 2929 1158 2972 uos
1175 2929 1215 2974 ex

56 3009 212 3094 scriptoris
234 3008 328 3072 sacris
347 3009 445 3072 diuina
462 3009 603 3092 quaedam
620 3018 708 3092 utque
723 3008 922 3074 efficacissime
938 3009 1067 3074 remedia
1081 3009 1116 3074 ab
1132 3009 1215 3075 initio

57 3111 92 3173 ad
111 3112 202 3176 linem
224 3131 316 3195 usquc
334 3110 523 3196 collegimus,
555 3130 594 3174 ex
617 3111 722 3194 quibus
739 3111 900 3176 antidotum
919 3112 1061 3196 quoddam
1088 3113 1216 3176 cocleri-

57 3233 120 3277 utus
137 3212 169 3276 iu
188 3233 290 3277 eorum
307 3213 432 3298 gratiam
448 3213 496 3298 qui
515 3211 551 3276 ab
569 3211 646 3276 illius
664 3233 780 3278 ueneno
794 3235 829 3278 ac
846 3226 928 3300 peste
942 3214 1039 3278 curari
1053 3213 1212 3280 volueriut.

57 3315 101 3378 Ac
119 3315 306 3398 singolorum
326 3317 532 3402 propemodum
557 3313 715 3378 verborum
732 3336 773 3380 ex
793 3315 983 3400 syllogisticis
1003 3316 1061 3385 illis
1081 3317 1214 3406 capitulis

56 3417 289 3482 confutationem
313 3417 475 3487 isdusnrodi
498 3417 687 3482 subiecimus.

397 3622 488 3676 nuru
505 3621 658 3672 urtottottt
675 3621 868 3676 PRAEFATIO.

142 3723 290 3809 Quoniam
310 3723 522 3810 persecutionis
539 3724 617 3788 illius
634 3735 782 3811 tempore,
806 3747 891 3810 quam
911 3737 1013 3792 contra
1030 3749 1085 3792 uos
1102 3738 1214 3816 tempo-

57 3828 125 3891 rarii
144 3828 261 3912 quidam
280 3825 411 3890 homines
426 3826 606 3906 excitarunt,
632 3828 762 3892 nonrmlli
788 3829 879 3892 curiis
896 3851 969 3914 quos
992 3830 1120 3895 diximus
1135 3831 1215 3896 inter

57 3928 111 3992 clia
129 3929 220 3994 multu
248 3929 417 4015 opusculum
444 3929 586 4013 quoddam
604 3927 738 4013 privatim
756 3951 775 3994 a
796 3931 881 3996 nobis
899 3931 1099 3996 elucubratum
1117 3934 1152 3998 dc
1168 3934 1213 3998 io-

56 4031 158 4114 gcuitu
174 4032 231 4096 deu
248 4053 283 4096 ac
296 4032 397 4116 gunito
411 4031 623 4115 surripientes,
647 4031 793 4117 plerisque
806 4033 911 4098 audiris
926 4044 978 4098 aot
993 4035 1144 4118 detractis,
1167 4036 1214 4102 in·

87 4267 131 4324 99.
151 4263 258 4336 drusus
273 4273 337 4324 corut
353 4271 424 4335 infra.
690 4272 711 4324 l.
735 4288 793 4339 „pp
818 4268 955 4343 incultum
981 4276 1065 4338 teritur
1086 4279 1113 4326 tn
1134 4291 1213 4344 morp.

89 4339 148 4390 lw-
168 4337 265 4406 σωτῆρι
281 4342 353 4403 infru.
652 4343 707 4392 edit
724 4343 805 4393 Pctuu.

89 4407 149 4458 101.
167 4409 204 4474 τῷ
220 4408 274 4460 θεῶ
291 4407 336 4460 καὶ
351 4406 427 4473 πατρὶ
444 4409 514 4472 infru.
684 4410 709 4460 2.
728 4407 753 4462 ἐν
770 4411 851 4481 καιρῷ
866 4409 910 4464 τοῦ
926 4407 1103 4482 ἐπενεχθέντος
1120 4417 1212 4480 upriu-

90 4475 150 4526 102.
168 4473 213 4530 rud
229 4461 271 4529 u’sl
287 4479 351 4532 obtul
366 4479 440 4542 infru.
649 4485 688 4530 tur
704 4492 784 4542 supro.
