3058 5014
288 365 429 418 raanan
446 365 510 417 ura.
527 363 962 418 ur.·ront.1.raann.nxxv1.
1143 345 1205 414 eoa

52 477 159 564 Porro,
183 488 335 561 Nostrum,
360 483 538 562 enuntiarit,
570 485 778 569 aequalitatem
792 505 857 547 oum
875 494 958 568 patra
976 481 1045 560 lilii,
1068 478 1206 546 similitu·

50 588 197 674 dinemque
220 588 369 669 declarat,
401 609 455 651 neo
480 609 545 651 eam
569 589 680 668 solum,
714 586 864 650 sedidem
891 586 985 672 ipsum
1006 585 1037 650 in
1056 582 1205 660 omnibus,

50 711 98 753 nee
118 691 335 775 discrepantem
359 711 426 756 osso
449 690 606 775 signifieat.

124 791 283 877 Quomodo
302 813 375 858 uero
400 815 459 858 uon
483 793 616 878 aequalis
635 803 686 856 aut
706 792 812 858 similia
835 812 904 857 esse
929 801 1045 877 potest,
1077 788 1144 875 qni,
1175 797 1208 854 ut
1225 796 1287 865 cap.
1303 796 1360 850 vtt.

47 895 97 960 ianr
115 896 199 976 dixi,
223 893 430 981 sio'loquitur:
463 901 528 977 Ego
544 901 573 960 ιἰι
589 908 674 977 putre
689 908 719 957 et
730 907 815 978 poter
830 900 860 958 in
875 917 918 956 me
931 901 996 958 est?
1039 890 1127 977 Quod
1145 913 1204 956 non
1214 914 1360 971 renatae

47 1001 125 1061 modo
143 1001 176 1062 in
195 1001 351 1084 evangelio
367 1000 430 1086 ipse
445 999 540 1077 dixit,
563 999 614 1062 sed
633 1010 662 1063 et
676 996 783 1062 Esaias
799 1017 839 1062 ex
858 997 954 1062 saneti
971 995 1092 1084 spiritua
1107 994 1205 1060 afflatu
1217 1017 1347 1074 nasama

47 1101 207 1166 vaticinans
226 1101 315 1166 lilium
334 1103 363 1171 in
381 1110 465 1188 patre
488 1122 556 1165 osae
574 1102 732 1186 coguovit,
764 1122 819 1165 neo
835 1100 870 1164 ab
889 1101 992 1165 eodem
1012 1100 1139 1164 alienum
1157 1107 1208 1164 unt

46 1202 210 1283 diversum,
245 1205 332 1289 idque
354 1205 432 1270 itlius
458 1205 548 1268 rerba
575 1205 790 1268 demonstrant.
836 1200 923 1287 Quae
945 1203 989 1268 sio
1013 1203 1042 1267 iu
1068 1201 1207 1266 Hebraeo

46 1317 186 1390 eouuepta
209 1319 296 1371 suut:
330 1304 447 1370 Pttmou
470 1307 571 1384 saria,
604 1307 742 1370 viaboton
768 1306 888 1385 audiui,
920 1327 1022 1372 somer
1044 1305 1204 1382 ammonio,

47 1405 265 1488 tornamento,
290 1410 392 1474 thesar
407 1409 500 1474 salom
516 1409 626 1490 salom,
651 1409 753 1472 ohibau
771 1409 877 1489 batuli,
903 1407 991 1474 benun
1006 1407 1140 1472 baldouai
1155 1407 1207 1472 nd·

45 1509 124 1588 tort,
150 1511 267 1576 ehitai'a
283 1513 400 1576 Adonai
417 1513 602 1576 sodolemim.
648 1510 734 1597 Quae
752 1512 795 1575 sio
814 1512 921 1596 Aquila
937 1512 1049 1576 reddita
1086 1514 1207 1592 Aperite

43 1625 150 1691 putus,
185 1619 366 1695 ringo-edamur
380 1637 453 1696 gene
472 1620 564 1689 iusta,
590 1619 751 1678 custodiens
758 1617 867 1697 fidem,
892 1615 1204 1697 oppiiea'umfirmutura‚

43 1721 168 1779 eustodr'u
180 1722 279 1798 poeni,
315 1722 445 1800 quonttrnr
462 1723 491 1780 r'n
508 1723 569 1798 ipm
586 1721 748 1802 confidunt:
782 1720 917 1800 eoqfidr'te
931 1722 1043 1780 domnino
1061 1721 1091 1779 iu
1107 1737 1206 1778 sumu·

44 1821 110 1893 tma,
134 1824 270 1902 quonium
287 1824 316 1882 in
334 1823 445 1882 domm
459 1825 605 1895 domninus,
639 1823 963 1902 pnr'firrnuor'teuerulu.
1011 1817 1206 1905 Septuaginta

43 1924 277 2002 veroaAperr'te
288 1935 405 2004 portua,
437 1927 618 2005 r'rrgredr‘utur
634 1928 794 1986 custodiens
812 1928 974 1997 veritatem,
1004 1935 1034 1985 et
1049 1924 1206 2004 apprehen·

43 2025 104 2086 deno
120 2029 287 2100 veritatem,
319 2037 348 2087 et
362 2031 522 2088 custodiens
532 2047 650 2106 praeeat,¹
681 2029 811 2108 quondum
834 2032 864 2088 ιἰι
882 2035 1125 2106 temeraverunt,
1154 2029 1205 2086 do·

42 2131 119 2201 maire,
139 2149 231 2208 nsque
245 2132 275 2189 r'n
293 2132 453 2202 annulum,
479 2134 549 2191 deun
568 2151 703 2208 magnus,
728 2142 871 2192 aeternus.
920 2125 1038 2210 Quoia
1058 2128 1123 2192 loon
1141 2127 1206 2191 ani·

43 2229 205 2293 madrertat
222 2229 315 2294 tentor
330 2233 405 2316 apud
425 2229 621 2316 Septuaginta
636 2235 773 2294 nonnam
793 2245 821 2294 et
837 2235 964 2312 Magnos
980 2229 1119 2316 seriptum
1137 2249 1205 2294 esse

43 2351 90 2412 pro
106 2352 144 2394 eo
162 2333 241 2416 quod
257 2343 304 2396 est
319 2337 352 2394 ln
368 2337 489 2396 domnino.
537 2331 633 2416 Quam
650 2335 738 2398 multa
755 2335 858 2398 eadem
874 2335 909 2398 de
926 2355 959 2397 re
975 2344 1131 2418 praeterea
1146 2331 1205 2398 diei

41 2436 181 2516 possuntt
226 2431 286 2498 Sed
311 2455 420 2500 vereor
444 2455 480 2498 ue
508 2436 625 2519 longius
651 2437 825 2522 disputando
849 2436 1033 2522 progrediar.
1087 2433 1205 2521 Quippe

42 2537 132 2599 omnia
157 2537 255 2600 saeris
281 2538 312 2601 iu
333 2537 427 2602 literis
448 2541 601 2625 perspicua
619 2551 706 2619 sunt,
739 2541 763 2604 si
785 2541 850 2624 quis
873 2541 920 2624 pia
945 2549 1041 2603 mento
1061 2539 1098 2604 ad
1114 2537 1205 2603 divini

42 2639 119 2703 verbi
137 2639 340 2724 euguitinueua
365 2642 544 2721 arcesserit,
577 2664 673 2728 nequo
695 2641 802 2706 diaboli
822 2643 948 2730 impulsu
967 2643 997 2705 in
1016 2640 1116 2728 seipso
1133 2663 1206 2704 uon·

41 2751 119 2823 eepto
134 2743 165 2804 in
186 2742 360 2806 altissimam
380 2743 484 2808 mortis
505 2745 678 2828 voraginem
704 2745 892 2832 praeeipitem
916 2767 985 2810 aeae
1010 2745 1203 2810 commiserit.

43 2838 295 2924 Quemadmodum
321 2846 427 2910 iulelin
455 2845 514 2910 istu
539 2869 604 2911 oum
629 2848 827 2912 sectatoribus
854 2847 917 2912 suis
941 2849 1038 2912 laeere
1063 2846 1202 2925 institnit,

39 2944 81 3026 qui
101 2969 196 3030 supra
215 2969 335 3028 omues,
360 2959 504 3033 quotquot
519 2961 589 3013 aute
609 2950 689 3035 ipsos
708 2951 912 3015 contumeliosi
931 2951 961 3014 iu
978 2951 1064 3014 deum
1081 2951 1204 3035 eiusque

40 3045 118 3112 fidem
137 3050 321 3130 extiterunt,
342 3053 377 3114 nd
394 3053 616 3136 oppuguandam
634 3055 787 3117 veritatem
805 3054 939 3137 aggressi
955 3063 1035 3116 sunt.
1080 3050 1205 3118 Marteat

39 3149 123 3232 igitur
150 3152 325 3216 dissimilem
351 3154 442 3238 patris
466 3176 533 3220 esse
558 3178 616 3219 non
638 3177 725 3241 posse
748 3157 855 3234 lilium3
889 3177 984 3241 neque
1008 3155 1150 3220 tamenin
1167 3175 1204 3220 eu

38 3253 191 3318 admodum
212 3255 437 3340 acquiescimus.
484 3255 563 3322 Nam
591 3279 649 3321 noo
672 3259 766 3322 solum
789 3257 911 3335 similis,
947 3261 998 3322 sed
1025 3270 1055 3323 et
1072 3259 1205 3343 aequatis
1257 3263 1263 3272 '

39 3367 98 3434 est,
122 3359 262 3443 idemque
277 3359 447 3435 divinitate,
472 3359 666 3438 aeternitate,
703 3360 822 3424 virtute.
869 3359 947 3424 Nam
963 3361 1045 3425 illum
1061 3357 1205 3426 andronii-

38 3476 95 3520 nror
116 3482 179 3522 uon
207 3461 403 3546 appellamus,
435 3462 490 3525 laon
513 3471 560 3526 est
583 3464 705 3526 eaodem
731 3483 796 3525 oum
820 3473 903 3548 patre
921 3463 1133 3544 substantium,
1166 3483 1204 3528 ne

38 3581 92 3624 roa
113 3564 173 3626 istu
189 3585 207 3626 a
226 3565 374 3628 nonnullis
392 3575 531 3650 usurpata
550 3563 750 3630 Satettiaoum
770 3567 805 3628 ad
824 3567 929 3648 dogma
951 3567 1096 3631 trahatur.
1143 3563 1203 3631 Sed

38 3665 160 3730 eundem
186 3665 341 3731 divinitate
365 3677 395 3729 et
411 3666 576 3732 substantia
596 3677 625 3730 et
644 3667 753 3733 uirtute
772 3667 974 3755 praedicamus
994 3671 1069 3755 patri
1092 3691 1127 3733 ao
1146 3669 1205 3754 spi·

39 3765 100 3830 ritui
126 3779 234 3832 saneto
259 3769 288 3832 in
317 3767 452 3834 omnibns
476 3771 642 3854 aequalem.
686 3768 789 3854 Quare
812 3765 993 3851 o‘poorioror,
1024 3771 1053 3836 id
1069 3783 1117 3836 est
1132 3793 1204 3836 oon·

37 3869 259 3936 substantialem
284 3893 425 3936 rodamus
451 3893 490 3936 ex
515 3885 724 3938 sacrosanctae
749 3873 816 3938 atet
844 3873 1043 3960 praescripto,
1081 3885 1113 3939 ut
1137 3897 1204 3960 par-

38 3970 120 4036 tiente
145 3967 228 4054 ὁμοῦ
247 3977 394 4059 periectas
414 3996 482 4040 esse
506 3996 648 4062 personas
669 3977 835 4061 significet,
868 3978 1101 4061 quandoquidem
1127 3979 1202 4044 tilius

65 4141 257 4212 ἃδιιιβιλυιήι
271 4148 355 4208 tuipsa·
368 4152 494 4208 praeeunte
511 4150 601 4199 Corno-
669 4146 694 4200 9.
719 4145 802 4216 τούτῳ
826 4149 959 4198 emendavit
983 4150 1103 4200 Petuuiua.
1137 4152 1203 4204 naara

35 4212 67 4259 rio
88 4212 144 4275 (qut
166 4216 233 4262 uertit
249 4211 396 4263 diabolicam
414 4215 599 4280 operationem)
634 4219 706 4279 vulqu
722 4217 804 4269 τοῦτο.

36 4285 53 4326 ιι
76 4283 183 4332 retentu
218 4277 339 4348 διαβολήν
363 4285 447 4334 totrnt
475 4285 540 4334 editt.
573 4288 601 4336 ln
673 4285 710 4336 tn.
728 4283 834 4350 λέγομεν
845 4287 930 4334 uitium
943 4289 976 4334 est
992 4287 1047 4337 edit.
1061 4288 1143 4340 nuno.
1157 4291 1202 4340 Go-

36 4348 82 4396 eud.
98 4350 148 4399 ten.
172 4353 286 4411 reperitur
302 4353 438 4401 nrmtoturo
457 4349 601 4438 tendetis,
635 4355 682 4403 lou.
699 4358 770 4416 repet.

374 4437 403 4471 τι
673 4421 711 4470 tt.
729 4417 793 4485 ἐμοῦ
812 4421 886 4471 aaran
912 4423 1039 4484 Petuntur,
1062 4425 1128 4475 tttrtr
1145 4439 1199 4477 nrm.

36 4485 58 4530 in
73 4487 126 4534 eod
151 4487 251 4550 tttedip.
269 4488 312 4539 dnn
331 4451 373 4548 alp
430 4489 457 4538 tn
481 4490 532 4538 eod.
551 4490 601 4539 Po·
635 4503 684 4539 unu
706 4501 759 4539 euna
783 4493 819 4539 ed.
836 4492 912 4553 princ.
935 4495 1126 4554 renumeratione.
1147 4496 1199 4545 Vua.

35 4553 192 4672 mm
213 4487 334 4622 dmdottlo
355 4553 401 4608 net
424 4553 520 4621 dudem,
548 4561 602 4607 teate
637 4556 728 4626 nupti<
746 4560 811 4610 etad
827 4573 844 4608 u
861 4561 912 4612 oud.
931 4561 1029 4625 aarum
