3058 5014
311 255 447 309 ranann
465 253 528 306 uta.
542 255 586 306 nr.
602 253 683 306 ron.
697 253 717 304 1.
734 251 834 304 eane.
850 251 972 304 exxvr.
1159 237 1219 302 ttt

148 377 311 439 xxxvttt.
331 374 365 441 Si
383 374 453 439 nihii
473 395 574 438 eorum
592 395 668 459 quae
684 373 777 438 vienna
797 371 940 456 effugiunt
955 370 1113 455 semetipso
1129 371 1223 434 sativa

71 478 185 562 quedam
210 479 239 542 vi
261 477 341 565 prius
358 488 419 556 est,
451 486 537 562 atque
566 475 683 540 definita
703 486 824 542 naturae
850 483 930 538 sorte
956 473 1141 550 continetur,
1174 471 1222 556 qui

69 580 125 644 ieri
145 590 243 666 potent
265 591 297 644 ut
322 581 471 664 ingenitus
501 580 573 642 deos
598 579 634 644 ab
659 578 738 642 omni
759 576 914 640 sortitione
932 575 1006 640 iiber
1029 597 1111 640 suam
1130 575 1223 660 ipsius

68 682 256 747 substantiam
278 683 364 747 modo
384 682 412 746 in
429 681 528 768 genita
546 681 649 746 sotote
675 679 825 744 interioris
848 678 997 742 cuiusdam
1020 699 1055 742 ae
1075 678 1222 741 senoniae

68 784 257 866 conditionis,
285 786 371 848 modo
388 783 419 849 in
437 783 568 868 ingenito
583 783 739 869 primariae
757 802 825 846 esee
849 782 965 861 videat,
997 781 1037 844 ita
1059 790 1091 843 ut
1116 778 1222 865 prioris

68 885 133 952 insit
154 891 190 950 ate
211 887 385 972 posterioris
408 889 502 951 ordo?

147 991 281 1053 ΧΧΧΙΧ.
307 986 339 1054 Si
364 989 393 1053 in
419 989 549 1074 ingenita
575 1001 678 1053 natura
696 997 867 1073 perseverat
888 986 978 1064 oeus,
1013 984 1221 1048 detrahendum

66 1089 116 1154 hoe
139 1090 183 1154 ilii
204 1103 269 1172 eet,
299 1103 331 1158 ot
344 1092 482 1176 generari
500 1113 533 1156 se
548 1101 635 1176 atque
653 1091 815 1176 ingenitum
833 1110 899 1154 esee
917 1097 1088 1173 cognoseat.
1135 1083 1221 1171 Quod

66 1193 88 1256 si
104 1194 132 1256 it
149 1193 191 1257 iiii
209 1195 295 1258 detur
309 1205 339 1258 ut
355 1215 409 1279 per
423 1195 514 1278 geniti
533 1183 714 1278 ingenitique
734 1193 930 1257 conditionem
949 1192 1026 1256 iliius
1041 1201 1142 1254 natura
1161 1201 1222 1254 tra·

66 1295 199 1376 dueatur,
223 1277 415 1361 substantiam
433 1297 497 1382 ipae
511 1317 594 1361 auom
611 1295 740 1381 ignorat,
765 1316 830 1360 oum
847 1297 883 1361 ab
897 1305 1034 1379 utraque,
1057 1293 1148 1379 geniti
1163 1293 1221 1358 oei·

65 1397 130 1461 lieet
154 1409 241 1482 atque
263 1399 404 1484 ingeniti,
429 1398 568 1483 qualitate
590 1398 780 1462 distrahatur.

145 1501 209 1564 XL.
233 1498 268 1567 Si
290 1521 363 1565 vero
381 1501 511 1586 genitum
531 1501 708 1565 conditionis
732 1499 855 1585 ingeniti
882 1499 1028 1586 particeps
1052 1508 1114 1579 eet,
1147 1510 1178 1563 et
1191 1499 1221 1564 in

65 1601 156 1686 geniti
172 1615 276 1669 natura
293 1614 433 1689 perpetuo
450 1613 561 1683 manet,
585 1624 710 1668 neeesse
728 1614 774 1667 est
791 1614 822 1666 ut
836 1623 870 1666 se
885 1602 1055 1688 imperfecta
1070 1603 1099 1666 in
1117 1612 1221 1666 natura

64 1705 253 1770 eonstitotum
281 1727 347 1770 esse
374 1715 551 1791 eognoscat,
584 1717 614 1770 et
638 1705 716 1769 iilam
741 1705 862 1790 ingeniti
886 1705 1118 1768 eommuniouem
1137 1703 1222 1789 igno·

65 1819 118 1872 ret.
167 1806 275 1894 Neque
292 1809 368 1872 enim
388 1809 463 1873 idem
483 1810 519 1873 de
537 1809 635 1895 seipso
650 1820 681 1873 et
695 1807 843 1893 ingenitae
859 1806 1042 1872 substantiae
1059 1819 1088 1872 et
1103 1807 1221 1893 genitae

64 1911 196 1975 notitiam
219 1911 380 1975 informare
397 1922 505 1996 potest.

75 2083 79 2091 ,
146 2015 223 2076 XLI.
244 2011 278 2077 Si
294 2013 417 2098 ingeniti
435 2013 598 2099 proprietas
615 2013 689 2077 teris
709 2022 767 2093 est,
791 2033 825 2076 ao
844 2012 953 2077 minimi
970 2012 1120 2091 iaciente,
1145 2015 1220 2099 quod

64 2115 92 2180 in
112 2115 307 2181 mutationem
325 2115 463 2202 proclivio
479 2117 534 2195 sit,
559 2111 744 2180 immutabitis
759 2115 924 2181 substantia
943 2124 1065 2180 naturae
1081 2118 1221 2201 quaedam

64 2219 191 2305 dignitus
216 2229 278 2296 est,
313 2240 379 2282 eum
403 2218 534 2304 ingenito
556 2217 718 2282 substantia
743 2217 872 2282 omnium
895 2218 1082 2283 confessione
1107 2218 1221 2284 nauseis

64 2322 200 2386 omnibus
223 2319 391 2384 anteoeiiat.

147 2425 238 2488 xtrr.
259 2419 292 2486 si
316 2421 478 2508 ingenitum
501 2442 635 2487 nauseam
653 2423 760 2488 nuttam
777 2423 892 2510 penitus
913 2421 1016 2502 hebet,
1046 2421 1162 2510 sintque
1177 2423 1222 2488 io·

62 2528 162 2610 genita
184 2525 346 2611 complura,
373 2525 544 2589 immutabili
563 2536 666 2590 natura
692 2526 879 2590 constabunt.
923 2523 1031 2611 Neque
1047 2527 1124 2590 euim
1141 2527 1223 2590 velut

63 2629 203 2693 attributa
220 2626 382 2692 eommunia
409 2627 557 2692 ouiosdam
578 2648 612 2692 ae
631 2627 788 2714 peouiiorio
806 2639 928 2692 naturae
944 2627 1111 2693 conditione
1133 2629 1222 2715 parti·

63 2753 192 2819 eepsque
215 2732 292 2794 taeta
315 2729 408 2794 altera
432 2727 530 2794 molita
552 2741 617 2810 est,
639 2732 731 2796 attera
754 2732 905 2818 producta.

146 2835 252 2897 xoret.
277 2829 311 2896 si
331 2832 495 2897 substantia
510 2833 605 2898 omnis
622 2834 752 2920 ingenita
769 2846 831 2915 eet,
856 2834 926 2898 nihil
943 2856 960 2898 a
975 2855 1008 2900 ae
1023 2833 1149 2898 invicem
1167 2834 1220 2900 hae

62 2947 210 3024 exparte
237 2935 393 3014 different,
432 2937 507 3021 qood
530 2947 633 3002 neutra
658 2936 847 3002 dominationi
870 2937 1002 3001 subiecta
1024 2937 1062 3002 sit
1085 2937 1217 3002 alterius.

62 3035 166 3121 Quare
180 3037 296 3123 quinam
314 3038 450 3101 affirmari
465 3049 561 3124 potest
575 3039 678 3104 mutari
690 3060 789 3120 unam,
803 3039 924 3104 alteram
940 3051 1064 3119 mutere,
1084 3059 1149 3104 eom
1164 3040 1220 3104 deo

63 3142 188 3206 minime
211 3140 382 3226 permittent
403 3151 435 3204 ut
457 3161 497 3205 ex
520 3142 598 3207 notio
620 3141 752 3209 subiecto
775 3140 938 3206 substantia
958 3143 1111 3227 producat.

147 3244 253 3308 xttv.
276 3239 310 3307 Si
327 3243 423 3306 omnio
438 3243 600 3309 substantia
617 3243 747 3328 ingenita
761 3255 824 3323 est,
849 3243 969 3329 perinde
985 3254 1015 3309 et
1030 3245 1107 3308 nolio
1122 3247 1221 3312 uana·

61 3345 128 3412 titia
142 3357 202 3411 est.
248 3341 335 3429 Quod
353 3346 378 3410 si
401 3345 511 3410 variari
528 3355 633 3410 natura
650 3367 708 3409 non
726 3356 839 3431 potest,
872 3367 961 3431 agere
984 3369 1018 3412 ao
1034 3348 1092 3434 peti
1110 3349 1146 3413 ad
1163 3351 1222 3414 tor-

59 3450 167 3514 tuitum
186 3449 329 3533 quendam
352 3468 452 3512 oasum
476 3449 630 3512 referenda
652 3457 732 3512 sunt.

147 3553 239 3614 XLV.
260 3548 349 3634 Quod
372 3551 397 3614 oi
419 3551 508 3614 multa
532 3550 590 3615 sint
611 3550 742 3635 ingenita
767 3561 795 3616 et
811 3550 1013 3634 invariabitia,
1045 3553 1123 3619 nullo
1140 3565 1221 3618 eerto

60 3675 77 3717 a
98 3675 136 3720 se
156 3653 285 3718 invioern
305 3675 427 3717 numero
446 3652 661 3738 discrepabunt.
706 3649 813 3739 Neque
836 3652 912 3718 enim
936 3657 1142 3741 comprehendi
1169 3677 1223 3720 nn-

60 3777 147 3820 mero
168 3766 307 3840 poterunt
324 3777 396 3840 qoae
419 3756 467 3820 vet
485 3755 618 3820 absolute
637 3757 684 3822 vet
702 3755 799 3842 atique
816 3777 856 3820 ex
873 3767 956 3843 parte
977 3758 1132 3838 differant,
1157 3779 1221 3822 oum

61 3858 234 3924 differentia
252 3858 348 3923 omnis
366 3858 576 3924 determinatae
592 3879 716 3923 caussae
732 3859 762 3922 iu
778 3859 909 3945 ingenita
927 3869 1030 3924 natura
1045 3861 1127 3924 vetut
1139 3861 1223 3926 attri-

61 3959 164 4026 butam
187 3973 298 4026 sortem
321 3960 478 4044 aignifleet.

95 4097 140 4152 87·
160 4089 384 4164 tornamento.
699 4093 740 4152 eo.
758 4096 837 4153 «tneo
853 4099 1042 4162 euenerat.
1075 4099 1225 4166 anenno

94 4166 140 4218 88.
160 4181 189 4219 τε
206 4164 252 4219 καὶ
268 4168 341 4229 intro.
661 4171 774 4230 praeterat
789 4165 840 4229 ἔτι,
863 4169 926 4230 quod
943 4169 1056 4220 Petootau
1077 4169 1168 4219 uncinis
1186 4173 1224 4220 to-

93 4231 140 4286 89.
159 4226 339 4300 temtqpoetv
357 4251 412 4288 τινα
431 4236 486 4288 teet
505 4247 535 4286 tn
554 4237 630 4300 Restat
663 4237 738 4287 etone
775 4237 903 4286 cmnnrtm
918 4238 985 4286 uertit
1002 4252 1077 4314 quum
1092 4235 1171 4288 omnia
1186 4236 1224 4288 di·

62 4305 156 4366 δαέρα·
171 4305 224 4353 ttoni
239 4307 262 4353 et
277 4305 331 4354 edit
343 4307 419 4366 prine-
441 4305 553 4366 proebent
569 4299 630 4357 cine-
663 4301 755 4353 stanna
771 4312 864 4353 nortem
880 4319 910 4354 ae
926 4303 1085 4371 partiuonem
1101 4303 1224 4372 quandam

61 4367 194 4438 xtap'peope
209 4368 271 4424 rot.
301 4373 415 4424 Petuuiua
429 4373 502 4422 edidit
518 4367 631 4439 α’ποκλή-
664 4370 781 4422 ostentat
809 4376 909 4424 munuae
931 4371 1069 4425 disiunctae
1098 4372 1225 4442 ingenitae

61 4457 141 4505 ρωμα
161 4435 271 4505 netad,
296 4441 338 4490 ned
355 4432 560 4506 ainoxtqpeiponi
575 4457 631 4494 τινα
663 4449 776 4493 naturae.

60 4512 208 4572 mnemon
