3060 5026
289 299 423 352 casseu
442 301 504 352 ere.
516 301 561 352 ιιι.
579 301 661 352 ron.
671 301 702 352 ιι.
720 301 819 354 naen.
830 301 976 352 nxxvru.
1152 290 1215 352 407

55 439 109 502 que
127 439 142 480 a
161 419 265 504 spiritu
280 431 384 484 sancto
399 420 496 484 aliena
512 431 601 499 sunt,
623 421 652 484 iu
671 419 725 485 hac
743 431 840 485 aetate
857 431 959 486 nostra
972 430 1041 484 suut
1056 419 1213 498 exhausta,

55 521 88 582 ad
109 520 167 583 alia
192 541 224 586 se
243 523 385 606 quaedam
403 544 477 588 nova
499 533 687 586 corruertuut.
734 521 858 606 Quidam
878 522 1002 586 enimin
1022 533 1133 606 patrem
1150 523 1217 586 uui·

54 643 208 686 versorum
230 624 315 689 deum
336 645 370 688 ac
388 625 569 690 conditorem
586 626 780 690 contumelias
798 626 925 704 iaciunt,
956 624 1058 708 quales
1077 635 1146 688 sunt
1166 625 1215 709 qni

55 724 191 790 Gnostici
213 725 360 791 dicuntur.
405 730 447 792 At
463 726 634 792 Marciones
661 737 691 792 et
710 726 900 806 Archontici,
932 747 987 790 neo
1012 747 1070 790 non
1097 737 1127 789 et
1150 727 1224 820 ³¹¹⁰:

54 849 117 890 rum
145 827 276 893 asseclae
302 827 487 910 Manichaei,
520 831 567 916 qui
592 852 652 894 uon
674 831 739 894 sine
763 831 862 894 divion
886 829 1007 913 quadam
1031 829 1215 912 providentia

55 931 196 994 luriosnm
218 932 286 996 illud
305 955 412 997 nomen
435 933 532 997 sortiti
549 933 704 1011 videntur,
735 933 825 1016 igitur
841 951 945 995 omnes
962 929 1010 994 isti
1028 952 1093 995 oum
1111 930 1217 1015 pleris-

54 1053 108 1116 que
128 1032 194 1096 aliis
215 1033 407 1113 haeresibus,
433 1032 613 1113 Cainorum,
637 1032 840 1111 Setienorum,
865 1031 1214 1111 Melchisedeeiauorum,

54 1132 314 1215 Colorbasiorum,
340 1135 615 1218 Cerdonianorum,
639 1159 674 1202 ac
690 1138 799 1202 ceteris
814 1137 842 1200 id
858 1157 970 1220 genus,
995 1136 1118 1198 eundem
1137 1134 1217 1200 illum

53 1237 258 1301 universorum
287 1250 397 1324 patrem
423 1239 609 1305 contumeliis
625 1240 773 1316 afficiunt,
805 1239 871 1304 dum
890 1240 983 1323 ipsum
1002 1249 1114 1322 negant
1129 1238 1215 1320 deum

54 1341 132 1403 illum
161 1341 296 1406 extitisse
321 1344 368 1426 qni
394 1344 422 1405 in
448 1344 513 1426 lege
529 1361 564 1406 ac
584 1342 733 1426 propbetis
756 1343 871 1405 locutus
895 1351 959 1419 est,
990 1339 1099 1425 quique
1117 1339 1217 1403 iures

53 1443 161 1505 creatis
184 1443 273 1507 rebus
288 1445 442 1522 omuibus,
475 1456 613 1528 tarrquam
633 1454 752 1508 creator
773 1455 802 1506 et
822 1444 923 1528 opiiex
940 1444 1098 1520 adoraturq
1132 1442 1216 1506 euius

53 1545 90 1606 illi
106 1544 216 1608 cultum
244 1568 299 1610 uua
324 1567 389 1610 oum
406 1546 556 1610 dominatu
572 1568 606 1610 ac
625 1556 770 1632 potestate
789 1556 935 1610 currantur
954 1555 1109 1623 euertere,
1135 1556 1167 1608 ut
1186 1555 1217 1607 et

52 1646 153 1725 illum,
184 1647 356 1730 quirevera
376 1660 438 1726 est,
473 1650 590 1713 eiureut
602 1650 688 1714 deum
706 1660 736 1713 et
754 1649 895 1726 alterum,
929 1649 1213 1732 quinosquemest,

53 1750 122 1814 lalsa
140 1770 177 1813 ac
195 1750 326 1814 fabulosa
343 1750 481 1836 opinione
496 1773 550 1816 sua
560 1752 748 1836 contingant,
772 1761 859 1836 atque
874 1761 904 1814 et
918 1771 1021 1814 verum
1036 1750 1116 1814 illum
1131 1749 1216 1812 amit·

53 1862 125 1928 tant,
152 1862 193 1930 et,
212 1871 297 1936 quem
318 1853 390 1917 falso
409 1854 464 1918 sibi
482 1866 659 1938 proponunt,
685 1875 867 1938 nequaquam
885 1863 1090 1937 assequantur.
1136 1849 1214 1916 Nam

53 1955 122 2018 bace
142 1965 190 2018 cst
204 1954 326 2038 nugacis
344 1955 431 2020 istius
452 1956 622 2033 doctrinae,
654 1975 728 2038 quac
746 1977 786 2020 ex
801 1955 908 2019 diaboli
925 1967 990 2018 satu
1006 1955 1213 2040 proficiscitur,

52 2057 95 2120 uis
114 2069 146 2120 et
163 2065 283 2133 natura,
308 2069 340 2120 ut
356 2058 589 2121 tumultationem
607 2079 641 2122 ae
661 2058 909 2143 perturbationem
926 2057 1074 2134 immittat,
1099 2066 1129 2120 et
1147 2077 1215 2142 pro-

52 2170 217 2222 creatorum
234 2159 382 2222 bominum
400 2171 515 2224 mentes
530 2161 751 2226 contumeliosis
766 2160 796 2222 iu
814 2161 899 2224 deum
915 2158 1141 2244 cogitationibus
1160 2179 1215 2222 ex-

51 2261 135 2340 eitct,
162 2273 193 2324 ut
210 2262 377 2346 depravatis
394 2262 565 2346 quibusdam
585 2263 789 2347 opinionibus,
813 2284 887 2347 quae
907 2283 971 2326 cuns
989 2263 1036 2326 dci
1057 2261 1214 2346 negatione

52 2366 226 2429 coniunctae
250 2375 336 2444 sunt,
369 2375 472 2428 contra
498 2364 645 2428 dominum
671 2385 755 2428 suum
780 2365 886 2428 hostile
909 2364 1015 2428 bellum
1037 2365 1210 2449 suscipiant.

51 2465 107 2532 Sed
134 2487 253 2530 rursum
272 2468 353 2530 velut
375 2469 499 2550 quodam
518 2466 585 2530 biuc
606 2467 734 2531 divortio
752 2469 829 2531 laeto
847 2466 980 2530 nonnulli
996 2467 1082 2530 aliast
1098 2467 1129 2530 in
1146 2488 1214 2551 par-

52 2581 105 2634 tem
122 2569 282 2634 dellectere
297 2590 355 2632 nou
374 2569 560 2647 dubitarunt,
586 2580 617 2634 ut
635 2570 752 2634 unicum
771 2569 986 2654 redemptorem
1005 2590 1089 2634 sunm
1108 2589 1142 2632 ao
1162 2569 1214 2633 do·

50 2673 158 2736 minum
177 2671 378 2754 abnegarent,
412 2671 591 2756 unigenitum
611 2673 739 2735 viventis
757 2671 804 2734 dei
824 2673 912 2735 filium
934 2668 1030 2736 lesum
1048 2668 1212 2752 Christum,

51 2775 95 2858 qui
115 2775 155 2836 ab
179 2774 282 2837 eodem
303 2784 386 2858 putre
409 2795 516 2838 revera
536 2784 580 2838 est
607 2775 673 2838 siue
695 2774 755 2838 ullo
773 2773 858 2838 initio
877 2795 911 2838 ae
931 2785 1061 2857 tempore
1080 2774 1212 2858 genitus,

51 2877 156 2961 quique
183 2877 220 2938 ab
243 2897 280 2938 eo
302 2887 331 2938 et
356 2897 421 2940 cum
447 2898 483 2940 eo
508 2898 627 2963 semper
643 2876 764 2956 existit,
797 2876 845 2960 qui
862 2879 978 2940 ratione
996 2875 1118 2960 quadum
1138 2896 1213 2959 qnae

50 2979 126 3042 omni
144 2977 408 3062 comprehensione
435 2981 571 3063 superior
588 2991 633 3044 est
655 2981 720 3042 sine
739 2979 796 3044 ulla
816 2977 1018 3062 inquinatione
1033 2977 1151 3062 genitus
1168 2988 1215 3040 est

50 3081 179 3144 eiusdem
204 3101 270 3143 cum
295 3091 377 3166 patre
402 3081 602 3158 substantiae,
638 3103 692 3144 uec
717 3082 754 3143 ab
777 3102 812 3144 co
837 3082 896 3146 ullo
920 3082 1005 3144 modo
1029 3080 1212 3164 discrepans.

50 3179 162 3246 Corrtra
192 3181 269 3244 bunc
295 3180 385 3266 igitur
406 3181 590 3246 insanientes
613 3183 679 3261 alii,
711 3184 794 3246 velut
814 3183 905 3246 rabidi
924 3203 1031 3260 canes,
1065 3182 1213 3246 domiuum

50 3282 334 3360 suumallatrautes,
358 3283 599 3368 quemadmodum
618 3285 685 3348 olim
702 3282 814 3364 ludaei,
836 3285 912 3369 quod
929 3286 1007 3348 illum
1026 3284 1213 3368 ignorarent,

50 3388 153 3450 merito
169 3391 243 3448 muti
255 3408 339 3449 cunes
355 3409 371 3450 a
386 3387 525 3471 propbeta
543 3397 695 3453 vocantur.
742 3386 826 3471 Quae
841 3389 871 3450 in
889 3388 955 3452 illos
971 3387 1126 3472 appellatio
1141 3407 1210 3472 pro·
1222 3401 1366 3460 nectente.

50 3501 112 3572 pter
131 3489 330 3573 impudentem
350 3489 590 3552 antemuranum
614 3489 729 3554 illorum
749 3490 778 3554 in
799 3490 966 3568 dominum,
1000 3502 1029 3553 et
1046 3501 1213 3576 susceptam

51 3591 83 3654 ab
102 3603 290 3654 conaturam
314 3591 452 3676 impetum
478 3602 508 3654 et
534 3591 673 3655 insultum
696 3592 760 3656 iure
784 3593 951 3668 confertur,
985 3605 1016 3656 ut
1033 3615 1071 3657 ex
1090 3614 1126 3655 eo
1142 3613 1214 3656 oon·

50 3704 126 3756 stare
148 3704 246 3778 potest
263 3695 338 3776 quod
359 3693 493 3756 rabiosos
509 3715 598 3756 canes
616 3695 653 3757 ob
671 3695 698 3757 id
714 3706 811 3759 mutos
827 3715 894 3759 esse
911 3707 1050 3777 narrant,
1074 3693 1213 3780 quoniam

51 3794 109 3878 ipsa
131 3795 200 3858 illos
224 3795 322 3861 rabies
346 3797 499 3860 edentulos
525 3796 604 3860 lacit.

132 3896 189 3960 Est
206 3898 284 3961 enim
303 3896 375 3960 baec
397 3909 501 3962 natura
518 3921 643 3978 carrum,
668 3911 821 3985 postquam
839 3901 922 3964 rabie
941 3902 1043 3964 tentati
1061 3909 1141 3976 sunt,
1168 3907 1210 3977 nt,
1225 3921 1286 3991 (pp,
1304 3922 1348 3976 pv,

51 4001 95 4080 qui
113 4001 262 4064 dominum
290 4012 395 4076 antea,
428 4002 549 4084 eiusque
572 4003 681 4066 liberos
703 4024 738 4066 ac
755 4003 952 4080 domesticos,
971 3991 1160 4084 'ceterosque
1178 4001 1213 4064 il·

51 4103 101 4166 lius
130 4105 308 4190 propinquos
334 4115 363 4165 et
386 4104 544 4167 familiares
573 4116 793 4188 cognoverant,
828 4106 1002 4190 simulatque
1031 4103 1133 4168 morbo
1161 4103 1212 4168 illo

52 4206 177 4292 correpti
195 4217 280 4281 suut,
312 4207 440 4268 omnium
462 4206 586 4270 istorum
614 4207 711 4270 vultus
730 4209 844 4272 illorum
868 4207 962 4271 oculis
983 4207 1153 4270 commutati
1167 4207 1212 4270 vi·

52 4307 191 4388 deantur,
225 4320 312 4393 atque
336 4309 365 4370 in
391 4318 477 4370 notos
504 4309 653 4389 insiliant,
684 4331 757 4394 quos
781 4321 867 4374 antea
893 4311 996 4396 partim
1021 4312 1112 4378 cauda
1132 4309 1213 4376 blan-

81 4479 105 4528 3.
125 4481 239 4544 Suspicor
255 4478 279 4532 οἳ
297 4479 349 4546 μὲν.
648 4479 722 4535 ἕνεκα
737 4483 791 4548 τῆς.

83 4551 105 4600 t.
125 4549 232 4600 Fortasse
250 4547 282 4604 ds
299 4551 362 4616 τῆς,
379 4553 415 4600 vet
430 4547 613 4620 κατηξιωμίιοι
