<?xml version="1.0" encoding="UTF-8"?>
<!DOCTYPE html PUBLIC "-//W3C//DTD XHTML 1.0 Transitional//EN"
    "http://www.w3.org/TR/xhtml1/DTD/xhtml1-transitional.dtd">
<html xmlns="http://www.w3.org/1999/xhtml" xml:lang="en" lang="en">
 <head>
  <title>
</title>
<meta http-equiv="Content-Type" content="text/html;charset=utf-8" />
  <meta name='ocr-system' content='tesseract 3.04.00' />
  <meta name='ocr-capabilities' content='ocr_page ocr_carea ocr_par ocr_line ocrx_word'/>
</head>
<body>
  <div class='ocr_page' id='page_1' title='image "./corporishaerese00oehlgoog/corporishaerese00oehlgoog_0440.png"; bbox 0 0 3060 5026; ppageno 0'>
   <div class='ocr_carea' id='block_1_1' title="bbox 286 254 1215 321">
    <p class='ocr_par' dir='ltr' id='par_1_1' title="bbox 286 254 1215 321">
     <span class='ocr_line' id='line_1_1' title="bbox 286 254 1215 321; baseline -0.004 0"><span class='ocrx_word' id='word_1_1' title='bbox 286 267 422 321; x_wconf 76' lang='lat' dir='ltr'><strong>nassau</strong></span> <span class='ocrx_word' id='word_1_2' title='bbox 440 268 503 320; x_wconf 84' lang='lat' dir='ltr'><strong>nse.</strong></span> <span class='ocrx_word' id='word_1_3' title='bbox 518 269 562 321; x_wconf 93' lang='grc' dir='ltr'><strong>ιιι.</strong></span> <span class='ocrx_word' id='word_1_4' title='bbox 576 267 658 320; x_wconf 85' lang='lat' dir='ltr'><strong>ross.</strong></span> <span class='ocrx_word' id='word_1_5' title='bbox 672 268 705 319; x_wconf 91' lang='lat' dir='ltr'><strong>n.</strong></span> <span class='ocrx_word' id='word_1_6' title='bbox 723 265 823 319; x_wconf 83' lang='lat' dir='ltr'><strong>asna.</strong></span> <span class='ocrx_word' id='word_1_7' title='bbox 839 267 984 318; x_wconf 81' lang='lat' dir='ltr'><strong>nxxvsn.</strong></span> <span class='ocrx_word' id='word_1_8' title='bbox 1152 254 1215 318; x_wconf 77' lang='grc' dir='ltr'><strong>ιιι</strong></span> 
     </span>
    </p>
   </div>
   <div class='ocr_carea' id='block_1_2' title="bbox 48 385 1373 4161">
    <p class='ocr_par' dir='ltr' id='par_1_2' title="bbox 54 385 1331 578">
     <span class='ocr_line' id='line_1_2' title="bbox 54 385 1331 473; baseline -0.002 -23"><span class='ocrx_word' id='word_1_9' title='bbox 54 386 96 452; x_wconf 90' lang='lat' dir='ltr'><strong>illi</strong></span> <span class='ocrx_word' id='word_1_10' title='bbox 114 387 250 473; x_wconf 76' lang='lat' dir='ltr'>corpori,</span> <span class='ocrx_word' id='word_1_11' title='bbox 284 389 312 452; x_wconf 92' lang='lat' dir='ltr'><strong>io</strong></span> <span class='ocrx_word' id='word_1_12' title='bbox 337 411 394 473; x_wconf 93' lang='lat' dir='ltr'><strong>quo</strong></span> <span class='ocrx_word' id='word_1_13' title='bbox 414 389 486 454; x_wconf 90' lang='lat' dir='ltr'><strong>deus</strong></span> <span class='ocrx_word' id='word_1_14' title='bbox 509 387 710 467; x_wconf 75' lang='lat' dir='ltr'><strong>habitaverat,</strong></span> <span class='ocrx_word' id='word_1_15' title='bbox 745 407 798 473; x_wconf 92' lang='lat' dir='ltr'><strong>per</strong></span> <span class='ocrx_word' id='word_1_16' title='bbox 814 407 955 451; x_wconf 88' lang='lat' dir='ltr'><strong>sommam</strong></span> <span class='ocrx_word' id='word_1_17' title='bbox 975 386 1165 470; x_wconf 83' lang='lat' dir='ltr'><strong>ignominiam</strong></span> <span class='ocrx_word' id='word_1_18' title='bbox 1181 385 1217 450; x_wconf 89' lang='lat' dir='ltr'><strong>il·</strong></span> <span class='ocrx_word' id='word_1_19' title='bbox 1322 427 1331 445; x_wconf 52' lang='grc' dir='ltr'><strong>ι</strong></span> 
     </span>
     <span class='ocr_line' id='line_1_3' title="bbox 56 489 1218 578; baseline -0.005 -24"><span class='ocrx_word' id='word_1_20' title='bbox 56 489 190 554; x_wconf 78' lang='lat' dir='ltr'><strong>luderet‘t</strong></span> <span class='ocrx_word' id='word_1_21' title='bbox 220 501 278 574; x_wconf 89' lang='lat' dir='ltr'><strong>quo</strong></span> <span class='ocrx_word' id='word_1_22' title='bbox 296 491 410 575; x_wconf 91' lang='lat' dir='ltr'><strong>quidem</strong></span> <span class='ocrx_word' id='word_1_23' title='bbox 437 513 476 556; x_wconf 85' lang='lat' dir='ltr'><strong>ex</strong></span> <span class='ocrx_word' id='word_1_24' title='bbox 502 511 627 578; x_wconf 85' lang='lat' dir='ltr'><strong>corpore</strong></span> <span class='ocrx_word' id='word_1_25' title='bbox 649 499 785 576; x_wconf 89' lang='lat' dir='ltr'><strong>suscepta</strong></span> <span class='ocrx_word' id='word_1_26' title='bbox 808 489 888 554; x_wconf 90' lang='lat' dir='ltr'><strong>adei</strong></span> <span class='ocrx_word' id='word_1_27' title='bbox 906 489 1000 552; x_wconf 84' lang='lat' dir='ltr'><strong>verbo</strong></span> <span class='ocrx_word' id='word_1_28' title='bbox 1022 489 1147 553; x_wconf 89' lang='lat' dir='ltr'><strong>bominis</strong></span> <span class='ocrx_word' id='word_1_29' title='bbox 1171 496 1218 554; x_wconf 88' lang='lat' dir='ltr'><strong>est</strong></span> 
     </span>
    </p>

    <p class='ocr_par' dir='ltr' id='par_1_3' title="bbox 53 589 1216 678">
     <span class='ocr_line' id='line_1_4' title="bbox 53 589 1216 678; baseline -0.002 -23"><span class='ocrx_word' id='word_1_30' title='bbox 53 603 160 656; x_wconf 85' lang='lat' dir='ltr'><strong>natura</strong></span> <span class='ocrx_word' id='word_1_31' title='bbox 182 603 347 656; x_wconf 88' lang='lat' dir='ltr'><strong>contracta.</strong></span> <span class='ocrx_word' id='word_1_32' title='bbox 394 592 478 659; x_wconf 85' lang='lat' dir='ltr'>Unde</span> <span class='ocrx_word' id='word_1_33' title='bbox 498 605 527 657; x_wconf 91' lang='lat' dir='ltr'><strong>et</strong></span> <span class='ocrx_word' id='word_1_34' title='bbox 545 603 646 658; x_wconf 88' lang='lat' dir='ltr'><strong>sancta</strong></span> <span class='ocrx_word' id='word_1_35' title='bbox 671 593 719 657; x_wconf 89' lang='lat' dir='ltr'><strong>illa</strong></span> <span class='ocrx_word' id='word_1_36' title='bbox 741 603 771 656; x_wconf 86' lang='lat' dir='ltr'><strong>et</strong></span> <span class='ocrx_word' id='word_1_37' title='bbox 787 593 958 678; x_wconf 86' lang='lat' dir='ltr'><strong>incorrupta</strong></span> <span class='ocrx_word' id='word_1_38' title='bbox 980 612 1050 655; x_wconf 86' lang='lat' dir='ltr'><strong>oaro</strong></span> <span class='ocrx_word' id='word_1_39' title='bbox 1077 589 1216 654; x_wconf 81' lang='lat' dir='ltr'><strong>fabricata</strong></span> 
     </span>
    </p>

    <p class='ocr_par' dir='ltr' id='par_1_4' title="bbox 54 691 1216 778">
     <span class='ocr_line' id='line_1_5' title="bbox 54 691 1216 778; baseline -0.003 -19"><span class='ocrx_word' id='word_1_40' title='bbox 54 705 116 774; x_wconf 87' lang='lat' dir='ltr'><strong>est,</strong></span> <span class='ocrx_word' id='word_1_41' title='bbox 148 705 178 758; x_wconf 85' lang='lat' dir='ltr'><strong>et</strong></span> <span class='ocrx_word' id='word_1_42' title='bbox 192 715 257 758; x_wconf 88' lang='lat' dir='ltr'><strong>corn</strong></span> <span class='ocrx_word' id='word_1_43' title='bbox 275 695 435 760; x_wconf 85' lang='lat' dir='ltr'><strong>salvatoris</strong></span> <span class='ocrx_word' id='word_1_44' title='bbox 459 695 613 760; x_wconf 86' lang='lat' dir='ltr'><strong>divinitate</strong></span> <span class='ocrx_word' id='word_1_45' title='bbox 637 695 805 760; x_wconf 87' lang='lat' dir='ltr'><strong>coniuncta.</strong></span> <span class='ocrx_word' id='word_1_46' title='bbox 852 691 1104 778; x_wconf 79' lang='lat' dir='ltr'><strong>Quemadmodum</strong></span> <span class='ocrx_word' id='word_1_47' title='bbox 1126 713 1216 776; x_wconf 82' lang='lat' dir='ltr'><strong>auge·</strong></span> 
     </span>
    </p>

    <p class='ocr_par' dir='ltr' id='par_1_5' title="bbox 52 795 1360 981">
     <span class='ocr_line' id='line_1_6' title="bbox 52 795 1360 882; baseline -0.003 -22"><span class='ocrx_word' id='word_1_48' title='bbox 52 797 100 862; x_wconf 88' lang='lat' dir='ltr'><strong>lus</strong></span> <span class='ocrx_word' id='word_1_49' title='bbox 118 795 238 862; x_wconf 87' lang='lat' dir='ltr'><strong>Gabriel</strong></span> <span class='ocrx_word' id='word_1_50' title='bbox 263 796 323 861; x_wconf 90' lang='lat' dir='ltr'><strong>illic</strong></span> <span class='ocrx_word' id='word_1_51' title='bbox 345 807 469 863; x_wconf 87' lang='lat' dir='ltr'><strong>testatus</strong></span> <span class='ocrx_word' id='word_1_52' title='bbox 488 809 544 862; x_wconf 87' lang='lat' dir='ltr'><strong>est.</strong></span> <span class='ocrx_word' id='word_1_53' title='bbox 593 803 735 882; x_wconf 69' lang='lat' dir='ltr'><strong>Spsm&#39;tus,</strong></span> <span class='ocrx_word' id='word_1_54' title='bbox 769 797 880 880; x_wconf 90' lang='lat' dir='ltr'><strong>inquit,</strong></span> <span class='ocrx_word' id='word_1_55' title='bbox 914 801 1022 859; x_wconf 77' lang='lat' dir='ltr'><strong>domani</strong></span> <span class='ocrx_word' id='word_1_56' title='bbox 1039 799 1286 876; x_wconf 70' lang='lat' dir='ltr'><strong>supervenissem.</strong></span> <span class='ocrx_word' id='word_1_57' title='bbox 1298 813 1360 869; x_wconf 83' lang='grc' dir='ltr'><strong>ι,ιι.</strong></span> 
     </span>
     <span class='ocr_line' id='line_1_7' title="bbox 53 903 1219 981; baseline 0 -21"><span class='ocrx_word' id='word_1_58' title='bbox 53 905 84 961; x_wconf 84' lang='lat' dir='ltr'><strong>s&#39;n</strong></span> <span class='ocrx_word' id='word_1_59' title='bbox 102 912 143 973; x_wconf 87' lang='lat' dir='ltr'><strong>te,</strong></span> <span class='ocrx_word' id='word_1_60' title='bbox 175 913 204 962; x_wconf 89' lang='lat' dir='ltr'><strong>et</strong></span> <span class='ocrx_word' id='word_1_61' title='bbox 218 905 310 962; x_wconf 73' lang='lat' dir='ltr'><strong>sertus</strong></span> <span class='ocrx_word' id='word_1_62' title='bbox 331 904 467 962; x_wconf 71' lang='lat' dir='ltr'><strong>ultdssins&#39;</strong></span> <span class='ocrx_word' id='word_1_63' title='bbox 483 903 664 964; x_wconf 79' lang='lat' dir='ltr'><strong>obumbrabit</strong></span> <span class='ocrx_word' id='word_1_64' title='bbox 680 913 723 963; x_wconf 84' lang='lat' dir='ltr'><strong>te:</strong></span> <span class='ocrx_word' id='word_1_65' title='bbox 756 903 925 981; x_wconf 52' lang='lat' dir='ltr'><strong>s&#39;deoqne‘et</strong></span> <span class='ocrx_word' id='word_1_66' title='bbox 939 903 1015 981; x_wconf 83' lang='lat' dir='ltr'><strong>quod</strong></span> <span class='ocrx_word' id='word_1_67' title='bbox 1032 911 1166 961; x_wconf 83' lang='lat' dir='ltr'><strong>nuscetur</strong></span> <span class='ocrx_word' id='word_1_68' title='bbox 1181 921 1219 960; x_wconf 80' lang='lat' dir='ltr'><strong>er</strong></span> 
     </span>
    </p>

    <p class='ocr_par' dir='ltr' id='par_1_6' title="bbox 54 1000 1217 1087">
     <span class='ocr_line' id='line_1_8' title="bbox 54 1000 1217 1087; baseline 0 -23"><span class='ocrx_word' id='word_1_69' title='bbox 54 1015 83 1064; x_wconf 82' lang='lat' dir='ltr'><strong>te</strong></span> <span class='ocrx_word' id='word_1_70' title='bbox 100 1015 247 1076; x_wconf 72' lang='lat' dir='ltr'><strong>sumtum,</strong></span> <span class='ocrx_word' id='word_1_71' title='bbox 281 1005 429 1065; x_wconf 78' lang='lat' dir='ltr'><strong>uocabitur</strong></span> <span class='ocrx_word' id='word_1_72' title='bbox 454 1007 545 1066; x_wconf 72' lang='lat' dir='ltr'><strong>ntum</strong></span> <span class='ocrx_word' id='word_1_73' title='bbox 567 1008 622 1066; x_wconf 74' lang='grc' dir='ltr'><strong>ιιι.</strong></span> <span class='ocrx_word' id='word_1_74' title='bbox 678 1000 877 1087; x_wconf 81' lang='lat' dir='ltr'><strong>Quamobrem</strong></span> <span class='ocrx_word' id='word_1_75' title='bbox 901 1023 958 1086; x_wconf 92' lang='lat' dir='ltr'><strong>quo</strong></span> <span class='ocrx_word' id='word_1_76' title='bbox 985 1001 1102 1064; x_wconf 86' lang='lat' dir='ltr'><strong>tandem</strong></span> <span class='ocrx_word' id='word_1_77' title='bbox 1132 1009 1217 1087; x_wconf 87' lang='lat' dir='ltr'><strong>pacto</strong></span> 
     </span>
    </p>

    <p class='ocr_par' dir='ltr' id='par_1_7' title="bbox 53 1101 1218 1293">
     <span class='ocr_line' id='line_1_9' title="bbox 53 1101 1217 1192; baseline -0.001 -24"><span class='ocrx_word' id='word_1_78' title='bbox 53 1126 123 1168; x_wconf 89' lang='lat' dir='ltr'><strong>oum</strong></span> <span class='ocrx_word' id='word_1_79' title='bbox 140 1115 221 1169; x_wconf 88' lang='lat' dir='ltr'><strong>tants</strong></span> <span class='ocrx_word' id='word_1_80' title='bbox 236 1105 345 1190; x_wconf 89' lang='lat' dir='ltr'><strong>talique</strong></span> <span class='ocrx_word' id='word_1_81' title='bbox 362 1105 478 1190; x_wconf 83' lang='lat' dir='ltr'><strong>virgine</strong></span> <span class='ocrx_word' id='word_1_82' title='bbox 495 1101 595 1170; x_wconf 82' lang='lat' dir='ltr'><strong>blasio</strong></span> <span class='ocrx_word' id='word_1_83' title='bbox 612 1105 743 1192; x_wconf 88' lang='lat' dir='ltr'><strong>copulari</strong></span> <span class='ocrx_word' id='word_1_84' title='bbox 756 1123 846 1170; x_wconf 87' lang='lat' dir='ltr'><strong>ausus</strong></span> <span class='ocrx_word' id='word_1_85' title='bbox 862 1104 963 1168; x_wconf 79' lang='lat' dir='ltr'><strong>esset?</strong></span> <span class='ocrx_word' id='word_1_86' title='bbox 997 1101 1129 1188; x_wconf 87' lang='lat' dir='ltr'><strong>Ecquem</strong></span> <span class='ocrx_word' id='word_1_87' title='bbox 1144 1123 1217 1168; x_wconf 90' lang='lat' dir='ltr'><strong>vero</strong></span> 
     </span>
     <span class='ocr_line' id='line_1_10' title="bbox 54 1205 1218 1293; baseline -0.003 -23"><span class='ocrx_word' id='word_1_88' title='bbox 54 1209 183 1271; x_wconf 79' lang='lat' dir='ltr'><strong>fructum</strong></span> <span class='ocrx_word' id='word_1_89' title='bbox 196 1227 232 1272; x_wconf 88' lang='lat' dir='ltr'><strong>ea</strong></span> <span class='ocrx_word' id='word_1_90' title='bbox 250 1207 384 1293; x_wconf 85' lang='lat' dir='ltr'><strong>quaestio</strong></span> <span class='ocrx_word' id='word_1_91' title='bbox 401 1208 485 1272; x_wconf 91' lang='lat' dir='ltr'><strong>nobis</strong></span> <span class='ocrx_word' id='word_1_92' title='bbox 503 1208 617 1288; x_wconf 88' lang='lat' dir='ltr'><strong>attulit,</strong></span> <span class='ocrx_word' id='word_1_93' title='bbox 642 1220 737 1272; x_wconf 91' lang='lat' dir='ltr'><strong>utrum</strong></span> <span class='ocrx_word' id='word_1_94' title='bbox 754 1207 832 1272; x_wconf 90' lang='lat' dir='ltr'><strong>illius</strong></span> <span class='ocrx_word' id='word_1_95' title='bbox 848 1206 1091 1270; x_wconf 85' lang='lat' dir='ltr'><strong>cousuetudinem</strong></span> <span class='ocrx_word' id='word_1_96' title='bbox 1108 1205 1218 1269; x_wconf 85' lang='lat' dir='ltr'><strong>babue-</strong></span> 
     </span>
    </p>

    <p class='ocr_par' dir='ltr' id='par_1_8' title="bbox 52 1307 1218 1395">
     <span class='ocr_line' id='line_1_11' title="bbox 52 1307 1218 1395; baseline -0.002 -22"><span class='ocrx_word' id='word_1_97' title='bbox 52 1310 116 1373; x_wconf 77' lang='lat' dir='ltr'><strong>rit?</strong></span> <span class='ocrx_word' id='word_1_98' title='bbox 159 1307 264 1376; x_wconf 91' lang='lat' dir='ltr'><strong>Utrum</strong></span> <span class='ocrx_word' id='word_1_99' title='bbox 285 1331 357 1374; x_wconf 91' lang='lat' dir='ltr'><strong>vero</strong></span> <span class='ocrx_word' id='word_1_100' title='bbox 378 1311 495 1374; x_wconf 87' lang='lat' dir='ltr'><strong>taudem</strong></span> <span class='ocrx_word' id='word_1_101' title='bbox 512 1311 605 1394; x_wconf 83' lang='lat' dir='ltr'><strong>magis</strong></span> <span class='ocrx_word' id='word_1_102' title='bbox 628 1310 795 1395; x_wconf 78' lang='lat' dir='ltr'><strong>eligendum</strong></span> <span class='ocrx_word' id='word_1_103' title='bbox 813 1320 878 1388; x_wconf 88' lang='lat' dir='ltr'><strong>est,</strong></span> <span class='ocrx_word' id='word_1_104' title='bbox 911 1309 967 1372; x_wconf 90' lang='lat' dir='ltr'><strong>deo</strong></span> <span class='ocrx_word' id='word_1_105' title='bbox 982 1307 1148 1372; x_wconf 88' lang='lat' dir='ltr'><strong>istiusmodi</strong></span> <span class='ocrx_word' id='word_1_106' title='bbox 1166 1327 1218 1371; x_wconf 91' lang='lat' dir='ltr'><strong>oe·</strong></span> 
     </span>
    </p>

    <p class='ocr_par' dir='ltr' id='par_1_9' title="bbox 51 1406 1219 1704">
     <span class='ocr_line' id='line_1_12' title="bbox 51 1406 1217 1497; baseline -0.002 -22"><span class='ocrx_word' id='word_1_107' title='bbox 51 1411 137 1496; x_wconf 83' lang='lat' dir='ltr'><strong>gotia</strong></span> <span class='ocrx_word' id='word_1_108' title='bbox 151 1414 353 1493; x_wconf 87' lang='lat' dir='ltr'><strong>committere,</strong></span> <span class='ocrx_word' id='word_1_109' title='bbox 377 1433 414 1476; x_wconf 89' lang='lat' dir='ltr'><strong>an</strong></span> <span class='ocrx_word' id='word_1_110' title='bbox 430 1413 465 1477; x_wconf 88' lang='lat' dir='ltr'><strong>sd</strong></span> <span class='ocrx_word' id='word_1_111' title='bbox 484 1413 632 1477; x_wconf 87' lang='lat' dir='ltr'><strong>deteriora</strong></span> <span class='ocrx_word' id='word_1_112' title='bbox 651 1413 798 1477; x_wconf 88' lang='lat' dir='ltr'><strong>violenter</strong></span> <span class='ocrx_word' id='word_1_113' title='bbox 811 1411 993 1497; x_wconf 79' lang='lat' dir='ltr'><strong>irrumperet</strong></span> <span class='ocrx_word' id='word_1_114' title='bbox 1036 1406 1123 1493; x_wconf 95' lang='lat' dir='ltr'><strong>Quod</strong></span> <span class='ocrx_word' id='word_1_115' title='bbox 1139 1409 1217 1473; x_wconf 91' lang='lat' dir='ltr'><strong>eninr</strong></span> 
     </span>
     <span class='ocr_line' id='line_1_13' title="bbox 51 1510 1217 1601; baseline -0.003 -23"><span class='ocrx_word' id='word_1_116' title='bbox 51 1535 197 1599; x_wconf 89' lang='lat' dir='ltr'><strong>nosquam</strong></span> <span class='ocrx_word' id='word_1_117' title='bbox 214 1515 243 1578; x_wconf 93' lang='lat' dir='ltr'><strong>in</strong></span> <span class='ocrx_word' id='word_1_118' title='bbox 262 1516 355 1579; x_wconf 87' lang='lat' dir='ltr'><strong>sacris</strong></span> <span class='ocrx_word' id='word_1_119' title='bbox 372 1515 467 1579; x_wconf 90' lang='lat' dir='ltr'><strong>literis</strong></span> <span class='ocrx_word' id='word_1_120' title='bbox 490 1515 629 1601; x_wconf 87' lang='lat' dir='ltr'><strong>scriptum</strong></span> <span class='ocrx_word' id='word_1_121' title='bbox 649 1526 751 1596; x_wconf 85' lang='lat' dir='ltr'><strong>estet,</strong></span> <span class='ocrx_word' id='word_1_122' title='bbox 785 1513 842 1578; x_wconf 88' lang='lat' dir='ltr'><strong>nisi</strong></span> <span class='ocrx_word' id='word_1_123' title='bbox 862 1513 1073 1578; x_wconf 75' lang='lat' dir='ltr'><strong>crediderimus</strong></span> <span class='ocrx_word' id='word_1_124' title='bbox 1090 1510 1217 1576; x_wconf 78' lang='lat' dir='ltr'><strong>blaviam</strong></span> 
     </span>
     <span class='ocr_line' id='line_1_14' title="bbox 52 1613 1219 1704; baseline -0.002 -23"><span class='ocrx_word' id='word_1_125' title='bbox 52 1617 204 1682; x_wconf 82' lang='lat' dir='ltr'><strong>cum&#39;viro</strong></span> <span class='ocrx_word' id='word_1_126' title='bbox 221 1627 322 1704; x_wconf 88' lang='lat' dir='ltr'><strong>postes</strong></span> <span class='ocrx_word' id='word_1_127' title='bbox 338 1619 550 1696; x_wconf 79' lang='lat' dir='ltr'><strong>consuevisse,</strong></span> <span class='ocrx_word' id='word_1_128' title='bbox 583 1639 637 1682; x_wconf 91' lang='lat' dir='ltr'><strong>nos</strong></span> <span class='ocrx_word' id='word_1_129' title='bbox 658 1618 747 1684; x_wconf 84' lang='lat' dir='ltr'><strong>vitans</strong></span> <span class='ocrx_word' id='word_1_130' title='bbox 763 1627 915 1681; x_wconf 87' lang='lat' dir='ltr'><strong>aeternam</strong></span> <span class='ocrx_word' id='word_1_131' title='bbox 935 1613 1055 1679; x_wconf 90' lang='lat' dir='ltr'><strong>minime</strong></span> <span class='ocrx_word' id='word_1_132' title='bbox 1074 1635 1219 1680; x_wconf 86' lang='lat' dir='ltr'><strong>consecu-</strong></span> 
     </span>
    </p>

    <p class='ocr_par' dir='ltr' id='par_1_10' title="bbox 52 1709 1373 2318">
     <span class='ocr_line' id='line_1_15' title="bbox 52 1709 1217 1804; baseline -0.001 -21"><span class='ocrx_word' id='word_1_133' title='bbox 52 1731 157 1799; x_wconf 86' lang='lat' dir='ltr'><strong>turos,</strong></span> <span class='ocrx_word' id='word_1_134' title='bbox 191 1722 244 1785; x_wconf 87' lang='lat' dir='ltr'><strong>sed</strong></span> <span class='ocrx_word' id='word_1_135' title='bbox 270 1720 378 1784; x_wconf 89' lang='lat' dir='ltr'><strong>iudicio</strong></span> <span class='ocrx_word' id='word_1_136' title='bbox 396 1709 665 1800; x_wconf 80' lang='lat' dir='ltr'><strong>condemnandos,</strong></span> <span class='ocrx_word' id='word_1_137' title='bbox 700 1720 810 1784; x_wconf 86' lang='lat' dir='ltr'><strong>nemini</strong></span> <span class='ocrx_word' id='word_1_138' title='bbox 831 1739 899 1784; x_wconf 88' lang='lat' dir='ltr'><strong>esse</strong></span> <span class='ocrx_word' id='word_1_139' title='bbox 926 1728 1024 1804; x_wconf 86' lang='lat' dir='ltr'><strong>potest</strong></span> <span class='ocrx_word' id='word_1_140' title='bbox 1048 1718 1217 1782; x_wconf 90' lang='lat' dir='ltr'><strong>obscurum.</strong></span> 
     </span>
     <span class='ocr_line' id='line_1_16' title="bbox 53 1817 1218 1909; baseline -0.001 -24"><span class='ocrx_word' id='word_1_141' title='bbox 53 1819 213 1906; x_wconf 88' lang='lat' dir='ltr'><strong>Quaenam</strong></span> <span class='ocrx_word' id='word_1_142' title='bbox 240 1843 313 1886; x_wconf 88' lang='lat' dir='ltr'><strong>vero</strong></span> <span class='ocrx_word' id='word_1_143' title='bbox 338 1822 456 1906; x_wconf 88' lang='lat' dir='ltr'><strong>scriptis</strong></span> <span class='ocrx_word' id='word_1_144' title='bbox 475 1843 620 1909; x_wconf 86' lang='lat' dir='ltr'><strong>expressa</strong></span> <span class='ocrx_word' id='word_1_145' title='bbox 643 1824 733 1887; x_wconf 72' lang='lat' dir='ltr'><strong>sunt?</strong></span> <span class='ocrx_word' id='word_1_146' title='bbox 765 1821 865 1907; x_wconf 90' lang='lat' dir='ltr'><strong>utique</strong></span> <span class='ocrx_word' id='word_1_147' title='bbox 882 1824 1016 1886; x_wconf 86' lang='lat' dir='ltr'><strong>bonesta.</strong></span> <span class='ocrx_word' id='word_1_148' title='bbox 1063 1817 1218 1904; x_wconf 85' lang='lat' dir='ltr'><strong>Quaenam</strong></span> 
     </span>
     <span class='ocr_line' id='line_1_17' title="bbox 54 1921 1373 2041; baseline -0.001 -54"><span class='ocrx_word' id='word_1_149' title='bbox 54 1927 171 2012; x_wconf 80' lang='lat' dir='ltr'><strong>porro?</strong></span> <span class='ocrx_word' id='word_1_150' title='bbox 192 1924 281 1989; x_wconf 88' lang='lat' dir='ltr'><strong>iusta.</strong></span> <span class='ocrx_word' id='word_1_151' title='bbox 320 1921 406 2008; x_wconf 90' lang='lat' dir='ltr'><strong>Quae</strong></span> <span class='ocrx_word' id='word_1_152' title='bbox 423 1926 561 2011; x_wconf 86' lang='lat' dir='ltr'><strong>inquamt</strong></span> <span class='ocrx_word' id='word_1_153' title='bbox 584 1925 720 2005; x_wconf 89' lang='lat' dir='ltr'><strong>bonesta,</strong></span> <span class='ocrx_word' id='word_1_154' title='bbox 744 1927 966 1987; x_wconf 70' lang='lat' dir='ltr'><strong>etaud&#39;enn&#39;bas</strong></span> <span class='ocrx_word' id='word_1_155' title='bbox 983 1928 1136 1987; x_wconf 74' lang='lat' dir='ltr'><strong>concelebra·</strong></span> <span class='ocrx_word' id='word_1_156' title='bbox 1147 1945 1219 2005; x_wconf 78' lang='lat' dir='ltr'><strong>gru-</strong></span> <span class='ocrx_word' id='word_1_157' title='bbox 1232 1942 1291 2041; x_wconf 73' lang='lat' dir='ltr'><strong>app.</strong></span> <span class='ocrx_word' id='word_1_158' title='bbox 1303 1947 1325 2001; x_wconf 89' lang='grc' dir='ltr'><strong>ι,</strong></span> <span class='ocrx_word' id='word_1_159' title='bbox 1339 1945 1373 1988; x_wconf 87' lang='lat' dir='ltr'><strong>ns.</strong></span> 
     </span>
     <span class='ocr_line' id='line_1_18' title="bbox 53 1997 1359 2112; baseline -0.001 -22"><span class='ocrx_word' id='word_1_160' title='bbox 53 2033 99 2090; x_wconf 82' lang='lat' dir='ltr'><strong>ts&#39;n</strong></span> <span class='ocrx_word' id='word_1_161' title='bbox 108 2033 211 2110; x_wconf 76' lang='lat' dir='ltr'><strong>possit.</strong></span> <span class='ocrx_word' id='word_1_162' title='bbox 258 2027 301 2091; x_wconf 79' lang='lat' dir='ltr'><strong>At</strong></span> <span class='ocrx_word' id='word_1_163' title='bbox 319 2027 454 2091; x_wconf 88' lang='lat' dir='ltr'><strong>homines</strong></span> <span class='ocrx_word' id='word_1_164' title='bbox 481 2027 660 2092; x_wconf 84' lang='lat' dir='ltr'><strong>necessariis</strong></span> <span class='ocrx_word' id='word_1_165' title='bbox 683 2026 794 2091; x_wconf 90' lang='lat' dir='ltr'><strong>relictis</strong></span> <span class='ocrx_word' id='word_1_166' title='bbox 818 2027 856 2092; x_wconf 87' lang='lat' dir='ltr'><strong>iis</strong></span> <span class='ocrx_word' id='word_1_167' title='bbox 874 2047 947 2112; x_wconf 90' lang='lat' dir='ltr'><strong>quae</strong></span> <span class='ocrx_word' id='word_1_168' title='bbox 970 2048 1035 2091; x_wconf 88' lang='lat' dir='ltr'><strong>cum</strong></span> <span class='ocrx_word' id='word_1_169' title='bbox 1057 2025 1123 2090; x_wconf 87' lang='lat' dir='ltr'><strong>ddei</strong></span> <span class='ocrx_word' id='word_1_170' title='bbox 1141 1997 1251 2092; x_wconf 66' lang='lat' dir='ltr'><strong>veri-⁹</strong></span> <span class='ocrx_word' id='word_1_171' title='bbox 1267 1997 1291 2039; x_wconf 77' lang='lat'><strong>&#39;¹&#39;</strong></span> <span class='ocrx_word' id='word_1_172' title='bbox 1304 1999 1325 2054; x_wconf 74' lang='lat'><strong>⁴*</strong></span> <span class='ocrx_word' id='word_1_173' title='bbox 1337 1999 1359 2040; x_wconf 59' lang='grc' dir='ltr'><strong>θ’</strong></span> 
     </span>
     <span class='ocr_line' id='line_1_19' title="bbox 52 2128 1218 2215; baseline -0.001 -22"><span class='ocrx_word' id='word_1_174' title='bbox 52 2140 118 2194; x_wconf 89' lang='lat' dir='ltr'><strong>tate</strong></span> <span class='ocrx_word' id='word_1_175' title='bbox 134 2150 168 2193; x_wconf 90' lang='lat' dir='ltr'><strong>ac</strong></span> <span class='ocrx_word' id='word_1_176' title='bbox 185 2129 230 2192; x_wconf 90' lang='lat' dir='ltr'><strong>dei</strong></span> <span class='ocrx_word' id='word_1_177' title='bbox 246 2129 464 2215; x_wconf 85' lang='lat' dir='ltr'><strong>praedicatione</strong></span> <span class='ocrx_word' id='word_1_178' title='bbox 481 2130 638 2194; x_wconf 89' lang='lat' dir='ltr'><strong>coniuncta</strong></span> <span class='ocrx_word' id='word_1_179' title='bbox 652 2140 721 2194; x_wconf 87' lang='lat' dir='ltr'><strong>sunt</strong></span> <span class='ocrx_word' id='word_1_180' title='bbox 737 2129 903 2214; x_wconf 86' lang='lat' dir='ltr'><strong>perniciosa</strong></span> <span class='ocrx_word' id='word_1_181' title='bbox 919 2128 975 2194; x_wconf 88' lang='lat' dir='ltr'><strong>sibi</strong></span> <span class='ocrx_word' id='word_1_182' title='bbox 990 2149 1138 2214; x_wconf 88' lang='lat' dir='ltr'><strong>quaeque,</strong></span> <span class='ocrx_word' id='word_1_183' title='bbox 1164 2151 1218 2192; x_wconf 90' lang='lat' dir='ltr'><strong>un-</strong></span> 
     </span>
     <span class='ocr_line' id='line_1_20' title="bbox 53 2231 1219 2318; baseline -0.003 -21"><span class='ocrx_word' id='word_1_184' title='bbox 53 2234 211 2318; x_wconf 86' lang='lat' dir='ltr'><strong>decunque</strong></span> <span class='ocrx_word' id='word_1_185' title='bbox 228 2233 394 2318; x_wconf 88' lang='lat' dir='ltr'><strong>potuerint,</strong></span> <span class='ocrx_word' id='word_1_186' title='bbox 426 2233 600 2318; x_wconf 83' lang='lat' dir='ltr'><strong>excogitare</strong></span> <span class='ocrx_word' id='word_1_187' title='bbox 623 2232 823 2310; x_wconf 90' lang='lat' dir='ltr'><strong>contendunt,</strong></span> <span class='ocrx_word' id='word_1_188' title='bbox 856 2231 931 2296; x_wconf 86' lang='lat' dir='ltr'><strong>beu!</strong></span> <span class='ocrx_word' id='word_1_189' title='bbox 977 2232 1052 2316; x_wconf 90' lang='lat' dir='ltr'><strong>qnod</strong></span> <span class='ocrx_word' id='word_1_190' title='bbox 1073 2231 1120 2294; x_wconf 90' lang='lat' dir='ltr'><strong>vel</strong></span> <span class='ocrx_word' id='word_1_191' title='bbox 1136 2231 1219 2315; x_wconf 78' lang='lat' dir='ltr'><strong>cogi·</strong></span> 
     </span>
    </p>

    <p class='ocr_par' dir='ltr' id='par_1_11' title="bbox 53 2333 1188 2421">
     <span class='ocr_line' id='line_1_21' title="bbox 53 2333 1188 2421; baseline -0.003 -22"><span class='ocrx_word' id='word_1_192' title='bbox 53 2347 123 2399; x_wconf 83' lang='lat' dir='ltr'><strong>tare</strong></span> <span class='ocrx_word' id='word_1_193' title='bbox 145 2334 300 2399; x_wconf 85' lang='lat' dir='ltr'><strong>molestum</strong></span> <span class='ocrx_word' id='word_1_194' title='bbox 324 2347 388 2415; x_wconf 88' lang='lat' dir='ltr'><strong>est,</strong></span> <span class='ocrx_word' id='word_1_195' title='bbox 413 2357 477 2400; x_wconf 90' lang='lat' dir='ltr'><strong>cum</strong></span> <span class='ocrx_word' id='word_1_196' title='bbox 501 2335 580 2399; x_wconf 91' lang='lat' dir='ltr'><strong>nulla</strong></span> <span class='ocrx_word' id='word_1_197' title='bbox 605 2337 761 2421; x_wconf 89' lang='lat' dir='ltr'><strong>praecique</strong></span> <span class='ocrx_word' id='word_1_198' title='bbox 784 2336 823 2399; x_wconf 88' lang='lat' dir='ltr'><strong>sit</strong></span> <span class='ocrx_word' id='word_1_199' title='bbox 844 2334 875 2398; x_wconf 92' lang='lat' dir='ltr'><strong>in</strong></span> <span class='ocrx_word' id='word_1_200' title='bbox 898 2334 1042 2420; x_wconf 87' lang='lat' dir='ltr'><strong>scriptura</strong></span> <span class='ocrx_word' id='word_1_201' title='bbox 1065 2333 1188 2397; x_wconf 89' lang='lat' dir='ltr'><strong>mentio.</strong></span> 
     </span>
    </p>

    <p class='ocr_par' dir='ltr' id='par_1_12' title="bbox 48 2433 1373 4161">
     <span class='ocr_line' id='line_1_22' title="bbox 145 2433 1373 2532; baseline 0.001 -32"><span class='ocrx_word' id='word_1_202' title='bbox 145 2433 263 2501; x_wconf 84' lang='lat' dir='ltr'><strong>Etenim</strong></span> <span class='ocrx_word' id='word_1_203' title='bbox 280 2436 306 2502; x_wconf 92' lang='lat' dir='ltr'><strong>si</strong></span> <span class='ocrx_word' id='word_1_204' title='bbox 324 2438 466 2502; x_wconf 88' lang='lat' dir='ltr'><strong>eiusmodi</strong></span> <span class='ocrx_word' id='word_1_205' title='bbox 483 2437 617 2522; x_wconf 87' lang='lat' dir='ltr'><strong>quiddam</strong></span> <span class='ocrx_word' id='word_1_206' title='bbox 638 2437 687 2501; x_wconf 88' lang='lat' dir='ltr'><strong>ills</strong></span> <span class='ocrx_word' id='word_1_207' title='bbox 702 2447 978 2515; x_wconf 86' lang='lat' dir='ltr'><strong>commemorasset,</strong></span> <span class='ocrx_word' id='word_1_208' title='bbox 1013 2437 1146 2521; x_wconf 88' lang='lat' dir='ltr'><strong>prolecto</strong></span> <span class='ocrx_word' id='word_1_209' title='bbox 1167 2457 1220 2502; x_wconf 89' lang='lat' dir='ltr'><strong>ve·</strong></span> <span class='ocrx_word' id='word_1_210' title='bbox 1231 2461 1292 2532; x_wconf 76' lang='lat' dir='ltr'><strong>cap.</strong></span> <span class='ocrx_word' id='word_1_211' title='bbox 1303 2465 1373 2518; x_wconf 60' lang='lat' dir='ltr'><strong>xpp,</strong></span> 
     </span>
     <span class='ocr_line' id='line_1_23' title="bbox 50 2537 1219 2626; baseline -0.002 -22"><span class='ocrx_word' id='word_1_212' title='bbox 50 2539 174 2604; x_wconf 85' lang='lat' dir='ltr'><strong>ritatem</strong></span> <span class='ocrx_word' id='word_1_213' title='bbox 194 2538 287 2624; x_wconf 81' lang='lat' dir='ltr'><strong>ipsam</strong></span> <span class='ocrx_word' id='word_1_214' title='bbox 309 2539 375 2604; x_wconf 90' lang='lat' dir='ltr'><strong>sine</strong></span> <span class='ocrx_word' id='word_1_215' title='bbox 400 2541 458 2604; x_wconf 90' lang='lat' dir='ltr'><strong>ulla</strong></span> <span class='ocrx_word' id='word_1_216' title='bbox 481 2539 727 2625; x_wconf 76' lang='lat' dir='ltr'><strong>tergiversatione</strong></span> <span class='ocrx_word' id='word_1_217' title='bbox 750 2539 965 2626; x_wconf 88' lang='lat' dir='ltr'><strong>profiteremur.</strong></span> <span class='ocrx_word' id='word_1_218' title='bbox 1010 2539 1060 2603; x_wconf 78' lang='lat' dir='ltr'><strong>An</strong></span> <span class='ocrx_word' id='word_1_219' title='bbox 1079 2539 1157 2603; x_wconf 90' lang='lat' dir='ltr'><strong>enim</strong></span> <span class='ocrx_word' id='word_1_220' title='bbox 1174 2537 1219 2602; x_wconf 92' lang='lat' dir='ltr'><strong>in·</strong></span> 
     </span>
     <span class='ocr_line' id='line_1_24' title="bbox 50 2643 1371 2729; baseline 0.002 -22"><span class='ocrx_word' id='word_1_221' title='bbox 50 2643 201 2707; x_wconf 85' lang='lat' dir='ltr'><strong>bonestae</strong></span> <span class='ocrx_word' id='word_1_222' title='bbox 218 2652 288 2706; x_wconf 89' lang='lat' dir='ltr'><strong>sunt</strong></span> <span class='ocrx_word' id='word_1_223' title='bbox 305 2643 446 2729; x_wconf 84' lang='lat' dir='ltr'><strong>nuptiaet</strong></span> <span class='ocrx_word' id='word_1_224' title='bbox 474 2653 525 2706; x_wconf 88' lang='lat' dir='ltr'><strong>aut</strong></span> <span class='ocrx_word' id='word_1_225' title='bbox 542 2644 682 2728; x_wconf 89' lang='lat' dir='ltr'><strong>prolanus</strong></span> <span class='ocrx_word' id='word_1_226' title='bbox 700 2653 746 2708; x_wconf 86' lang='lat' dir='ltr'><strong>est</strong></span> <span class='ocrx_word' id='word_1_227' title='bbox 762 2653 864 2721; x_wconf 80' lang='lat' dir='ltr'><strong>torus‘,</strong></span> <span class='ocrx_word' id='word_1_228' title='bbox 896 2654 927 2704; x_wconf 84' lang='lat' dir='ltr'><strong>et</strong></span> <span class='ocrx_word' id='word_1_229' title='bbox 941 2663 997 2705; x_wconf 87' lang='lat' dir='ltr'><strong>non</strong></span> <span class='ocrx_word' id='word_1_230' title='bbox 1010 2646 1108 2723; x_wconf 76' lang='lat' dir='ltr'><strong>potius</strong></span> <span class='ocrx_word' id='word_1_231' title='bbox 1122 2647 1218 2704; x_wconf 79' lang='lat' dir='ltr'><strong>s&#39;nna-</strong></span> <span class='ocrx_word' id='word_1_232' title='bbox 1232 2665 1303 2712; x_wconf 63' lang='lat' dir='ltr'><strong>nest.</strong></span> <span class='ocrx_word' id='word_1_233' title='bbox 1313 2669 1371 2722; x_wconf 73' lang='lat' dir='ltr'><strong>rna.</strong></span> 
     </span>
     <span class='ocr_line' id='line_1_25' title="bbox 50 2741 1219 2831; baseline 0.002 -23"><span class='ocrx_word' id='word_1_234' title='bbox 50 2748 193 2808; x_wconf 71' lang='lat' dir='ltr'><strong>winter?</strong></span> <span class='ocrx_word' id='word_1_235' title='bbox 236 2745 285 2808; x_wconf 81' lang='lat' dir='ltr'><strong>An</strong></span> <span class='ocrx_word' id='word_1_236' title='bbox 308 2746 433 2830; x_wconf 88' lang='lat' dir='ltr'><strong>denique</strong></span> <span class='ocrx_word' id='word_1_237' title='bbox 460 2745 641 2810; x_wconf 85' lang='lat' dir='ltr'><strong>adulteratae</strong></span> <span class='ocrx_word' id='word_1_238' title='bbox 665 2757 734 2810; x_wconf 92' lang='lat' dir='ltr'><strong>suot</strong></span> <span class='ocrx_word' id='word_1_239' title='bbox 759 2745 900 2830; x_wconf 76' lang='lat' dir='ltr'><strong>nuptiae?</strong></span> <span class='ocrx_word' id='word_1_240' title='bbox 943 2741 1125 2830; x_wconf 80' lang='lat' dir='ltr'><strong>Quamquam</strong></span> <span class='ocrx_word' id='word_1_241' title='bbox 1151 2766 1219 2831; x_wconf 92' lang='lat' dir='ltr'><strong>pro·</strong></span> 
     </span>
     <span class='ocr_line' id='line_1_26' title="bbox 51 2846 1218 2934; baseline -0.003 -24"><span class='ocrx_word' id='word_1_242' title='bbox 51 2848 163 2934; x_wconf 84' lang='lat' dir='ltr'><strong>pbstae</strong></span> <span class='ocrx_word' id='word_1_243' title='bbox 180 2867 216 2911; x_wconf 86' lang='lat' dir='ltr'><strong>ac</strong></span> <span class='ocrx_word' id='word_1_244' title='bbox 235 2847 387 2932; x_wconf 82' lang='lat' dir='ltr'><strong>pontifices</strong></span> <span class='ocrx_word' id='word_1_245' title='bbox 403 2847 440 2911; x_wconf 88' lang='lat' dir='ltr'><strong>ab</strong></span> <span class='ocrx_word' id='word_1_246' title='bbox 457 2847 514 2911; x_wconf 90' lang='lat' dir='ltr'><strong>illis</strong></span> <span class='ocrx_word' id='word_1_247' title='bbox 531 2848 696 2934; x_wconf 85' lang='lat' dir='ltr'><strong>abstinent,</strong></span> <span class='ocrx_word' id='word_1_248' title='bbox 721 2859 752 2913; x_wconf 92' lang='lat' dir='ltr'><strong>ut</strong></span> <span class='ocrx_word' id='word_1_249' title='bbox 772 2846 934 2912; x_wconf 87' lang='lat' dir='ltr'><strong>maioribus</strong></span> <span class='ocrx_word' id='word_1_250' title='bbox 953 2847 1151 2912; x_wconf 80' lang='lat' dir='ltr'><strong>lunationibus</strong></span> <span class='ocrx_word' id='word_1_251' title='bbox 1167 2871 1218 2913; x_wconf 55' lang='lat' dir='ltr'><strong>oc«</strong></span> 
     </span>
     <span class='ocr_line' id='line_1_27' title="bbox 51 2946 1218 3038; baseline 0.001 -24"><span class='ocrx_word' id='word_1_252' title='bbox 51 2960 213 3036; x_wconf 87' lang='lat' dir='ltr'><strong>onpentnr.</strong></span> <span class='ocrx_word' id='word_1_253' title='bbox 259 2947 379 3013; x_wconf 87' lang='lat' dir='ltr'><strong>Etenim</strong></span> <span class='ocrx_word' id='word_1_254' title='bbox 396 2946 539 3036; x_wconf 82' lang='lat' dir='ltr'><strong>Moyses,</strong></span> <span class='ocrx_word' id='word_1_255' title='bbox 564 2963 754 3036; x_wconf 88' lang='lat' dir='ltr'><strong>posteaquam</strong></span> <span class='ocrx_word' id='word_1_256' title='bbox 772 2951 913 3037; x_wconf 86' lang='lat' dir='ltr'><strong>propbeta</strong></span> <span class='ocrx_word' id='word_1_257' title='bbox 932 2971 998 3015; x_wconf 87' lang='lat' dir='ltr'><strong>esse</strong></span> <span class='ocrx_word' id='word_1_258' title='bbox 1014 2953 1130 3038; x_wconf 85' lang='lat' dir='ltr'><strong>coepit,</strong></span> <span class='ocrx_word' id='word_1_259' title='bbox 1154 2953 1218 3016; x_wconf 92' lang='lat' dir='ltr'><strong>nul-</strong></span> 
     </span>
     <span class='ocr_line' id='line_1_28' title="bbox 50 3051 1217 3138; baseline 0.002 -22"><span class='ocrx_word' id='word_1_260' title='bbox 50 3054 115 3116; x_wconf 86' lang='lat' dir='ltr'><strong>lam</strong></span> <span class='ocrx_word' id='word_1_261' title='bbox 132 3052 256 3137; x_wconf 85' lang='lat' dir='ltr'><strong>anplius</strong></span> <span class='ocrx_word' id='word_1_262' title='bbox 273 3072 338 3116; x_wconf 88' lang='lat' dir='ltr'><strong>cuns</strong></span> <span class='ocrx_word' id='word_1_263' title='bbox 357 3073 452 3116; x_wconf 84' lang='lat' dir='ltr'><strong>uxore</strong></span> <span class='ocrx_word' id='word_1_264' title='bbox 473 3054 715 3118; x_wconf 85' lang='lat' dir='ltr'><strong>consuetudinem</strong></span> <span class='ocrx_word' id='word_1_265' title='bbox 742 3053 857 3133; x_wconf 88' lang='lat' dir='ltr'><strong>babuit,</strong></span> <span class='ocrx_word' id='word_1_266' title='bbox 888 3074 982 3138; x_wconf 88' lang='lat' dir='ltr'><strong>neque</strong></span> <span class='ocrx_word' id='word_1_267' title='bbox 1000 3051 1110 3118; x_wconf 89' lang='lat' dir='ltr'><strong>liberos</strong></span> <span class='ocrx_word' id='word_1_268' title='bbox 1130 3055 1160 3117; x_wconf 89' lang='lat' dir='ltr'><strong>in</strong></span> <span class='ocrx_word' id='word_1_269' title='bbox 1181 3075 1217 3118; x_wconf 90' lang='lat' dir='ltr'><strong>eo</strong></span> 
     </span>
     <span class='ocr_line' id='line_1_29' title="bbox 53 3154 1219 3241; baseline 0.001 -22"><span class='ocrx_word' id='word_1_270' title='bbox 53 3165 139 3219; x_wconf 82' lang='lat' dir='ltr'><strong>statu</strong></span> <span class='ocrx_word' id='word_1_271' title='bbox 158 3155 306 3240; x_wconf 82' lang='lat' dir='ltr'><strong>suscepit,</strong></span> <span class='ocrx_word' id='word_1_272' title='bbox 331 3154 436 3240; x_wconf 92' lang='lat' dir='ltr'><strong>qnippe</strong></span> <span class='ocrx_word' id='word_1_273' title='bbox 454 3156 503 3241; x_wconf 92' lang='lat' dir='ltr'><strong>qui</strong></span> <span class='ocrx_word' id='word_1_274' title='bbox 521 3177 586 3220; x_wconf 84' lang='lat' dir='ltr'><strong>cuns</strong></span> <span class='ocrx_word' id='word_1_275' title='bbox 606 3155 724 3220; x_wconf 89' lang='lat' dir='ltr'><strong>domino</strong></span> <span class='ocrx_word' id='word_1_276' title='bbox 741 3156 844 3221; x_wconf 88' lang='lat' dir='ltr'><strong>maiori</strong></span> <span class='ocrx_word' id='word_1_277' title='bbox 861 3155 941 3220; x_wconf 85' lang='lat' dir='ltr'><strong>vitae</strong></span> <span class='ocrx_word' id='word_1_278' title='bbox 957 3177 1030 3220; x_wconf 88' lang='lat' dir='ltr'><strong>suae</strong></span> <span class='ocrx_word' id='word_1_279' title='bbox 1048 3166 1132 3241; x_wconf 90' lang='lat' dir='ltr'><strong>parte</strong></span> <span class='ocrx_word' id='word_1_280' title='bbox 1150 3177 1219 3222; x_wconf 86' lang='lat' dir='ltr'><strong>ver·</strong></span> 
     </span>
     <span class='ocr_line' id='line_1_30' title="bbox 51 3253 1371 3344; baseline 0 -22"><span class='ocrx_word' id='word_1_281' title='bbox 51 3267 188 3322; x_wconf 79' lang='lat' dir='ltr'><strong>caretur.</strong></span> <span class='ocrx_word' id='word_1_282' title='bbox 235 3259 282 3322; x_wconf 80' lang='lat' dir='ltr'><strong>An</strong></span> <span class='ocrx_word' id='word_1_283' title='bbox 297 3255 323 3321; x_wconf 88' lang='lat' dir='ltr'><strong>si</strong></span> <span class='ocrx_word' id='word_1_284' title='bbox 339 3257 448 3344; x_wconf 87' lang='lat' dir='ltr'><strong>nuptiis</strong></span> <span class='ocrx_word' id='word_1_285' title='bbox 469 3279 576 3322; x_wconf 87' lang='lat' dir='ltr'><strong>vacare</strong></span> <span class='ocrx_word' id='word_1_286' title='bbox 594 3259 753 3338; x_wconf 86' lang='lat' dir='ltr'><strong>voluisset,</strong></span> <span class='ocrx_word' id='word_1_287' title='bbox 782 3253 973 3341; x_wconf 75' lang='lat' dir='ltr'><strong>quodr&#39;ngintu</strong></span> <span class='ocrx_word' id='word_1_288' title='bbox 995 3271 1091 3322; x_wconf 73' lang='lat' dir='ltr'><strong>necne</strong></span> <span class='ocrx_word' id='word_1_289' title='bbox 1107 3279 1143 3321; x_wconf 85' lang='lat' dir='ltr'><strong>nc</strong></span> <span class='ocrx_word' id='word_1_290' title='bbox 1155 3263 1371 3341; x_wconf 55' lang='lat' dir='ltr'><strong>diamasaqm</strong></span> 
     </span>
     <span class='ocr_line' id='line_1_31' title="bbox 52 3359 1217 3448; baseline 0.003 -25"><span class='ocrx_word' id='word_1_291' title='bbox 52 3367 84 3423; x_wconf 76' lang='grc' dir='ltr'><strong>ιιι</strong></span> <span class='ocrx_word' id='word_1_292' title='bbox 110 3371 204 3422; x_wconf 86' lang='lat' dir='ltr'><strong>monte</strong></span> <span class='ocrx_word' id='word_1_293' title='bbox 226 3363 298 3422; x_wconf 76' lang='lat' dir='ltr'><strong>Ss&#39;ssn</strong></span> <span class='ocrx_word' id='word_1_294' title='bbox 323 3380 517 3445; x_wconf 86' lang='lat' dir='ltr'><strong>perseverare</strong></span> <span class='ocrx_word' id='word_1_295' title='bbox 542 3361 705 3446; x_wconf 82' lang='lat' dir='ltr'><strong>potuisset?</strong></span> <span class='ocrx_word' id='word_1_296' title='bbox 748 3359 902 3426; x_wconf 83' lang='lat' dir='ltr'><strong>Potuisset</strong></span> <span class='ocrx_word' id='word_1_297' title='bbox 923 3363 1116 3448; x_wconf 81' lang='lat' dir='ltr'><strong>quadraginta</strong></span> <span class='ocrx_word' id='word_1_298' title='bbox 1140 3373 1217 3427; x_wconf 92' lang='lat' dir='ltr'><strong>totos</strong></span> 
     </span>
     <span class='ocr_line' id='line_1_32' title="bbox 53 3463 1218 3530; baseline 0.001 -2"><span class='ocrx_word' id='word_1_299' title='bbox 53 3483 156 3528; x_wconf 86' lang='lat' dir='ltr'><strong>annos</strong></span> <span class='ocrx_word' id='word_1_300' title='bbox 175 3463 205 3525; x_wconf 93' lang='lat' dir='ltr'><strong>in</strong></span> <span class='ocrx_word' id='word_1_301' title='bbox 222 3463 379 3528; x_wconf 86' lang='lat' dir='ltr'><strong>solitudine</strong></span> <span class='ocrx_word' id='word_1_302' title='bbox 399 3464 434 3526; x_wconf 90' lang='lat' dir='ltr'><strong>ad</strong></span> <span class='ocrx_word' id='word_1_303' title='bbox 454 3463 620 3527; x_wconf 88' lang='lat' dir='ltr'><strong>divinarum</strong></span> <span class='ocrx_word' id='word_1_304' title='bbox 644 3484 677 3528; x_wconf 88' lang='lat' dir='ltr'><strong>se</strong></span> <span class='ocrx_word' id='word_1_305' title='bbox 698 3483 795 3528; x_wconf 83' lang='lat' dir='ltr'><strong>rerum</strong></span> <span class='ocrx_word' id='word_1_306' title='bbox 821 3465 1103 3529; x_wconf 86' lang='lat' dir='ltr'><strong>administrationem</strong></span> <span class='ocrx_word' id='word_1_307' title='bbox 1121 3464 1218 3530; x_wconf 65' lang='lat' dir='ltr'><strong>innn-</strong></span> 
     </span>
     <span class='ocr_line' id='line_1_33' title="bbox 52 3561 1216 3650; baseline 0.001 -20"><span class='ocrx_word' id='word_1_308' title='bbox 52 3567 151 3630; x_wconf 78' lang='lat' dir='ltr'><strong>dera&#39;t</strong></span> <span class='ocrx_word' id='word_1_309' title='bbox 195 3561 371 3629; x_wconf 86' lang='lat' dir='ltr'><strong>Sacerdotio</strong></span> <span class='ocrx_word' id='word_1_310' title='bbox 394 3567 523 3630; x_wconf 78' lang='lat' dir='ltr'><strong>vacare?</strong></span> <span class='ocrx_word' id='word_1_311' title='bbox 551 3587 692 3630; x_wconf 85' lang='lat' dir='ltr'><strong>enarrare</strong></span> <span class='ocrx_word' id='word_1_312' title='bbox 717 3566 764 3630; x_wconf 86' lang='lat' dir='ltr'><strong>dei</strong></span> <span class='ocrx_word' id='word_1_313' title='bbox 788 3566 950 3650; x_wconf 82' lang='lat' dir='ltr'><strong>mysterial</strong></span> <span class='ocrx_word' id='word_1_314' title='bbox 979 3589 1044 3632; x_wconf 87' lang='lat' dir='ltr'><strong>cuns</strong></span> <span class='ocrx_word' id='word_1_315' title='bbox 1064 3569 1119 3632; x_wconf 93' lang='lat' dir='ltr'><strong>deo</strong></span> <span class='ocrx_word' id='word_1_316' title='bbox 1134 3568 1216 3633; x_wconf 88' lang='lat' dir='ltr'><strong>deni-</strong></span> 
     </span>
     <span class='ocr_line' id='line_1_34' title="bbox 50 3668 1216 3756; baseline 0.001 -23"><span class='ocrx_word' id='word_1_317' title='bbox 50 3689 116 3756; x_wconf 91' lang='lat' dir='ltr'><strong>qne</strong></span> <span class='ocrx_word' id='word_1_318' title='bbox 138 3679 280 3755; x_wconf 88' lang='lat' dir='ltr'><strong>perpetuo</strong></span> <span class='ocrx_word' id='word_1_319' title='bbox 301 3668 426 3752; x_wconf 79' lang='lat' dir='ltr'><strong>colloqui</strong></span> <span class='ocrx_word' id='word_1_320' title='bbox 451 3669 614 3753; x_wconf 84' lang='lat' dir='ltr'><strong>nuptiarum</strong></span> <span class='ocrx_word' id='word_1_321' title='bbox 633 3669 793 3733; x_wconf 88' lang='lat' dir='ltr'><strong>obstrictus</strong></span> <span class='ocrx_word' id='word_1_322' title='bbox 819 3688 910 3734; x_wconf 88' lang='lat' dir='ltr'><strong>onere</strong></span> <span class='ocrx_word' id='word_1_323' title='bbox 935 3670 1096 3756; x_wconf 82' lang='lat' dir='ltr'><strong>potuisset?</strong></span> <span class='ocrx_word' id='word_1_324' title='bbox 1139 3669 1216 3734; x_wconf 85' lang='lat' dir='ltr'><strong>Nam</strong></span> 
     </span>
     <span class='ocr_line' id='line_1_35' title="bbox 49 3769 1359 3860; baseline -0.002 -22"><span class='ocrx_word' id='word_1_325' title='bbox 49 3774 80 3838; x_wconf 88' lang='lat' dir='ltr'><strong>si</strong></span> <span class='ocrx_word' id='word_1_326' title='bbox 99 3773 138 3834; x_wconf 86' lang='lat' dir='ltr'><strong>de</strong></span> <span class='ocrx_word' id='word_1_327' title='bbox 156 3769 241 3834; x_wconf 89' lang='lat' dir='ltr'><strong>nobis</strong></span> <span class='ocrx_word' id='word_1_328' title='bbox 261 3771 413 3857; x_wconf 83' lang='lat' dir='ltr'><strong>apostolus</strong></span> <span class='ocrx_word' id='word_1_329' title='bbox 431 3781 531 3856; x_wconf 84' lang='lat' dir='ltr'><strong>aperte</strong></span> <span class='ocrx_word' id='word_1_330' title='bbox 550 3770 736 3857; x_wconf 86' lang='lat' dir='ltr'><strong>pronuntiat,</strong></span> <span class='ocrx_word' id='word_1_331' title='bbox 767 3775 819 3833; x_wconf 88' lang='lat' dir='ltr'><strong>Ad</strong></span> <span class='ocrx_word' id='word_1_332' title='bbox 835 3784 958 3854; x_wconf 80' lang='lat' dir='ltr'><strong>tenpus,</strong></span> <span class='ocrx_word' id='word_1_333' title='bbox 991 3786 1023 3835; x_wconf 87' lang='lat' dir='ltr'><strong>ut</strong></span> <span class='ocrx_word' id='word_1_334' title='bbox 1037 3786 1136 3836; x_wconf 80' lang='lat' dir='ltr'><strong>uacent</strong></span> <span class='ocrx_word' id='word_1_335' title='bbox 1151 3795 1217 3836; x_wconf 83' lang='lat' dir='ltr'><strong>oro·</strong></span> <span class='ocrx_word' id='word_1_336' title='bbox 1233 3799 1359 3860; x_wconf 52' lang='lat' dir='ltr'><strong>qcmqq</strong></span> 
     </span>
     <span class='ocr_line' id='line_1_36' title="bbox 51 3873 1218 3962; baseline 0.002 -23"><span class='ocrx_word' id='word_1_337' title='bbox 51 3880 148 3953; x_wconf 76' lang='lat' dir='ltr'><strong>noni,</strong></span> <span class='ocrx_word' id='word_1_338' title='bbox 182 3885 292 3958; x_wconf 86' lang='lat' dir='ltr'><strong>quanto</strong></span> <span class='ocrx_word' id='word_1_339' title='bbox 311 3874 387 3937; x_wconf 89' lang='lat' dir='ltr'><strong>istud</strong></span> <span class='ocrx_word' id='word_1_340' title='bbox 408 3873 502 3958; x_wconf 86' lang='lat' dir='ltr'><strong>ipsum</strong></span> <span class='ocrx_word' id='word_1_341' title='bbox 520 3874 555 3937; x_wconf 90' lang='lat' dir='ltr'><strong>de</strong></span> <span class='ocrx_word' id='word_1_342' title='bbox 574 3875 723 3960; x_wconf 87' lang='lat' dir='ltr'><strong>propbctis</strong></span> <span class='ocrx_word' id='word_1_343' title='bbox 745 3874 850 3961; x_wconf 88' lang='lat' dir='ltr'><strong>potiori</strong></span> <span class='ocrx_word' id='word_1_344' title='bbox 868 3876 933 3939; x_wconf 91' lang='lat' dir='ltr'><strong>iure</strong></span> <span class='ocrx_word' id='word_1_345' title='bbox 950 3875 1083 3940; x_wconf 72' lang='lat' dir='ltr'><strong>dicotur?</strong></span> <span class='ocrx_word' id='word_1_346' title='bbox 1127 3877 1218 3962; x_wconf 78' lang='lat' dir='ltr'><strong>Atqui</strong></span> 
     </span>
     <span class='ocr_line' id='line_1_37' title="bbox 48 3975 1360 4063; baseline -0.002 -18"><span class='ocrx_word' id='word_1_347' title='bbox 48 3977 159 4046; x_wconf 84' lang='lat' dir='ltr'><strong>Maria</strong></span> <span class='ocrx_word' id='word_1_348' title='bbox 184 3976 368 4062; x_wconf 85' lang='lat' dir='ltr'><strong>prophetissa</strong></span> <span class='ocrx_word' id='word_1_349' title='bbox 391 3975 455 4040; x_wconf 90' lang='lat' dir='ltr'><strong>luit.</strong></span> <span class='ocrx_word' id='word_1_350' title='bbox 500 3981 652 4058; x_wconf 74' lang='lat' dir='ltr'><strong>Ingressus</strong></span> <span class='ocrx_word' id='word_1_351' title='bbox 673 3988 717 4038; x_wconf 88' lang='lat' dir='ltr'><strong>est</strong></span> <span class='ocrx_word' id='word_1_352' title='bbox 737 3983 826 4051; x_wconf 72' lang='lat' dir='ltr'><strong>enm,</strong></span> <span class='ocrx_word' id='word_1_353' title='bbox 862 3979 975 4063; x_wconf 88' lang='lat' dir='ltr'><strong>inquit,</strong></span> <span class='ocrx_word' id='word_1_354' title='bbox 1004 3983 1044 4040; x_wconf 82' lang='lat' dir='ltr'><strong>nd</strong></span> <span class='ocrx_word' id='word_1_355' title='bbox 1056 3983 1360 4063; x_wconf 56' lang='lat' dir='ltr'><strong>propbetas-mm</strong></span> 
     </span>
     <span class='ocr_line' id='line_1_38' title="bbox 49 4081 1215 4161; baseline 0 -15"><span class='ocrx_word' id='word_1_356' title='bbox 49 4105 136 4156; x_wconf 84' lang='lat' dir='ltr'><strong>snm,</strong></span> <span class='ocrx_word' id='word_1_357' title='bbox 161 4092 190 4142; x_wconf 88' lang='lat' dir='ltr'><strong>et</strong></span> <span class='ocrx_word' id='word_1_358' title='bbox 206 4085 236 4141; x_wconf 84' lang='lat' dir='ltr'><strong>in</strong></span> <span class='ocrx_word' id='word_1_359' title='bbox 255 4091 336 4142; x_wconf 84' lang='lat' dir='ltr'><strong>utero</strong></span> <span class='ocrx_word' id='word_1_360' title='bbox 350 4085 492 4161; x_wconf 82' lang='lat' dir='ltr'><strong>concepit,</strong></span> <span class='ocrx_word' id='word_1_361' title='bbox 517 4091 548 4141; x_wconf 88' lang='lat' dir='ltr'><strong>et</strong></span> <span class='ocrx_word' id='word_1_362' title='bbox 558 4084 669 4161; x_wconf 84' lang='lat' dir='ltr'><strong>peperit</strong></span> <span class='ocrx_word' id='word_1_363' title='bbox 676 4081 793 4160; x_wconf 82' lang='lat' dir='ltr'><strong>filium:</strong></span> <span class='ocrx_word' id='word_1_364' title='bbox 826 4092 855 4143; x_wconf 85' lang='lat' dir='ltr'><strong>et</strong></span> <span class='ocrx_word' id='word_1_365' title='bbox 870 4085 945 4142; x_wconf 74' lang='lat' dir='ltr'><strong>umis</strong></span> <span class='ocrx_word' id='word_1_366' title='bbox 961 4085 1089 4144; x_wconf 74' lang='lat' dir='ltr'><strong>domebus</strong></span> <span class='ocrx_word' id='word_1_367' title='bbox 1106 4087 1145 4144; x_wconf 86' lang='lat' dir='ltr'><strong>ad</strong></span> <span class='ocrx_word' id='word_1_368' title='bbox 1161 4105 1215 4159; x_wconf 83' lang='lat' dir='ltr'><strong>nse,</strong></span> 
     </span>
    </p>
   </div>
   <div class='ocr_carea' id='block_1_3' title="bbox 48 4249 1219 4596">
    <p class='ocr_par' dir='ltr' id='par_1_13' title="bbox 48 4249 1219 4383">
     <span class='ocr_line' id='line_1_39' title="bbox 48 4249 1219 4325; baseline 0.002 -19"><span class='ocrx_word' id='word_1_369' title='bbox 48 4249 141 4325; x_wconf 74' lang='lat' dir='ltr'><strong>qnid?</strong></span> <span class='ocrx_word' id='word_1_370' title='bbox 158 4250 232 4301; x_wconf 84' lang='lat' dir='ltr'><strong>insta.</strong></span> <span class='ocrx_word' id='word_1_371' title='bbox 268 4249 354 4311; x_wconf 78' lang='lat' dir='ltr'><strong>Quid?</strong></span> <span class='ocrx_word' id='word_1_372' title='bbox 380 4251 518 4302; x_wconf 81' lang='lat' dir='ltr'><strong>reverenda</strong></span> <span class='ocrx_word' id='word_1_373' title='bbox 534 4250 623 4303; x_wconf 88' lang='lat' dir='ltr'><strong>etho-</strong></span> <span class='ocrx_word' id='word_1_374' title='bbox 692 4250 752 4302; x_wconf 79' lang='lat' dir='ltr'><strong>Ger.</strong></span> <span class='ocrx_word' id='word_1_375' title='bbox 770 4251 841 4302; x_wconf 75' lang='lat' dir='ltr'><strong>xvi.</strong></span> <span class='ocrx_word' id='word_1_376' title='bbox 867 4277 901 4292; x_wconf 84' lang='lat'><strong>·-·</strong></span> <span class='ocrx_word' id='word_1_377' title='bbox 948 4253 969 4304; x_wconf 92' lang='lat' dir='ltr'><strong>l.</strong></span> <span class='ocrx_word' id='word_1_378' title='bbox 1001 4255 1038 4317; x_wconf 69' lang='lat' dir='ltr'><strong>Cf.</strong></span> <span class='ocrx_word' id='word_1_379' title='bbox 1061 4256 1160 4306; x_wconf 79' lang='lat' dir='ltr'><strong>Lobtolt.</strong></span> <span class='ocrx_word' id='word_1_380' title='bbox 1186 4259 1219 4309; x_wconf 82' lang='lat' dir='ltr'><strong>ud</strong></span> 
     </span>
     <span class='ocr_line' id='line_1_40' title="bbox 49 4315 1119 4383; baseline 0.002 -13"><span class='ocrx_word' id='word_1_381' title='bbox 49 4331 138 4376; x_wconf 65' lang='lat' dir='ltr'><strong>neate,</strong></span> <span class='ocrx_word' id='word_1_382' title='bbox 174 4321 231 4382; x_wconf 88' lang='lat' dir='ltr'><strong>Quo</strong></span> <span class='ocrx_word' id='word_1_383' title='bbox 252 4318 338 4368; x_wconf 85' lang='lat' dir='ltr'><strong>demus</strong></span> <span class='ocrx_word' id='word_1_384' title='bbox 355 4318 431 4370; x_wconf 69' lang='grc' dir='ltr'><strong>ειίιιιιι</strong></span> <span class='ocrx_word' id='word_1_385' title='bbox 447 4325 497 4371; x_wconf 79' lang='lat' dir='ltr'><strong>cett</strong></span> <span class='ocrx_word' id='word_1_386' title='bbox 656 4321 781 4382; x_wconf 75' lang='lat' dir='ltr'><strong>Pbrpns&#39;cb.</strong></span> <span class='ocrx_word' id='word_1_387' title='bbox 797 4334 854 4383; x_wconf 81' lang='lat' dir='ltr'><strong>pop.</strong></span> <span class='ocrx_word' id='word_1_388' title='bbox 872 4315 930 4372; x_wconf 74' lang='lat'>245.</span> <span class='ocrx_word' id='word_1_389' title='bbox 1030 4339 1036 4346; x_wconf 93' lang='lat'><strong>·</strong></span> <span class='ocrx_word' id='word_1_390' title='bbox 1116 4352 1119 4360; x_wconf 43' lang='grc' dir='ltr'><strong>ι</strong></span> 
     </span>
    </p>

    <p class='ocr_par' dir='ltr' id='par_1_14' title="bbox 50 4382 1218 4596">
     <span class='ocr_line' id='line_1_41' title="bbox 86 4382 1038 4458; baseline 0.003 -21"><span class='ocrx_word' id='word_1_391' title='bbox 86 4391 115 4443; x_wconf 74' lang='lat'><strong>4.</strong></span> <span class='ocrx_word' id='word_1_392' title='bbox 136 4388 223 4455; x_wconf 74' lang='grc' dir='ltr'><strong>δῶμεν</strong></span> <span class='ocrx_word' id='word_1_393' title='bbox 239 4389 290 4438; x_wconf 73' lang='lat' dir='ltr'><strong>rod</strong></span> <span class='ocrx_word' id='word_1_394' title='bbox 307 4389 403 4452; x_wconf 71' lang='lat' dir='ltr'><strong>nnansn</strong></span> <span class='ocrx_word' id='word_1_395' title='bbox 412 4425 421 4451; x_wconf 94' lang='lat'><strong>,</strong></span> <span class='ocrx_word' id='word_1_396' title='bbox 438 4393 459 4438; x_wconf 85' lang='lat' dir='ltr'><strong>et</strong></span> <span class='ocrx_word' id='word_1_397' title='bbox 473 4391 507 4438; x_wconf 88' lang='lat' dir='ltr'><strong>tto</strong></span> <span class='ocrx_word' id='word_1_398' title='bbox 523 4392 624 4440; x_wconf 60' lang='lat' dir='ltr'><strong>currem</strong></span> <span class='ocrx_word' id='word_1_399' title='bbox 690 4389 715 4438; x_wconf 71' lang='lat' dir='ltr'><strong>&#39;t-</strong></span> <span class='ocrx_word' id='word_1_400' title='bbox 733 4382 855 4458; x_wconf 75' lang='grc' dir='ltr'><strong>ἀπέχεται</strong></span> <span class='ocrx_word' id='word_1_401' title='bbox 871 4391 922 4440; x_wconf 85' lang='lat' dir='ltr'><strong>cod.</strong></span> <span class='ocrx_word' id='word_1_402' title='bbox 940 4391 1038 4455; x_wconf 77' lang='lat' dir='ltr'><strong>Rbeds&#39;p.</strong></span> 
     </span>
     <span class='ocr_line' id='line_1_42' title="bbox 51 4451 1218 4527; baseline 0.008 -21"><span class='ocrx_word' id='word_1_403' title='bbox 51 4461 192 4514; x_wconf 70' lang='lat' dir='ltr'><strong>omasus</strong></span> <span class='ocrx_word' id='word_1_404' title='bbox 220 4459 245 4506; x_wconf 81' lang='grc' dir='ltr'><strong>ιιι</strong></span> <span class='ocrx_word' id='word_1_405' title='bbox 271 4459 374 4506; x_wconf 70' lang='lat' dir='ltr'><strong>nemone</strong></span> <span class='ocrx_word' id='word_1_406' title='bbox 391 4457 485 4508; x_wconf 75' lang='lat' dir='ltr'><strong>bonno</strong></span> <span class='ocrx_word' id='word_1_407' title='bbox 512 4458 551 4510; x_wconf 77' lang='lat' dir='ltr'><strong>sd</strong></span> <span class='ocrx_word' id='word_1_408' title='bbox 577 4453 622 4523; x_wconf 74' lang='lat' dir='ltr'><strong>plu</strong></span> <span class='ocrx_word' id='word_1_409' title='bbox 689 4457 715 4508; x_wconf 85' lang='grc'><strong>3.</strong></span> <span class='ocrx_word' id='word_1_410' title='bbox 733 4459 846 4520; x_wconf 76' lang='lat' dir='ltr'><strong>stupidus·</strong></span> <span class='ocrx_word' id='word_1_411' title='bbox 865 4451 912 4510; x_wconf 77' lang='lat' dir='ltr'><strong>salv</strong></span> <span class='ocrx_word' id='word_1_412' title='bbox 928 4459 966 4526; x_wconf 78' lang='grc' dir='ltr'><strong>τῷ</strong></span> <span class='ocrx_word' id='word_1_413' title='bbox 990 4463 1136 4527; x_wconf 76' lang='grc' dir='ltr'><strong>συνομιλεῖν.</strong></span> <span class='ocrx_word' id='word_1_414' title='bbox 1172 4465 1218 4514; x_wconf 83' lang='grc' dir='ltr'><strong>Ρι-</strong></span> 
     </span>
     <span class='ocr_line' id='line_1_43' title="bbox 50 4524 1100 4596; baseline 0.001 -17"><span class='ocrx_word' id='word_1_415' title='bbox 50 4531 105 4584; x_wconf 74' lang='lat' dir='ltr'><strong>cod</strong></span> <span class='ocrx_word' id='word_1_416' title='bbox 126 4529 176 4580; x_wconf 79' lang='grc' dir='ltr'><strong>ιιιι</strong></span> <span class='ocrx_word' id='word_1_417' title='bbox 194 4529 216 4575; x_wconf 87' lang='lat' dir='ltr'><strong>et</strong></span> <span class='ocrx_word' id='word_1_418' title='bbox 232 4526 290 4575; x_wconf 82' lang='lat' dir='ltr'><strong>edtts&#39;</strong></span> <span class='ocrx_word' id='word_1_419' title='bbox 305 4526 366 4575; x_wconf 81' lang='lat' dir='ltr'><strong>ttbrs&#39;.</strong></span> <span class='ocrx_word' id='word_1_420' title='bbox 656 4527 735 4577; x_wconf 78' lang='lat' dir='ltr'><strong>unm</strong></span> <span class='ocrx_word' id='word_1_421' title='bbox 750 4529 835 4578; x_wconf 78' lang='lat' dir='ltr'><strong>metuit</strong></span> <span class='ocrx_word' id='word_1_422' title='bbox 848 4524 892 4580; x_wconf 66' lang='lat' dir='ltr'><strong>sut</strong></span> <span class='ocrx_word' id='word_1_423' title='bbox 907 4524 937 4580; x_wconf 78' lang='lat' dir='ltr'><strong>sd</strong></span> <span class='ocrx_word' id='word_1_424' title='bbox 956 4530 1100 4596; x_wconf 63' lang='lat' dir='ltr'><strong>nuncnunc.</strong></span> 
     </span>
    </p>
   </div>
   <div class='ocr_carea' id='block_1_4' title="bbox 0 0 1534 5026">
    <p class='ocr_par' dir='ltr' id='par_1_15' title="bbox 0 0 1534 5026">
     <span class='ocr_line' id='line_1_44' title="bbox 0 0 1534 5026; baseline 0 0"><span class='ocrx_word' id='word_1_425' title='bbox 0 0 1534 5026; x_wconf 95' lang='lat' dir='ltr'><strong> </strong></span> 
     </span>
    </p>
   </div>
  </div>
 </body>
</html>
