3060 5026
328 217 390 276 414
754 224 877 278 ὃλΝΟΤΙ
894 225 1064 276 λίθλΡΗλΝΙλ

330 345 382 409 καί
396 341 472 408 κατά
483 338 627 423 ’ίωάννην
641 341 829 423 ἐσαφη’νισαν.
865 339 953 424 Ἔσχε
976 343 1030 425 μλν
1045 333 1102 408 οὖν
1115 340 1305 427 πρωτότοκον
1320 340 1373 408 τόν
1383 339 1463 408 ’Idm
1483 392 1495 433 s

329 448 385 526 βου
409 443 461 510 τόν
486 445 682 525 ἐπικληθέντα
700 443 841 526 Ὠβλίαν,
871 443 1104 531 ἑρμηνευόμενον
1135 451 1252 527 Τεῖχος,
1284 447 1332 512 καί
1360 451 1463 510 Δίκταν

330 549 536 630 ἐπικληθέντα,
560 553 738 631 Ναζωραῖον
755 547 786 611 δὲ
801 544 884 626 ὄντα,
906 545 978 632 ὅπερ
995 545 1302 632 ἐρμηνεύεταιἎγιος.
1333 549 1390 612 Καὶ
1403 553 1463 630 πριῖ

329 676 380 726 τος
398 642 486 725 οὗτος
504 653 607 731 είληφε
623 649 678 729 τήν
695 649 848 734 καθέδραν
866 655 919 731 τῆς
936 652 1137 730 ἐέπισκοπῆς,
1160 641 1183 737 ᾧ
1201 653 1373 716 πεπίστευκε
1385 647 1464 732 κύριος

328 753 381 819 τόν
398 751 514 838 θρόνον
529 752 623 816 αὐτοῦ
641 752 690 816 ἐπὶ
708 759 761 832 τῆς
777 758 832 835 γῆς
848 751 973 840 προύτρο·
996 751 1031 828 δς
1046 754 1095 817 καί
1111 755 1240 818 ἐκαλεῖτο
1257 749 1275 819 ό
1292 749 1414 834 όδελφός
1426 756 1464 814 τοί

328 860 451 940 κυρίου·
481 856 620 938 καθάπερ
643 855 692 918 καλ
715 850 733 919 ό
751 850 916 930 α’πόστολος
934 853 1055 942 συνᾴδει
1072 852 1204 932 τούτοις,
1234 845 1294 920 οἶδέ
1310 881 1369 920 που
1383 856 1463 938 λίγον,

320 953 445 1044 Ἕτερον
468 958 500 1022 δέ
522 964 583 1022 τῶν
603 955 781 1038 Ἰάίιοστόλων
801 953 857 1020 οὐκ
880 953 976 1032 είδον,
1009 954 1098 1040 είνμιξ
1118 955 1261 1038 Ἰάκωβον
1285 954 1338 1022 τόν
1360 952 1465 1036 άδελφόι

329 1069 383 1126 τοῦ
401 1065 525 1143 κυρίου,
556 1061 606 1126 καί
623 1056 659 1124 τά
678 1060 753 1141 ἑξῆς,
793 1057 940 1139 Ἀδελφός
963 1061 997 1123 δὲ
1014 1066 1068 1125 τοῦ
1090 1063 1196 1144 κυρίου
1218 1057 1342 1135 ὅοίίτως
1358 1066 1463 1124 καλεῖται

328 1161 380 1228 διά
397 1162 431 1228 τό
448 1160 636 1245 ὁμότροφον,
661 1158 727 1244 ούχί
743 1159 818 1226 κατά
833 1159 941 1241 φύσιν,
969 1159 1041 1226 όλλά
1055 1159 1130 1227 κατά
1144 1159 1238 1246 χάριν.
1284 1166 1390 1246 Μαρία
1408 1159 1465 1241 6μίν

328 1264 384 1352 γάρ
401 1261 588 1348 άρμοσθεῖσα
610 1270 651 1351 τῷ
667 1261 777 1346 ’ίωσήφ
796 1265 892 1330 ἐδόκει
914 1263 990 1349 γυνὴ
1006 1261 1080 1329 είναι
1096 1271 1148 1330 τοῦ
1168 1261 1294 1348 άνδρός,
1326 1263 1367 1348 μη
1382 1265 1464 1346 ἔχουσι

330 1366 407 1453 πρός
429 1365 520 1434 αύτόν
545 1365 690 1448 σωμάτων
715 1365 887 1446 συνάφειαν.
936 1363 985 1431 Ἐκ
1010 1366 1120 1448 ταύτης
1144 1367 1176 1432 δέ
1199 1375 1252 1450 τῆς
1271 1359 1465 1442 ύποθέσενςί

329 1475 485 1559 γειτνίασις
502 1468 662 1555 ἀγχιστείας
682 1475 741 1534 τοῖν
766 1472 842 1534 υἱοῖν
861 1467 971 1552 ’ίωοηφ
996 1467 1073 1554 πρός
1095 1467 1147 1534 τόν
1163 1476 1282 1553 σωτῆρα
1300 1471 1333 1534 ἐν
1351 1467 1464 1546 ἀδελφάν

330 1572 409 1650 τάξει
423 1575 572 1654 κέκληται·
595 1571 750 1652 μᾶλλονδὲ
765 1574 816 1636 καί
830 1575 978 1657 ἐλογίσθη.
1021 1568 1074 1646 Ὡς
1089 1569 1147 1658 γάρ
1162 1574 1213 1636 καὶ
1231 1568 1323 1648 αύτός
1338 1569 1356 1637 ό
1369 1567 1464 1649 Ἰσσόν,

331 1675 371 1760 μη
389 1673 466 1758 σχεόν
484 1678 643 1741 κοινωνίαν
659 1671 736 1758 πρός
758 1671 813 1756 την
837 1677 973 1759 γέννησιν
990 1671 1044 1756 τήν
1062 1671 1138 1739 κατά
1157 1673 1252 1758 σάρκα
1271 1682 1326 1740 τοῦ
1345 1681 1465 1756 σωτῆρος,

331 1781 363 1844 ἐν
380 1777 459 1855 τάξει
476 1775 589 1860 πατρός
604 1781 744 1862 λογίζεται
761 1773 824 1840 κατ’
837 1779 1028 1860 οίκονομίαν,
1051 1773 1156 1852 καθιείς
1171 1779 1246 1861 λέγει
1264 1785 1387 1852 Λουκᾶς
1401 1772 1465 1858 εύιφ

331 1878 463 1966 γελισωίς
476 1881 544 1964 περὶ
558 1879 716 1944 αὐτοῦτοῦ
728 1886 872 1964 σωτῆρος,
894 1879 949 1958 ότι,
964 1877 1025 1962 Ὧν
1035 1877 1111 1955 υἱός,
1135 1875 1176 1956 οός
1190 1881 1348 1962 ἐνομίζετο,
1368 1875 1465 1958 Ἰωσὴφ,
1480 1868 1483 1876 ’

332 1981 374 2058 νίς
392 1984 443 2048 καὶ
464 1979 540 2064 αὐτὴ
559 1979 579 2063 ἡ
594 1979 724 2067 Μαριάμ
748 1985 807 2064 ἐφη
824 1980 900 2068 πρός
918 1979 1009 2046 αότόν
1033 1983 1064 2046 ἐν
1080 1988 1121 2070 τῷ
1137 1980 1213 2046 κατά
1228 1989 1358 2048 Λουκάν
1373 1978 1465 2064 εότγχε,

330 2091 398 2176 λίρο,
419 2081 511 2164 Ἰδού,
535 2083 592 2170 ἐγοί
611 2082 698 2150 καλό
713 2084 809 2170 πατήρ
828 2105 883 2150 σου
900 2085 1058 2166 ἐζητοῦμίν
1076 2106 1108 2150 σε
1124 2083 1322 2168 ὀδυνώμενοι.
1370 2090 1415 2159 Τίς
1426 2071 1467 2146 οίν

332 2187 370 2255 άν
386 2193 464 2254 είποι
490 2186 543 2253 τόν
559 2185 669 2268 Ἰωσὴφ
694 2189 805 2272 πατέρα
821 2194 876 2252 τοῦ
895 2191 1017 2273 κυρίου,
1048 2185 1083 2262 ίίς
1098 2186 1188 2252 οὐδέν
1202 2185 1278 2272 πρός
1292 2185 1385 2254 αὐτόν
1407 2181 1466 2266 είχοι

332 2295 445 2370 αίτιον,
474 2289 599 2373 μάλιστα
614 2297 668 2372 τῆς
684 2289 832 2375 ἐνσάρκον
853 2295 1018 2374 παρουσίας
1036 2286 1122 2366 ἐκτός
1140 2291 1310 2376 σπέρματος
1325 2287 1428 2374 τἰνδρός
1443 2281 1464 2349 ό·

191 2425 242 2470 ηις.
257 2411 313 2458 low.
332 2392 517 2480 παρχούσης·
552 2390 623 2458 άλλά
647 2391 696 2458 διό
721 2400 775 2476 της
797 2395 969 2476 οἰκονομίας
993 2398 1098 2460 τοῦτον
1120 2395 1224 2474 εἴληφε
1246 2391 1299 2458 τόν
1322 2385 1465 2476 κληροιτί

332 2523 498 2583 πραγματα.

203 2811 270 2878 Κεφ.
285 2806 320 2876 η’.
429 2809 524 2870 Τίκτει
538 2805 590 2888 μέν
602 2810 707 2870 τοῦτον
725 2801 777 2870 τόν
789 2803 935 2930 Ἰάκωβογ
951 2802 1037 2930 ἐγγύς
1050 2830 1110 2870 που
1127 2805 1194 2890 περί
1212 2805 1263 2886 ἐτη
1284 2802 1410 2890 γεγονός
1423 2819 1466 2865 τεε
1501 2839 1502 2884 3

332 2905 501 2993 σαράκοντα
521 2913 610 2973 πλείω
633 2905 752 2972 ἐλάσσω.
796 2903 872 2970 Μετ’
891 2905 984 2972 αὐτόν
1007 2908 1088 2972 δὲ’
1058 2931 1168 2992 γιντται
1189 2916 1261 2982 παῖς
1275 2904 1363 2990 Ἰωση
1385 2901 1466 2972 καλνε

333 3035 478 3093 μενος,ε
465 3007 527 3076 είια
544 3007 603 3093 μετ’
620 3007 714 3074 αὐτόν
733 3007 874 3092 Σνμεοόν,
897 3009 1019 3075 ἐπειτα’
1025 3008 1150 3085 Ιούδας
1179 3037 1229 3074 και
1219 3009 1304 3076 δύο
1320 3009 1466 3096 θυγατέρες,

331 3110 495 3198 ηΜαρία,
524 3115 574 3178 καί
597 3109 780 3194 ηΣαλοίμη
787 3113 961 3234 καλουμένη.
1007 3113 1067 3177 Καί
1080 3112 1285 3195 τέθνηκεν’
1248 3121 1347 3180 αυτοῦ
1366 3141 1386 3196 η
1403 3104 1465 3196 μοί

334 3218 396 3280 Καὶ
419 3241 490 3299 μετα
482 3214 563 3297 ἐτη
581 3213 673 3280 πολλά
693 3211 890 3296 λαμβάνει
856 3241 910 3297 την
935 3219 1060 3340 Μαρίριν
1081 3222 1184 3301 χῆρος,
1215 3214 1355 3340 κατάγων
1377 3213 1466 3298 ἧλικίυ
1500 3203 1501 3294 ί

333 3323 399 3403 περί
416 3345 477 3384 που
500 3319 686 3404 ὀγδοήκοντα
702 3319 775 3383 ἐτοῖν
793 3318 843 3382 καί
861 3315 965 3400 πρόσω
984 3315 1002 3382 ό
1017 3316 1104 3402 ιἰνήρ
1150 3320 1210 3382 Καί
1225 3317 1299 3401 μετά
1316 3326 1404 3384 ταῦτα
1417 3325 1466 3434 λτγι·

336 3419 470 3504 βάντι
436 3449 490 3504 την
501 3425 636 3506 Μαρίαν,
659 3417 701 3496 τίς
716 3421 768 3484 καί
785 3422 817 3485 ἐν
828 3445 868 3506 τρι
854 3416 1033 3508 εόαγγελίρι
1050 3421 1134 3506 λέγει,
1158 3427 1407 3503 Μνηστευθείσης
1420 3413 1466 3504 χόε

333 3525 422 3605 φησί,
453 3533 505 3606 τῆς
525 3529 663 3648 Μαρίας,
694 3551 745 3588 και
765 3521 821 3588 οὐκ
839 3483 919 3600 έίπε,
951 3528 1148 3605 Γαμηθείσης.
1195 3525 1256 3588 Καί
1273 3521 1500 3591 πάλινάλλοεε

336 3625 400 3692 Οόκ
426 3626 491 3716 ᾔδει
513 3623 613 3708 αὐτήν.
661 3624 874 3710 Θαυμάσαιδέ
894 3627 971 3689 ἐστιν
994 3626 1043 3690 ἐπί
1066 3633 1156 3692 πᾶσιν
1180 3622 1251 3702 1νίς
1273 3629 1308 3692 αλ
1327 3623 1467 3711 προφάσεις

331 3737 486 3814 θηρωνται
504 3731 537 3792 αί
549 3731 693 3812 πονηραί,
715 3731 803 3794 καί
783 3755 825 3793 ων
843 3726 900 3792 οὐκ
921 3730 981 3792 ἐστι
1000 3733 1081 3817 χρεία
1102 3727 1273 3814 ἐρευνᾶν
1239 3755 1292 3806 τας
1309 3733 1413 3807 αίτίας,
1431 3750 1466 3789 w

331 3839 427 3915 ζητεῖν
445 3831 480 3896 τά
497 3859 537 3915 μη
557 3831 735 3914 ζητούμενα,
767 3829 826 3897 άπο
819 3829 881 3894 δέ
897 3829 997 3894 κοίν’
980 3835 1150 3918 αυαγιιαίων
1176 3833 1341 3915 τρέπεσθαι
1360 3835 1404 3898 ἐπί
1424 3853 1466 3911 με*
1498 3891 1499 3920 3

333 3934 387 4022 ράς
405 3934 552 4018 ζητήσεις,
578 3929 634 4000 ’ίνα
652 3933 770 4010 πάντας
786 3959 846 3998 που
862 3935 894 3998 ἐκ
910 3932 1097 4017 πανταχόθεν
1113 3943 1258 4024 συναφθῇ
1277 3932 1351 4018 ἡμῖν
1367 3933 1467 4013 ὄλεθροι·
1498 3921 1499 4001 ί

333 4034 470 4113 ἀπιστίας
497 4039 545 4102 καί
571 4040 775 4119 βλασφημίας,
804 4033 854 4100 διά
876 4033 928 4111 τός
950 4033 1026 4122 πρός
1042 4035 1112 4112 τούς
1133 4034 1237 4122 άγίους
1260 4038 1385 4121 εἰτιμίας.
1424 4031 1467 4098 Kal

334 4133 576 4228 πρῶτονμὲν
538 4167 594 4205 ουν
610 4143 655 4205 ἐλέ
657 4166 714 4226 γχει
729 4137 840 4214 αὐτούς
859 4139 1048 4222 πανταχόθεν
1064 4167 1083 4222 η
1075 4137 1283 4218 άκολουθία,
1312 4141 1358 4207 ὅτι
1373 4143 1466 4221 πράσον

367 4276 390 4332 ί
422 4282 458 4344 Cf.
484 4283 567 4330 ΰλνοιι.
593 4283 678 4332 Ραεσλι,
699 4296 755 4344 paq.
774 4280 831 4332 382.
857 4283 895 4330 ιδ.
962 4279 986 4330 6.
1006 4278 1051 4346 μὲν
1072 4285 1149 4330 omiss.
1168 4283 1193 4330 ι’τι
1210 4283 1261 4330 τοιλ
1280 4283 1377 4344 λλλεσίς.
1497 4245 1498 4307 ί

333 4349 574 4431 Βουπορωαδιωί.
964 4345 1467 4406 Οκε.θΙΙΙ.-1.λλτειτιοικδκικμῦ·

368 4417 392 4466 5.
422 4407 494 4474 οὗτος
521 4419 664 4479 Commius,
692 4423 783 4469 υπίτιυ
808 4417 896 4468 Frater
931 4413 968 4476 ιός
993 4417 1020 4468 αἱ
1043 4415 1183 4498 προφάσεις
1212 4419 1265 4466 τοίω
1295 4411 1466 4468 oemunt&

334 4493 417 4534 autem
435 4483 528 4534 domini
547 4484 599 4535 hic·
605 4483 752 4551 appellatur.
927 4487 1032 4550 μθίδ,
1047 4490 1088 4549 qui
1103 4491 1171 4536 υττλίλ
1185 4481 1466 4538 omniumvmmxioe
