3066 5016
287 253 423 306 raanan
442 253 505 306 nra.
517 255 562 306 rn.
579 253 662 308 rou.
680 253 712 304 n.
731 251 831 306 nana.
850 252 974 304 cxxix.
1152 238 1214 304 att

53 380 133 449 star,
165 370 381 455 sapientissima
398 374 443 437 dei
468 373 600 440 doctrina
625 395 660 438 ac
680 373 810 458 potentia
834 374 925 455 (quae
945 370 1025 434 velut
1041 380 1147 456 styrax
1166 391 1214 433 or·

52 471 118 536 bem
143 482 288 538 terrarum
315 476 475 560 fragrantia
494 497 565 554 sua,
597 473 652 538 hoc
677 487 723 540 est
746 485 913 540 sanctorum
941 472 1118 557 virginitatis
1140 473 1214 536 lilio·

53 595 135 654 rum,
171 575 255 639 cuius
272 575 357 640 beata
376 578 461 662 virgo
484 577 619 663 princeps
642 587 705 654 est,
739 576 847 641 virtute
870 575 1058 660 complevit),
1087 585 1118 638 ct
1135 573 1212 638 illius

52 677 200 761 praesidio
217 677 264 761 qui
279 700 331 763 per
346 681 468 743 eandem
488 679 632 762 virginem
652 678 718 741 huic
739 679 845 742 mundo
864 678 962 742 lumen
981 675 1113 755 invexit,
1146 697 1211 740 cuer

52 779 195 844 hactenus
217 779 246 842 iu
271 780 364 844 lucem
389 782 571 859 eruerimus,
604 790 691 865 atque
714 781 845 846 exitialis
868 779 945 844 illius
964 777 1112 862 nequitiae
1129 777 1212 840 virus

51 882 298 966 patefecerimus,
321 883 357 946 ad
376 894 491 948 ceteras
508 881 672 946 orationem
690 882 943 968 promovebimus,
968 901 1026 965 quo
1045 879 1110 944 huie
1129 879 1212 964 operi
1240 877 1244 882 ’

51 984 194 1070 singulari
212 987 258 1050 dei
278 1006 334 1070 ope
352 995 490 1070 suscepto
509 985 595 1048 dcem
611 983 767 1069 aliquando
785 985 901 1048 taudem
922 982 1124 1048 adhibeamus.

216 1207 520 1286 ADVERSUS
558 1205 1046 1298 (lOLLYRIDlANOS,
1116 1262 1122 1275 .

155 1329 213 1424 qni
238 1329 363 1404 llariae
390 1328 587 1404 sacrificium
614 1328 769 1403 oderam.
822 1327 983 1404 Haeresis
1001 1325 1108 1418 hta,

506 1450 577 1526 sire
597 1447 758 1524 LXXIX.

136 1595 210 1663 Post
223 1597 406 1686 superiorem
423 1599 502 1664 illam
520 1600 675 1678 haeresin,
699 1600 834 1686 proxime
850 1600 884 1663 ad
901 1619 955 1664 nos
973 1597 1095 1664 alterius
1111 1599 1209 1662 cuins·
1241 1601 1300 1672 cap.
1311 1605 1329 1654 ¹·

49 1699 117 1764 dam
136 1702 212 1766 lama
230 1702 341 1786 perlata
366 1713 430 1781 est,
461 1704 497 1766 de
524 1725 580 1788 qna
609 1700 702 1767 Paulo
728 1713 797 1766 ante
824 1702 1001 1766 mentionem
1029 1701 1058 1776 in
1086 1700 1210 1786 epistola

49 1801 101 1866 illa
121 1803 300 1868 faciebamus
316 1825 401 1888 qoam
417 1805 452 1868 de
469 1801 565 1869 Maria
580 1805 695 1888 virgine
709 1804 738 1868 io
755 1803 893 1869 Arabiam
909 1803 1093 1890 scripsimus.
1128 1801 1209 1868 llaec

49 1905 129 1968 euim
147 1905 279 1970 haeresis
298 1905 328 1968 in
346 1906 488 1970 Arabiam
506 1928 523 1971 e
544 1906 675 1971 Thracia
690 1926 725 1970 ac
742 1907 894 1992 superiore
912 1905 1034 1992 Scythia
1051 1907 1154 1970 diffusa
1173 1907 1208 1969 ad

49 2027 139 2072 aures
158 2029 251 2092 usque
275 2019 391 2074 nostras
411 2009 556 2094 pervenit.
603 2004 688 2090 Quae
706 2009 822 2094 quidem
846 2010 921 2094 apud
940 2011 1099 2094 prudentes
1118 2007 1210 2072 horbi-

49 2130 104 2173 nes
120 2109 242 2174 ridicula
259 2133 294 2176 ac
310 2110 435 2176 ludibrio
452 2111 538 2195 digna
555 2121 704 2174 censetur.
751 2107 811 2174 Sed
826 2131 881 2174 nos
897 2131 1016 2176 errores
1033 2109 1111 2174 illius
1127 2110 1208 2173 dete·

47 2233 123 2296 gere
140 2233 176 2276 ac
194 2212 262 2299 quid
287 2213 351 2298 ipsa
374 2212 547 2297 profiteatur
565 2212 680 2298 aperire
702 2211 886 2276 conabimur.
931 2210 997 2277 Nec
1020 2212 1120 2276 dubito
1139 2211 1209 2295 quio

47 2313 193 2379 stultitiae
218 2315 391 2400 plurimum,
423 2315 584 2400 sapientiae
608 2335 646 2378 ne
669 2313 818 2378 minimum
836 2313 950 2396 quidem
973 2312 1082 2378 habere
1098 2312 1208 2377 iudice-

48 2427 117 2495 tnrq
149 2417 311 2482 cuiusmodi
330 2429 445 2482 ceteras
463 2437 566 2481 omnes
586 2416 651 2480 huic
669 2417 771 2480 affines
788 2415 1083 2502 esse'cognovimus.
1128 2413 1207 2480 Nam

47 2527 83 2582 ut
98 2518 186 2603 paulo
209 2531 276 2583 ante
294 2518 343 2604 qui
365 2519 548 2605 superiorem
568 2519 644 2582 illam
666 2528 774 2583 sectam
795 2519 922 2604 amplexi
938 2531 1025 2598 suot,
1057 2529 1208 2584 contume-

46 2620 142 2684 liosas
159 2619 189 2684 in
207 2621 322 2686 beatam
341 2620 484 2705 virginem
503 2621 658 2707 opiniones
682 2620 828 2686 hominum
853 2622 979 2706 ingeniis
1004 2631 1206 2708 asperserunt,

45 2723 92 2788 sic
107 2721 157 2786 isti
174 2723 352 2788 contrariam
367 2725 396 2787 in
414 2735 524 2809 partem
542 2724 722 2788 declinantes
740 2735 903 2788 extremam
918 2723 948 2788 in
966 2745 1077 2788 noxam
1089 2745 1123 2786 ac
1142 2743 1208 2809 pcr-

46 2824 157 2890 niciem
182 2823 364 2905 inciderunt,
394 2835 428 2890 ut
450 2826 601 2910 gentilium
622 2825 858 2911 philosophorum
875 2825 992 2889 celebre
1010 2826 1079 2890 illud
1097 2825 1205 2890 dictum

43 2928 77 2992 in
101 2927 173 3011 ipsis
198 2927 421 3012 comprobetur,
452 2934 645 2990 eotremt'tctes
664 2933 850 3011 aequalitates
867 2951 938 2994 esee.
985 2925 1135 3014 Siquidem
1154 2948 1207 3014 par

43 3041 78 3094 et
96 3030 174 3094 idem
192 3049 232 3094 ex
247 3029 387 3094 ambabus
404 3030 575 3096 haeresibus
592 3031 797 3096 detrimentum
815 3031 932 3111 accidit,
957 3053 1020 3096 cnm
1041 3030 1088 3096 alii
1105 3051 1206 3094 sacro·

42 3143 171 3196 sanctae
187 3131 311 3216 virginis
332 3133 501 3217 dignitatem
520 3132 649 3212 elevent,
673 3133 724 3197 alii
740 3142 858 3219 praeter
874 3135 989 3198 modum
1007 3155 1042 3196 ac
1061 3132 1204 3198 rationem

42 3233 195 3299 attollant.
239 3232 319 3299 Nam
346 3236 422 3321 quod
448 3236 485 3299 ad
510 3233 656 3320 posterius
679 3235 734 3299 hoc
756 3235 861 3320 dogma
884 3234 1028 3320 pertinet,
1062 3255 1204 3321 quosnam

43 3346 167 3424 praeter
185 3337 371 3402 mulierculas
387 3347 538 3417 auctores,
557 3357 593 3402 co
609 3347 750 3422 patronos
763 3337 871 3401 habet?
901 3335 988 3422 Quod
1004 3358 1099 3422 genus
1114 3336 1205 3403 lubri-

42 3461 113 3503 cum
135 3448 166 3502 et
186 3439 217 3502 in
235 3459 366 3504 errorem
386 3440 532 3526 proclive,
563 3461 598 3502 ac
620 3438 715 3524 pusilli
741 3439 895 3504 admodum
920 3451 950 3504 ct
975 3438 1093 3526 angusti
1115 3438 1204 3504 animi

42 3561 116 3606 esse
131 3540 220 3605 solet.
266 3538 326 3606 Per
340 3563 392 3607 eas
409 3543 507 3626 itaque
526 3540 657 3606 diabolus
674 3541 842 3606 evomuisse
859 3541 929 3606 illud
946 3543 1077 3622 videtur,
1113 3542 1204 3606 idem·

42 3664 104 3728 que
130 3644 185 3708 hac
208 3645 238 3706 in
264 3655 347 3729 parte
372 3645 478 3710 lecisse
507 3644 583 3730 quod
610 3664 663 3727 per
693 3641 863 3728 Quintillam
888 3667 924 3709 ac
951 3641 1146 3710 Maximillam
1174 3653 1204 3708 ct

42 3743 212 3810 Priscillam
229 3745 258 3810 in
278 3747 406 3812 ridiculis
421 3747 479 3811 illis
497 3743 722 3811 disseminandis
738 3746 888 3812 erroribus
906 3748 1104 3833 praestiterat.
1149 3744 1203 3810 Et·

42 3847 124 3912 enim
152 3847 291 3912 mulieres
316 3849 456 3933 quaedam
480 3869 596 3914 currum
623 3847 689 3912 sivc
713 3849 814 3914 sellam
834 3851 1002 3935 quadratam
1026 3850 1204 3913 adornantes

41 3971 79 4014 ac
101 3949 193 4013 linteo
218 3949 343 4035 desuper
367 3962 489 4017 extento
512 3949 637 4016 solleuni
662 3961 793 4038 tempore
815 3973 867 4038 per
886 3951 996 4036 aliquot
1013 3952 1076 4015 dies
1100 3969 1203 4036 panem

41 4062 226 4138 proponunt,
252 4062 282 4117 et
296 4052 326 4117 in
339 4051 457 4120 Mariae
472 4075 578 4118 nomen
593 4054 732 4118 offerunt.
778 4053 858 4120 Tum
874 4054 909 4116 ad
929 4075 1014 4119 unam
1031 4073 1134 4116 omncs
1153 4052 1204 4116 illo

42 4163 220 4219 vescuntur.
265 4151 312 4218 De
338 4177 396 4240 quo
422 4157 452 4219 in
477 4155 600 4241 epistola
627 4156 677 4218 illa
703 4175 787 4240 quam
812 4156 842 4219 in
869 4154 1010 4219 Arabiam
1032 4152 1203 4238 scripsimus

42 4255 181 4322 nonnihil
203 4256 431 4342 disputavimus:
462 4280 541 4322 nnnc
564 4278 637 4322 vero
659 4257 825 4322 accuratius
843 4256 957 4342 singula
978 4277 1200 4343 prosequemur,

42 4421 111 4462 tates
123 4413 288 4473 interpretatus
300 4411 344 4475 est)
357 4418 378 4462 et
386 4413 498 4464 Petoctan
509 4425 614 4464 comese-
681 4411 704 4463 c').
722 4414 814 4475 hepone
828 4425 857 4464 cc
869 4425 914 4474 pro
930 4407 967 4464 hi.

40 4485 107 4530 ruent.
144 4471 307 4562 μακρξτητες
316 4481 383 4530 codd.
393 4482 439 4531 len.
451 4483 548 4544 Aledio.
562 4483 610 4532 Pc-
678 4477 703 4532 6.
722 4481 758 4544 cs.
774 4480 906 4532 Gctultcrtta
921 4481 981 4544 Opp.
999 4481 1063 4531 mm
1076 4493 1135 4544 pop.
1144 4474 1201 4532 ult.

40 4552 82 4600 ῆι
123 4561 304 4614 μωιαροτητες
317 4549 374 4599 editt
388 4551 450 4600 libri.
