3066 5016
209 291 212 299 ¹
328 297 392 361 514
756 308 880 362 δΔΝῦΤί
897 308 1067 362 ΕΡΙΡΗΑΜΙ

329 431 447 507 πνεῦμα
474 423 532 490 οῦκ
554 421 708 510 ἄλλο’τριον
727 423 841 510 πατρδς
860 427 913 492 καλ
934 428 1020 506 υίοῦ,
1050 418 1145 495 οὖσαν
1167 426 1201 492 δέ
1226 423 1276 493 δελ
1300 425 1360 512 τῆν
1382 429 1489 514 τριῦδι,

329 530 381 594 καλ
396 529 541 610 μηδέποτε
556 525 732 612 προςθῆκης
750 529 955 612 ἐπιδεομένην,
986 527 1027 611 μῆ
1042 531 1166 612 ἐχουσαν
1183 531 1218 594 δέ
1231 556 1261 594 τι
1277 532 1311 596 ἐν
1327 531 1412 621 αὐτῇ
1427 531 1490 598 δαν

328 627 474 713 βεβηκός,
505 631 548 705 είς
571 632 641 713 μίαν
658 629 690 694 δέ
707 627 829 713 ἐνότητα
844 631 895 696 καλ
920 635 1017 712 ιμίαν
1038 627 1132 716 ἆργῆυ
1150 637 1204 696 τοῦ
1219 639 1302 698 θεοῦ
1316 636 1375 698 καί
1389 634 1491 718 πατρίς

195 754 248 802 τις·
259 741 318 788 1⁰⁰⁸·
332 731 536 818 ἀναγομένην,
567 733 619 798 καί
642 733 675 797 ἐκ
690 729 799 816 ταύτης
814 738 867 814 τῆς
883 731 1003 817 τριάδος
1025 731 1138 819 πατρδς
1160 735 1211 798 καί
1233 736 1307 800 υἱοῦ
1331 739 1391 804 καλ
1416 736 1490 824 δγίοι

327 837 496 917 πνεύματος
519 832 556 900 τδ
580 832 678 900 πάντα
705 838 901 913 4κεκτίσθαι,
933 832 991 900 οῦκ
1016 831 1088 901 ὅντα
1106 836 1193 915 ποτέ,
1222 831 1292 902 οὔτε
1309 837 1490 926 συνόντατρ·

327 943 407 1026 θεῷ,
429 933 497 1002 οῦτε
511 934 757 1022 προῦπτίρξαντα,
787 935 926 1022 γινόμενα
944 937 976 1000 δέ
996 939 1027 1014 ἐξ
1046 933 1104 1004 οῦκ
1120 934 1216 1006 ὄντων
1230 941 1273 1016 είς
1287 938 1324 1007 τδ
1342 938 1425 1008 εἶναι
1439 941 1489 1006 ἄνι’

327 1037 442 1125 πατρὸς
455 1041 508 1106 καλ
530 1042 600 1105 υίοῦ
621 1041 674 1104 καί
697 1035 784 1124 δγίου
809 1037 993 1122 πνεύματος·
1024 1040 1076 1104 καλ
1099 1047 1205 1106 τοῦτον
1227 1039 1282 1107 τδν
1302 1045 1428 1129 πατέρα
1448 1045 1488 1110 κτλ

328 1140 398 1208 υίδν
423 1144 475 1208 καλ
499 1139 584 1226 δίγιον
604 1147 723 1223 πνεῦμα
748 1149 811 1217 τοῖς
836 1139 930 1208 αὐτοῦ
955 1137 1051 1226 ἇγίοις
1072 1143 1124 1208 καί
1147 1140 1199 1208 ἀπ’
1219 1147 1335 1222 αίτῦνος
1354 1145 1489 1224 καταξιό

322 1255 419 1308 Ι’σαντα
435 1245 468 1309 ἐν
484 1240 638 1320 ὄπτασίαις
654 1249 805 1326 φανῆναι,
826 1241 965 1328 καθάπερ
981 1240 1112 1326 ῆδῦνατο
1133 1245 1255 1322 δταστος
1270 1256 1402 1331 χωρεῖν,
1425 1247 1489 1312 κατιΙ

327 1343 361 1412 τδ
375 1343 504 1432 γδρισμα
526 1343 618 1411 αὐτοῦ
635 1343 685 1412 διδ
701 1353 754 1428 τῆς
771 1343 927 1428 θεότητος,
958 1343 1032 1432 ὅπερ
1052 1348 1194 1430 ἐχαρίζετο
1218 1346 1338 1437 έκοὶστηο
1364 1359 1429 1416 τοῦτ
1447 1379 1489 1416 ττ-

324 1449 542 1531 ταξιουμέναν,
575 1447 619 1530 πῆ
644 1447 698 1530 μέν
720 1449 832 1534 πατέρα
856 1444 1046 1528 θεάσασθαι,
1080 1447 1186 1525 καθείς
1206 1449 1344 1532 ῆδιίνστο
1372 1455 1488 1527 ἕκαστος

189 1566 206 1588 “
326 1549 457 1618 ιἰκοῦσαι
480 1556 532 1633 τῆς
558 1556 672 1632 φωνῆς’
686 1548 798 1630 αὐτοῦ,
829 1547 870 1626 τίς
892 1548 1008 1635 ἐχοίρει·
1039 1547 1081 1626 ῦς
1101 1553 1134 1616 ἐν
1150 1551 1271 1634 στόματι
1289 1563 1351 1620 τοῦ
1371 1552 1487 1622 Ἡσαΐου

325 1655 436 1740 ίλεγεν,
458 1649 554 1730 Ἰδοῦ,
586 1650 708 1734 συνῆσει
722 1649 740 1718 6
756 1660 828 1728 παῖς
842 1679 901 1736 μου
920 1651 1117 1739 δίιγαπητδς·
1149 1661 1235 1722 τοῦτο
1252 1655 1347 1740 φωνῆ
1364 1655 1487 1742 πατρίς·

327 1757 379 1821 καλ
398 1751 439 1832 οῦς
456 1751 475 1820 6
491 1751 604 1836 Δανιῆλ
622 1750 682 1820 είδε
704 1751 757 1820 τδν
779 1755 906 1822 παλαιόν
928 1762 988 1822 τοῖν
1006 1752 1140 1840 ῆμερῦυ·
1171 1764 1259 1823 τοῦτο
1286 1755 1424 1824 δπτιτσία
1442 1765 1488 1824 τοῦ

327 1855 450 1942 πατρός.
492 1853 544 1932 Ὡς
558 1856 635 1924 δέέν
653 1863 694 1944 τῷ
708 1855 850 1947 προφῆτη
875 1857 982 1937 πάλιν,
1009 1856 1084 1944 Ἐγοδ
1100 1855 1218 1943 δράσεις
1233 1858 1416 1942 ἐπλῆθυνιτ,
1446 1863 1488 1926 ταί

326 1961 359 2026 ἐν
374 1962 455 2045 χερσί
472 1965 638 2045 προφητῶν
654 1955 828 2043 δμοιοίθην·
857 1968 946 2026 τοῦτο
970 1957 1056 2042 φανῆ
1074 1963 1159 2026 υίοῦ·
1187 1958 1229 2036 ῦς
1246 1962 1280 2026 δέ
1299 1964 1333 2028 ἐν
1346 1959 1488 2044 Ἰεζετιῆλ

326 2064 391 2127 Καλ
418 2062 504 2144 έλαβέ
526 2085 561 2144 με
585 2068 702 2145 πνεῦμα
724 2069 818 2142 θεοῦ,
848 2065 899 2128 καί
924 2063 1040 2145 ἐξέβαλέ
1066 2087 1102 2144 με
1128 2065 1171 2139 είς
1190 2061 1223 2128 τδ
1248 2067 1371 2130 πεδίον·
1404 2073 1487 2132 τοῦτο

324 2166 392 2252 περλ
412 2161 499 2250 δγίοα
520 2163 696 2247 πνεύματος.
742 2166 803 2229 Καί
826 2163 920 2232 πολλδ
944 2167 1005 2232 ἐστι
1025 2172 1147 2242 τοιαῦτα
1168 2167 1276 2251 λέγειν,
1309 2157 1357 2231 οἶν
1381 2167 1488 2252 ὀλίγον

325 2263 388 2333 σἰπδ
402 2268 522 2352 ,μέρους
547 2267 728 2350 μνησθέντες
750 2269 782 2334 έν
805 2270 984 2357 παραδρομῇ
1007 2269 1049 2343 είς
1072 2265 1105 2333 ιδ
1129 2271 1222 2346 δείξαι
1245 2265 1298 2333 τῦν
1314 2277 1488 2354 χαρακτῆρι

322 2374 376 2452 τῆς
391 2370 545 2450 ἐκκλησίας
560 2367 596 2434 τδ
613 2367 669 2434 δύο
693 2366 811 2454 ῥήματα
828 2371 1042 2456 παρεθέμεθα,
1075 2373 1190 2456 μυρίαν
1211 2368 1319 2450 ὄντων,
1351 2375 1410 2438 καλ
1426 2375 1487 2438 ἐτέ-

323 2496 418 2554 κεινα,
452 2478 512 2536 οῦν
536 2467 649 2554 δμοίον
669 2469 781 2537 τοῦτον
803 2473 834 2537 ἐν
856 2480 921 2548 ταῖς
941 2475 1041 2548 θείαις
1064 2481 1209 2597 γραφαῖς,
1235 2479 1367 2548 παλαιᾶς
1390 2499 1424 2538 τε
1441 2474 1484 2538 ταὶ
1528 2551 1529 2554 ¹

324 2581 430 2656 καινῆς
456 2569 623 2655 διαθήκης,
657 2574 805 2702 ἐμφερομέ
806 2600 874 2640 νων.
920 2572 1022 2638 Καλ”
1003 2600 1051 2640 οτι
1073 2571 1164 2650 αῦτδς
1191 2572 1295 2659 καίριος
1317 2575 1483 2642 ἐπέπεσε
1455 2601 1485 2640 τ

324 2681 411 2757 σῦμα
434 2681 476 2762 τῷ
489 2672 601 2757 Ἀδδμ,
631 2677 682 2740 καί
706 2677 878 2742 ἐνέπνευσεν
903 2675 988 2741 ἐν’
952 2682 1034 2766 αυτῷ
1049 2675 1146 2799 πηοῆν
1163 2683 1255 2759 ζωῆς,
1283 2681 1447 2756 παίσας’
1410 2683 1487 2764 αατᾷ

324 2774 427 2902 ψυχην
448 2783 561 2856 ζῦσαν,
589 2775 680 2842 καλ”
663 2803 708 2843 οτι
733 2775 823 2854 αῦτδς
849 2777 1016 2844 δέδυκε
984 2805 1037 2846 τον
1058 2777 1152 2863 νόμον
1175 2806 1215 2868 τρο
1203 2785 1356 2870 Μιτῦσῆ
1383 2779 1486 2855 σ’θεῦς

323 2877 422 2964 πατὴρ
440 2882 545 2944 καλ
511 2877 578 2955 υιδς
595 2879 689 2944 καλ”
669 2905 754 2966 αγιον
771 2887 904 2964 πνεῦμα,
934 2877 1022 2964 ῆμία
1039 2881 1161 2964 θεότης,
1191 2909 1241 2947 και
1256 2880 1303 2948 δτι
1317 2885 1350 2947 ολ
1365 2889 1485 2968 xm}

321 3006 372 3048 ται
384 2977 445 3048 ὖπδ
461 2988 515 3064 τῆς
530 2978 623 3064 αὐτῆς
636 2979 780 3063 θεότητος
795 2979 1014 3065 ἀπεστάλησαν,
1045 2986 1097 3049 καλ
1112 2981 1161 3050 ὅτι
1180 2981 1270 3059 αῦτδς
1288 2979 1362 3066 ῆμῖν
1378 2983 1402 3052 6
1416 2985 1486 3060 θεδς

323 3080 515 3149 δἸουδαίαν
536 3109 566 3148 τε
588 3084 641 3148 καλ
665 3089 851 3168 Χριστιανῶν
872 3082 914 3152 οδν
937 3085 1027 3166 θεδς,
1050 3086 1220 3162 Ἰουδαίους
1242 3110 1273 3150 τε
1294 3087 1427 3164 καλέσας
1448 3089 1485 3162 είς

323 3187 492 3264 δικαίωσιν,
521 3182 592 3263 τοῦς
609 3184 652 3269 μῆ
669 3183 869 3272 σίρνουμίνους
893 3193 947 3271 τῆν
968 3186 1064 3273 αῦτῆν
1085 3195 1139 3254 τοῦ
1157 3193 1264 3274 κυρίου
1285 3185 1377 3271 ῆμῦν
1391 3188 1484 3273 Ἰησοῦ

322 3291 504 3372 παρουσίαν,
533 3290 585 3354 καλ
610 3286 723 3364 πάντας
740 3287 883 3367 σώζοντος
902 3289 973 3366 τοῦς
995 3288 1072 3358 κατδ
1088 3289 1143 3375 τῆν
1158 3288 1309 3374 ἄληθινῆν
1327 3291 1428 3358 αῦτοῦ
1442 3296 1484 3356 ιε’·

322 3408 386 3456 στιν
401 3392 557 3472 βιοῦντας,
579 3392 630 3456 καί
646 3389 686 3474 μῆ
701 3386 906 3477 οίρνουμένους
920 3391 975 3476 τῆν
991 3391 1138 3475 ἆλῆθειαν
1156 3399 1211 3458 τοῦ
1224 3391 1421 3478 κηρύγματος
1436 3401 1484 3476 τῆς

323 3490 467 3576 ἀληθινῆς
482 3490 668 3579 εῦαγγελικῆς
683 3491 777 3559 αὐτοῦ
800 3498 997 3572 διδασκαλίας.
1034 3487 1129 3562 Ἦλθε
1138 3493 1220 3582 ,γδρ,
1251 3489 1348 3578 ἦλθεν
1361 3495 1384 3562 6
1399 3523 1484 3580 μονα

322 3592 421 3682 γονῆς·
443 3597 494 3660 καί
510 3593 607 3671 οὕτως
625 3598 682 3680 έηει
699 3592 720 3678 ἦ
738 3596 833 3682 μήτηρ
853 3593 939 3680 ῆμῦν
956 3600 1111 3680 ἐκκλησία,
1140 3593 1263 3682 δλιμῆν
1279 3596 1298 3664 6
1314 3596 1417 3676 εῦδιος
1434 3607 1483 3680 τῆς

322 3695 458 3782 είρῆνης,
487 3693 669 3783 ῆεῦφρασία
686 3695 706 3781 ἡ
720 3701 852 3768 πνέουσα
874 3698 929 3782 τῆν
946 3699 1081 3786 οιιῦπριν
1108 3707 1162 3782 τῆς
1183 3697 1338 3784 δμπέλου,
1365 3704 1419 3768 τσλ
1433 3699 1484 3783 βδ-

181 3832 234 3880 m.
246 3819 305 3868 lm.
323 3825 396 3886 τρυν
413 3801 549 3886 φέρουσα
563 3795 634 3882 ἡμῖν
655 3807 709 3883 τῆς
723 3799 871 3888 εῦλογίας,
901 3804 953 3868 καλ
969 3801 1003 3870 τδ
1018 3806 1177 3870 λυσίπονον
1198 3799 1273 3886 ἡμῖν
1289 3801 1399 3886 οπόμα
1412 3799 1483 3868 καθ’

321 3900 449 3986 ίκιίστην
469 3897 584 3987 ἡμέραν
605 3897 680 3985 αίμα
702 3909 834 3990 Χριστοῦ
855 3906 1044 3990 χαριζομένη,
1066 3901 1212 3990 ἄκρατον,
1234 3903 1359 3988 ιἰληθές.

355 4073 379 4128 δ
398 4073 457 4141 μίαν
474 4078 552 4128 omiss.
569 4078 595 4128 ίπ
612 4079 663 4129 ovd.
682 4079 777 4148 δλτδίρ.
948 4074 972 4130 4.
990 4077 1124 4132 κίκτισδαι
1145 4080 1214 4130 codd„
1232 4094 1288 4131 τιτι.
1313 4084 1337 4130 ιλ
1352 4079 1388 4129 εδ
1403 4082 1481 4142 μὴτ.

915 4147 1058 4214 κεκτῆσθαι
1073 4149 1141 4200 habet
1157 4161 1241 4212 τιαρο
1257 4149 1314 4199 edit.
1331 4149 1411 4200 Ρατα
