3072 5002
313 291 451 344 ennean
469 292 531 343 ers.
545 291 589 344 nr.
607 291 689 345 ron.
708 293 726 343 r.
746 291 845 344 enee.
864 290 987 343 exxrn.
1186 275 1227 343 93

66 422 114 476 tor
131 413 279 491 essentia,
302 411 475 499 particulam
497 412 590 492 harno,
613 417 674 486 Sir,
701 413 829 478 essentia
853 433 918 476 onor
939 409 1071 497 essentia
1092 407 1228 474 similitu·

63 515 162 578 dinem
185 516 328 581 indicare.

150 615 184 683 Si
204 619 268 702 qnis
286 619 342 682 ista
361 618 507 682 dicentem
527 617 607 682 iilum
627 617 767 682 audiens:
793 621 908 680 Creom't
922 639 979 692 me,
1011 628 1041 678 et
1056 622 1158 698 genuit
1173 639 1226 690 rue,
1247 631 1308 702 (top.
1320 632 1368 683 Χῖ.

62 742 121 784 ooo
146 721 181 784 ad
201 722 325 784 eundem
350 733 380 784 et
402 721 562 785 secundnm
586 719 745 784 essentiam
768 720 917 802 pertinere
944 729 1041 805 putet,
1073 721 1125 782 sed
1152 720 1228 783 idem

62 843 130 886 esse
151 825 247 902 dieat,
274 827 447 898 Genur'tme,
482 836 512 886 et
526 829 633 886 ereour‘t
650 845 709 897 me,
743 834 879 907 tanquam
899 822 987 886 iiiinm
1005 822 1072 886 sine
1090 823 1146 885 nlla
1164 843 1229 908 pas-

60 927 148 988 sione
164 928 326 1010 perfeetum
346 947 386 989 ex
404 925 516 990 dnobus
535 925 593 990 iilis
608 925 759 989 srooaindis
778 926 942 1002 confitens,
975 928 1089 987 Crenur't
1105 947 1165 1000 me,
1198 934 1228 988 et

61 1031 169 1090 denuit
182 1049 241 1103 me,
266 1029 318 1092 sed
335 1037 500 1093 ereaturam
517 1031 673 1108 duntaxat,
699 1048 756 1091 non
774 1027 862 1091 iilinm
880 1029 1039 1107 affirmans,
1064 1027 1226 1090 uniusmodi

60 1131 138 1214 pium
166 1131 254 1195 nobis
278 1151 319 1195 ex
345 1132 457 1195 duabus
474 1131 531 1195 ittn
549 1131 672 1196 voeibns
690 1151 809 1194 sensnm
824 1127 982 1215 Sapientia
999 1130 1133 1210 tradidit,
1157 1149 1228 1194 ens-

60 1233 159 1297 tinrma
175 1235 227 1298 sit.
275 1231 309 1298 Si
326 1235 390 1320 qnis
407 1233 466 1296 iiiio
483 1255 564 1298 snam
586 1255 650 1297 enm
668 1243 750 1319 patre
770 1235 932 1296 secundnm
949 1231 1109 1296 essentiam
1126 1231 1228 1296 simili·

59 1337 193 1400 tndinem
212 1337 296 1400 nobis
317 1337 360 1400 iris
380 1335 480 1399 vorbis
505 1336 671 1399 indicantes
704 1338 874 1398 Sr'eutentin
892 1347 978 1418 puter
996 1341 1080 1398 uitam
1097 1336 1182 1398 nutu
1198 1339 1228 1398 in

57 1445 170 1521 serpso,
206 1445 249 1502 sir
264 1452 295 1502 et
304 1442 369 1520 fido
388 1443 468 1501 dedit
484 1442 567 1500 uatum
584 1440 688 1501 dedere
707 1443 737 1500 in
752 1443 862 1520 serpso,
895 1459 960 1502 eam
977 1459 1049 1502 uero
1064 1437 1228 1502 similitudi·

59 1565 144 1619 nem,
179 1562 257 1627 qrnae
280 1543 309 1606 in
334 1542 452 1606 actione
476 1540 570 1626 posita
591 1538 636 1605 iris
654 1541 754 1604 verbis
772 1543 914 1622 docente,
944 1546 1139 1624 Quaecumque
1156 1545 1228 1604 enain

55 1657 145 1726 puter
161 1647 254 1726 suer‘t,
287 1667 321 1707 eu
344 1656 375 1706 et
379 1647 468 1725 filaus
487 1647 619 1706 srinr'lr'ter
626 1645 721 1727 suer't,
754 1644 846 1708 soient
863 1645 938 1708 hano
953 1644 1078 1708 autiontis
1095 1643 1228 1708 similitu·

59 1749 158 1811 dinem
186 1747 373 1826 concedens,
407 1748 547 1824 aiteram,
582 1767 658 1831 qnae
683 1748 718 1809 ed
748 1747 907 1810 essentiam
932 1757 1063 1831 spectat,
1096 1768 1229 1832 quaeque

60 1851 253 1937 praecipuum
272 1850 336 1914 ndei
353 1860 474 1914 nostrae
493 1862 580 1934 eaput
595 1861 660 1926 est,
685 1850 744 1912 otio
765 1850 929 1928 subtrahet,
954 1863 1090 1935 tanquam
1109 1860 1229 1914 aeterna

60 1955 137 2031 vitu,
175 1973 251 2038 quae
277 1953 305 2016 in
330 1952 421 2039 patris
446 1973 480 2015 ao
504 1953 553 2015 iiiii
578 1953 747 2036 cognitione
768 1951 919 2032 consistit,
943 1952 1072 2038 seipsum
1096 1951 1227 2038 privans,

59 2057 220 2120 anathema
245 2055 295 2120 sit.
341 2053 374 2120 Si
400 2055 465 2140 quis
487 2055 515 2118 in
541 2065 652 2140 patrem
680 2077 714 2119 eo
738 2055 825 2118 iiiinm
850 2056 973 2118 eredere
998 2075 1066 2118 sese
1089 2055 1229 2139 profitens

60 2170 178 2243 patrem
195 2179 255 2222 non
272 2157 377 2222 similis
394 2179 459 2224 enm
478 2159 536 2222 diio
552 2157 702 2222 essentiae
720 2159 799 2221 dieat
816 2179 901 2236 esse,
925 2158 976 2220 sed
994 2156 1139 2235 aetionis,
1165 2169 1229 2222 ten-

59 2284 165 2346 qnam,
199 2263 340 2344 prosum
370 2283 468 2324 nouum
495 2269 633 2324 novatores
655 2261 691 2324 ds
722 2261 771 2326 nni
801 2260 846 2323 dei
877 2260 1007 2324 essentia
1037 2261 1371 2344 pronuntiareannnn.

59 2385 164 2443 ansns,
202 2374 233 2426 et
252 2385 351 2428 veram
370 2364 423 2428 irlii
441 2364 650 2448 proprietatem
670 2374 822 2440 evertens,
846 2363 1001 2426 anathema
1019 2363 1069 2426 sit.
1116 2359 1229 2447 Siqnis
1269 2331 1344 2385 Μ’

61 2467 148 2532 fiiinm
174 2467 301 2530 similem
324 2467 455 2531 essentia
483 2465 560 2530 iilius
579 2465 746 2548 intelligens
770 2465 855 2528 onins
873 2467 948 2529 {iiius
966 2464 1157 2550 intelligitur,
1182 2466 1231 2530 uel

61 2570 135 2633 idem
153 2590 281 2656 prorsns
296 2591 360 2634 enm
382 2579 464 2654 patre
479 2569 566 2634 titium
584 2589 651 2634 osse
670 2569 759 2648 dieat,
773 2569 819 2632 uei
837 2568 928 2653 patris
946 2579 1071 2653 partem,
1096 2569 1144 2632 vei
1163 2589 1230 2653 pro-

63 2672 151 2736 dnvio
177 2673 307 2756 quodam
323 2693 359 2736 ae
376 2672 537 2758 passione,
576 2691 785 2757 corporeorum
806 2670 899 2735 instar
921 2670 1063 2749 liliorum,
1092 2669 1230 2757 incorpo-

63 2795 143 2838 reum
175 2775 215 2838 eb
240 2775 416 2860 incorporeo
443 2785 523 2860 patre
549 2773 694 2860 prodiisse
720 2774 808 2838 tilium
831 2783 964 2853 asserat,
999 2773 1154 2838 arrathema
1177 2774 1244 2838 sit·

63 2875 95 2942 si
114 2879 185 2964 quis
206 2859 361 2963 pro'pterea
381 2878 457 2962 qnod
483 2897 578 2961 neque
602 2887 684 2962 pater
699 2878 775 2940 iilius
795 2898 889 2961 neque
907 2875 985 2941 iilius
1003 2896 1070 2940 esse
1088 2887 1171 2962 pater
1186 2875 1230 2940 in·

63 2981 216 3066 telligatur
231 3001 374 3064 nnqnam,
398 2981 521 3044 alterum
538 3001 555 3042 a
572 2989 654 3063 patre
672 2979 763 3043 srdinm
781 3000 848 3043 esse
864 2979 984 3058 dicens,
1009 2999 1046 3043 eo
1064 2980 1139 3064 qnod
1156 2980 1231 3043 elter

62 3085 97 3147 sit
114 3094 206 3170 pater
222 3105 258 3146 ao
277 3084 374 3161 nlius,
407 3093 437 3146 nt
456 3081 564 3146 dietum
582 3091 644 3158 est,
667 3086 756 3145 Adrus
774 3094 818 3144 est
832 3087 885 3164 qur·
901 3088 1087 3145 testiinonium
1100 3083 1380 3164 middeltunensis

62 3189 95 3248 de
111 3209 173 3262 me,
211 3187 299 3264 item,
333 3189 529 3248 Testimonium
543 3187 675 3266 pertenet
689 3190 889 3267 quietissime
903 3197 1008 3268 puter.-
1031 3187 1056 3249 si
1075 3183 1160 3271 qnis,
1184 3184 1229 3248 in·
1268 3153 1333 3198 ‘m

63 3310 166 3372 qnam,
204 3298 324 3374 propter
340 3286 414 3375 piam
436 3287 535 3367 iiiam,
566 3307 640 3371 qnae
660 3288 689 3352 in
710 3288 835 3353 eooiesia
855 3287 1019 3375 concipitur
1037 3308 1229 3372 personarum

62 3391 152 3476 patris
170 3411 208 3454 uo
226 3389 278 3454 ntii
296 3394 524 3476 proprietatem,
555 3389 669 3454 veritus
686 3411 723 3454 oe
738 3391 816 3454 idem
833 3391 953 3454 omnino
968 3411 1034 3454 enm
1053 3401 1134 3477 potre
1152 3390 1230 3456 tilius

62 3492 264 3579 intelligatur,
296 3493 468 3558 dissimilem
492 3493 621 3557 essentia
640 3493 730 3578 patris
749 3513 817 3556 esse
839 3493 929 3557 iiiinm
947 3493 1042 3572 dioat,
1075 3494 1231 3558 anathemo

62 3597 109 3660 sit.
158 3594 196 3662 Si
214 3596 280 3680 quis
297 3606 408 3682 patrem
427 3595 568 3681 unigeniti
588 3595 640 3659 iiiii
656 3595 685 3658 in
702 3606 834 3682 tempore
850 3607 962 3682 patrem
982 3595 1074 3662 inisse
1092 3596 1147 3660 sibi
1164 3617 1230 3681 por·

63 3701 200 3780 suadeat,
226 3719 321 3782 neqne
338 3709 406 3763 ante
423 3709 537 3784 tempos
554 3719 640 3762 omne
658 3719 692 3762 ao
708 3719 795 3784 snpra
813 3698 967 3764 hnrrranam
986 3720 1101 3763 omnem
1118 3703 1230 3784 eogita-

63 3803 187 3881 tionem,
214 3801 395 3886 unigenitum
414 3801 505 3865 iiiinm
522 3824 537 3863 a
555 3810 636 3886 petre
651 3801 715 3866 sine
731 3803 787 3865 ntia
806 3803 943 3888 passione
962 3805 1064 3866 credat
1078 3821 1145 3865 esse
1164 3821 1230 3886 pro·

65 3906 201 3982 doctum,
235 3915 372 3989 tanqnam
395 3905 587 3989 apostolieum
610 3903 716 3990 dogma
739 3907 979 3990 transgrediens,
1010 3905 1086 3988 qnod
1111 3915 1229 3988 epatre

66 4009 184 4093 idioque
210 4007 351 4093 temporis
375 4005 500 4092 spatium
525 4027 612 4070 omne
632 4006 745 4085 reiieit,
776 4007 831 4071 hoo
849 4028 922 4071 vero
941 4029 995 4072 nos
1015 4005 1143 4071 fideliter
1159 4007 1229 4070 edo·

66 4122 127 4189 set,
164 4116 198 4174 du
210 4111 354 4194 prrpeepr'o
372 4123 437 4172 erut
453 4111 583 4184 verdum,
617 4121 647 4171 et
662 4115 730 4172 deus
745 4123 810 4173 erat
826 4112 956 4185 nardum,
989 4121 1020 4172 et
1034 4109 1147 4172 verdum
1164 4123 1229 4172 erut
1238 4130 1316 4179 rm
1324 4133 1370 4193 t,1.

66 4218 139 4293 apud
153 4219 253 4288 deum,
278 4225 308 4275 et
322 4217 392 4276 deus
405 4226 470 4276 erat
483 4214 608 4286 verirent,
634 4212 788 4275 anathemo
804 4211 853 4274 sit.
900 4208 934 4275 Si
952 4211 1017 4296 qnis
1033 4223 1145 4298 patrem
1165 4215 1229 4277 rrni-

66 4315 183 4398 genito,
208 4337 294 4402 quem
312 4315 468 4402 produxit,
502 4315 564 4378 nno
582 4329 713 4401 tempore
729 4313 908 4378 anteriorem
925 4334 992 4378 esse
1008 4315 1100 4396 dieat,
1137 4318 1227 4382 filium

65 4489 200 4546 ρωὶιὶωκω
225 4484 293 4540 κατὰ
317 4491 456 4539 seruerim
479 4477 509 4539 η’
533 4491 634 4550 repedas
667 4488 780 4540 Petuntur
795 4490 928 4550 mordentur
941 4491 974 4537 nt
991 4485 1037 4541 sot
1051 4482 1121 4556 stupri
1136 4478 1228 4546 πάσας.

67 4557 148 4606 aarum
163 4557 209 4611 ῐῖι
222 4562 244 4608 rt
258 4559 352 4620 suttona
366 4559 401 4612 ιῖα
416 4559 525 4610 uretur
538 4553 632 4617 πάσας.
700 4557 725 4610 5.
742 4550 821 4611 αὐτοῦ
838 4555 890 4608 uod.
909 4557 1007 4621 sunan.
