3068 5008
491 272 819 326 anacsrnanarosra.
1174 257 1237 322 543

76 391 156 469 iani,
181 389 358 473 Senecioni,
388 391 520 458 Tatiaai.
566 392 649 458 llaec
673 403 718 457 est
742 411 855 456 summa
881 401 1026 456 tomorum
1044 390 1129 454 trium
1152 388 1236 475 primi

76 494 156 558 lihri.
202 493 331 560 Secundi
357 517 429 562 vero
448 497 512 560 libri
532 496 602 560 tomi
617 496 674 560 duo
688 505 775 572 sunt,
800 495 883 558 cuius
905 493 935 557 in
953 494 1051 579 priore
1068 505 1163 567 tomo,
1188 491 1236 575 qui

76 607 198 680 quartus
215 609 277 678 est,
310 599 337 662 si
355 609 451 663 tomos
469 600 608 684 deinceps
625 598 662 662 ah
681 597 765 662 initio
785 616 939 673 numeres,
974 595 1114 658 haereses
1129 591 1237 658 XVlll

75 698 264 763 continentur
292 700 347 764 hoc
370 703 468 765 modo.
517 699 703 778 ducendane,
740 695 963 783 Cataphrpges‚
997 696 1044 781 qui
1072 694 1238 760 etMonta·

76 803 171 866 nistae
190 823 225 866 ac
242 800 495 889 Tascodrcgitae,
519 801 702 889 pepuziani,
728 804 775 886 qui
794 813 824 864 et
840 798 1034 884 Quintiliani,
1065 798 1171 883 quihus
1188 799 1238 862 ad-

72 904 235 988 iunguntur
252 905 450 990 Artotyritae‚
475 905 842 980 Tessarescaedecatitac‚
867 903 914 986 qui
933 898 1048 966 Pascha
1067 903 1096 964 in
1116 901 1238 966 eandam

73 1006 145 1069 anni
163 1007 239 1070 diem
255 1007 426 1085 coniiciunt,
450 1007 552 1092 alogi,
577 1009 626 1091 qui
643 1017 673 1071 ει
686 1006 871 1089 evangelium
889 1016 918 1067 et
936 1004 1135 1090 Apocalypsin
1152 1001 1239 1066 loeu-

73 1109 122 1172 nis
137 1110 309 1194 repudiant,
334 1109 504 1189 Adamiani‚
529 1107 695 1194 sampsaei,
720 1109 768 1192 qui
784 1106 1000 1185 ctllclcesaei,
1026 1103 1238 1184 Theodotiaai,

71 1208 355 1290 hlelchisedeeinui,
382 1209 638 1290 Bardesiauistae‚
663 1209 823 1291 Nodtiaui,
854 1207 987 1286 Valesii,
1012 1206 1150 1287 Cathari,
1173 1207 1238 1272 Aa·
1303 1293 1306 1300 1

71 1313 180 1397 gelici,
214 1314 399 1398 apostolici,
431 1314 478 1398 qui
499 1314 587 1378 etiam
612 1314 797 1399 Apctactiei‚
832 1309 1012 1388 Sabelliani,
1046 1307 1238 1392 Origenistae

72 1415 223 1480 foeditatis
241 1427 396 1495 auctores,
422 1411 612 1500 Origeaistae
626 1416 662 1480 ah
678 1411 802 1500 Origine
820 1415 1008 1480 Adamantio.
1056 1412 1089 1477 ln
1107 1413 1238 1476 secundo

71 1528 173 1582 atatem
190 1527 270 1584 tomo
286 1518 418 1583 eiusdem
436 1517 522 1597 lihri,
546 1519 594 1602 qui
612 1519 710 1603 priore
728 1519 777 1582 illa
795 1517 967 1581 numerandi
986 1519 1101 1582 ratione
1121 1515 1238 1599 quintus

71 1631 140 1699 est,
165 1620 307 1685 haereses
323 1621 451 1706 quinque
469 1631 550 1684 sunt.
596 1617 682 1686 Pauli
699 1616 940 1698 Samosatensis,
969 1617 1157 1696 Manichaei,
1189 1616 1237 1700 qui

71 1735 105 1786 et
125 1721 307 1802 Acuanitae,
332 1722 522 1803 Hieracitae,
547 1720 721 1802 ΜεΙειίεεί,
745 1724 793 1807 qui
811 1723 840 1786 in
859 1723 997 1807 Aegypto
1012 1721 1139 1786 schisma
1160 1722 1238 1784 leue·

71 1836 161 1904 runt,
185 1825 304 1890 Ariani.
352 1827 449 1911 Atque
468 1827 541 1890 haec
565 1835 613 1890 εει
628 1837 773 1890 tomorum
790 1825 856 1890 libri
877 1824 1000 1888 secundi
1019 1841 1142 1889 summa.
1189 1819 1238 1888 Si·

71 1928 184 1992 militer
204 1938 234 1989 et
252 1929 282 1990 iu
300 1929 388 1992 tertio
404 1929 479 1993 lihro
499 1929 570 1992 tomi
591 1929 648 1992 duc
663 1938 743 1992 suut.
790 1926 824 1990 ln
845 1927 938 2010 primo
964 1939 1045 1991 tomo
1060 1928 1138 1990 tertii
1158 1925 1236 2002 lihri,

71 2040 276 2094 sextoautem
293 2051 430 2116 ecquem
448 2030 577 2095 diximus
595 2031 714 2108 ordine,
740 2030 881 2094 haereses
899 2027 957 2092 Vll
981 2039 1067 2106 suut,
1093 2029 1235 2104 Audiaui,

71 2129 264 2211 Photiniani,
296 2131 503 2213 Marcelliani,
528 2129 725 2212 semiariani,
755 2129 1032 2208 Pncumatomachi‚
1057 2131 1105 2215 qui
1122 2130 1237 2215 spiritui

70 2245 180 2299 sancto
199 2237 411 2300 contumeliose
426 2236 601 2313 detrahunt,
627 2235 767 2314 Adriani,
802 2230 941 2314 detinni,
965 2234 1013 2318 qui
1031 2244 1061 2296 et
1076 2231 1236 2312 Artemon,

70 2337 195 2402 hoc'est
210 2335 376 2402 Dissimiles
391 2338 586 2423 appellantur.
622 2336 656 2402 la
672 2339 802 2402 secundo
820 2357 894 2400 vero
913 2347 991 2402 tomo
1008 2335 1139 2402 eiusdem
1157 2336 1237 2400 tertii

71 2439 160 2518 lihri,
183 2439 421 2525 septimoautem
439 2462 478 2506 ex
496 2441 642 2504 divisione
657 2440 705 2504 ille
721 2461 806 2524 quam
826 2440 973 2518 diximus,
1008 2440 1148 2504 haereses
1168 2461 1236 2524 qua·

73 2552 145 2606 tuor
165 2553 250 2623 sunt,
284 2539 486 2622 Dimoeritae,
524 2544 571 2628 qui
597 2565 655 2606 non
685 2544 844 2628 perlectam
870 2538 982 2607 Christi
1003 2542 1236 2606 incarnationem

70 2644 270 2722 confitentur,
303 2644 351 2728 qui
377 2646 465 2708 etiam
485 2645 699 2729 Apollinaritae
724 2646 930 2722 nominantur,
960 2656 1020 2710 tum
1038 2646 1087 2730 qui
1105 2657 1235 2710 sanctam

70 2745 202 2812 Mariam
218 2767 336 2833 semper
350 2746 506 2832 virginem,
532 2760 683 2834 postquam
697 2748 875 2812 salvatorem
891 2747 1004 2832 genuit,
1029 2769 1094 2810 cum
1110 2746 1237 2832 losepho

70 2849 271 2914 consuevisse
287 2850 405 2928 dieunt,
431 2871 505 2935 quos
525 2849 836 2916 Autidicomarianitas
856 2849 1060 2929 nominamus,
1091 2861 1122 2914 ει
1140 2839 1236 2935 quiin

69 2971 184 3016 nomeu
198 2951 329 3016 eiusdem
343 2951 458 3017 Mariae
474 2953 631 3039 collyridas
647 2953 786 3032 offerunt,
805 2952 854 3036 qui
870 2962 1013 3016 vocantur
1028 2949 1235 3038 Collyridiaui‚

66 3051 263 3118 Massaliuni.
310 3052 425 3137 Quibus
445 3055 580 3120 adiuncta
601 3065 752 3141 postremo
770 3067 816 3118 εει
834 3055 997 3119 catholicae
1017 3053 1083 3120 fidei
1103 3077 1138 3118 ac
1158 3056 1237 3120 reri·

69 3157 147 3222 tatis
169 3158 384 3242 compendiaria
408 3159 553 3222 delensis.
601 3156 634 3222 ln
657 3179 713 3242 qua
731 3167 834 3222 sancta
858 3158 1002 3222 catholica
1025 3167 1056 3222 et
1074 3159 1236 3244 apostolica

67 3259 203 3324 ecclesia
224 3259 371 3324 consistit.

160 3462 314 3530 Eiusmodi
338 3475 386 3530 est
407 3487 517 3530 summa
544 3465 770 3553 comprehensio
791 3489 825 3531 ac
850 3465 939 3532 totius
965 3467 1065 3554 operis
1092 3454 1236 3534 adversus

66 3569 226 3652 octoginta
243 3568 384 3634 haereses
401 3569 571 3654 inscriptio,
596 3593 662 3634 oum
683 3571 769 3635 unica
786 3592 821 3636 ac
838 3569 978 3656 singulari
996 3572 1169 3636 defensioue
1185 3593 1236 3634 ve-

65 3670 188 3748 ritatis,
212 3670 267 3733 hoe
284 3681 329 3734 est
345 3671 430 3736 unios
448 3671 591 3738 ecclesiae
613 3684 700 3757 atque
716 3673 890 3738 catholicae.
937 3672 1026 3758 Quod
1045 3695 1118 3760 opus
1138 3675 1236 3740 distri-

64 3775 177 3838 hutum
194 3772 225 3836 in
242 3786 341 3859 partes
360 3786 421 3838 tres
440 3785 535 3840 toruos
554 3787 665 3859 septem
684 3777 899 3862 complectitur.
944 3775 1035 3841 Nunc
1052 3778 1137 3840 aliam
1154 3776 1236 3839 doio·

64 3897 144 3960 ceps
170 3874 240 3939 tomi
266 3877 373 3961 prioris
395 3877 462 3940 lihri
485 3898 628 3941 summam
653 3899 688 3942 ac
714 3879 916 3965 compendium
940 3879 1144 3958 instituemus,
1178 3897 1235 3963 qno

64 3978 190 4064 quidem
216 3979 245 4042 iu
264 3979 339 4042 lihro
361 3978 464 4062 viginti
482 3980 620 4044 haereses
636 3982 836 4046 eontinentur.
882 3979 1019 4066 lnpaimis
1036 3981 1113 4044 enim
1131 3981 1236 4044 haere-

63 4101 146 4145 seon
173 4081 302 4146 omnium
328 4092 438 4145 matres
459 4103 493 4145 ac
518 4081 674 4166 primariae
701 4083 929 4168 appellationes,
960 4081 1099 4168 aquibus
1116 4093 1235 4148 ceterae

64 4184 277 4263 dimanarunt,
302 4195 371 4248 sunt
392 4184 546 4248 eiusmodi.

158 4283 385 4367 Barharismus,
417 4289 467 4372 qui
484 4287 677 4374 perseipsum
706 4287 742 4351 ah
759 4286 876 4352 Adamo
892 4288 928 4352 ed
949 4288 1051 4352 decem
1067 4291 1234 4374 generatio·

103 4457 148 4510 3⁰.
168 4458 243 4520 Vulso
260 4455 396 4511 decimata
672 4465 754 4524 repet,
769 4460 886 4512 ειεειιεεε.

101 4525 147 4578 31.
166 4519 380 4594 διαλαμβάνοντες
395 4527 450 4578 edit.
462 4529 544 4580 Petam
557 4530 638 4581 Color.
