3058 5014
301 321 438 375 rinnon
454 322 516 374 nro.
532 323 576 375 ur.
594 323 676 376 rou.
691 325 710 374 1.
727 323 826 376 naun.
840 323 958 377 uxxvn
1145 309 1207 376 ιιι

61 443 149 530 genita
174 442 215 510 sit
238 439 418 520 substantia,
453 441 560 506 rationi
589 441 658 506 nulli
684 443 825 528 permittit
846 443 902 508 sibi
927 453 959 510 ut
985 445 1207 529 generationem

44 544 186 632 affingat,
211 546 263 612 sel
279 543 497 630 inquisitionem
514 566 629 610 ornnem
646 567 681 612 ae
698 545 952 614 ratiocinationem
971 547 1006 612 ad
1025 567 1074 644 res
1093 547 1208 632 genitae

60 650 187 714 amandat
208 670 242 712 ao
264 647 372 712 reiicit.

133 754 227 815 xxtt.
259 747 293 816 Si
316 750 439 836 ingeniti
460 773 522 814 vox
550 751 743 838 privationem
768 752 798 816 in
826 753 880 816 deo
912 751 1076 836 signifieat,
1108 773 1204 838 neque

60 854 205 941 quiequam
222 853 341 920 omnino
357 851 397 918 sit
416 852 595 938 ingenitum,
628 873 770 940 quaenam
788 855 864 920 ratio
884 855 920 920 ab
941 855 1070 940 eoquod
1088 875 1145 918 non
1163 865 1209 920 est

60 957 120 1022 nibil
144 958 240 1045 possit
263 957 401 1022 anferre?
459 953 514 1022 Sin
543 957 677 1022 existens
704 957 848 1044 quippiam
879 969 983 1039 sonat,
1015 957 1080 1043 quis
1103 955 1139 1021 ab
1170 977 1206 1023 eo

59 1061 125 1145 quoi
146 1071 194 1124 est
209 1059 334 1146 idipsum
357 1058 433 1144 quod
456 1069 521 1138 est,
546 1059 601 1124 hoe
624 1071 670 1124 est
691 1060 784 1147 ipsum
807 1081 824 1125 a
846 1061 1005 1147 semetipso
1028 1061 1187 1126 secernat?

131 1164 240 1242 xxttt.
269 1157 344 1226 Cum
367 1159 548 1246 privationes
572 1161 734 1228 ablationes
757 1165 817 1228 sint
837 1163 1042 1242 ulleetionunr,
1075 1163 1159 1248 quotl'
1176 1163 1206 1226 iu

58 1266 105 1330 leo
122 1277 172 1331 est
187 1263 348 1350 ingenitum
371 1263 419 1328 vel
433 1262 597 1336 affectionis
613 1263 740 1351 privatio
756 1278 818 1347 est,
850 1267 898 1332 vel
914 1266 1032 1332 affectio
1052 1265 1206 1352 privationi

56 1368 211 1434 contraria.
257 1363 352 1452 Igitur
375 1365 401 1429 si
424 1364 590 1430 allectionis
607 1359 732 1450 privatio
749 1380 811 1449 est,
842 1370 987 1454 quomodo
1008 1370 1036 1434 itl
1054 1369 1129 1455 quod
1147 1389 1207 1434 non

56 1471 126 1536 inest
150 1472 205 1535 deo
229 1480 364 1554 tanquam
386 1467 457 1530 insit
479 1467 637 1532 tribuitur?

136 1575 244 1637 XXlV.
267 1570 311 1634 At
326 1569 352 1634 ei
372 1569 490 1634 alleotio
508 1571 648 1654 quaedam
666 1573 903 1659 coingenitum,
927 1577 1054 1662 genitam
1073 1574 1209 1640 substan·

56 1678 119 1742 tiam
139 1677 274 1742 existere
290 1683 376 1752 ante,
400 1692 434 1735 ao
453 1671 532 1737 velut
548 1673 696 1740 substerni
712 1696 836 1742 neeesse
853 1688 911 1759 est,
935 1690 968 1742 ut
983 1678 1139 1744 allectione
1157 1677 1207 1743 illa

55 1782 86 1844 al
108 1802 173 1845 eam
197 1778 377 1854 aooetlente,
401 1773 532 1859 ingenita
554 1777 733 1844 nominetur.

130 1885 225 1947 XXV.
250 1877 284 1946 Si
301 1897 373 1942 vern
393 1876 495 1961 genita
512 1877 675 1944 substantia
693 1881 841 1968 ingenitae
866 1887 1010 1970 partieeps
1027 1883 1104 1963 fnit,
1135 1884 1209 1948 affe·

54 1985 156 2052 ebonis
178 1985 290 2048 iaetura
308 1983 385 2045 laeta
402 1979 599 2044 conditionem
624 1983 722 2049 amisit
739 1985 873 2070 ingeniti.
920 1982 1020 2070 Quare
1043 1987 1209 2052 substantia

53 2091 164 2175 quidem
187 2087 286 2173 genita
310 2083 417 2162 luerit,
441 2081 603 2168 ingenitum
626 2098 724 2152 autem
747 2090 877 2154 affectio.

131 2192 239 2255 xxvt.
264 2186 350 2272 Quod
377 2184 403 2249 si
431 2183 532 2268 genita
552 2188 671 2254 soboles
698 2192 852 2256 transitum
876 2192 1019 2277 quendam
1048 2190 1206 2277 signifieat,

51 2317 105 2360 non
125 2294 246 2359 dubium
262 2303 309 2356 est
323 2287 509 2354 affeetionem
527 2289 658 2358 indicare
674 2305 797 2375 uertant,
821 2295 885 2360 sive
903 2295 1025 2381 quadam
1039 2315 1055 2359 e
1070 2294 1207 2360 snbstan-

51 2398 87 2462 tia
104 2400 269 2464 mutatione
295 2393 476 2458 eonlormata
500 2394 568 2482 sit,
590 2398 655 2464 eive
680 2397 735 2463 hoo
757 2399 850 2485 ipsum
875 2409 922 2464 est
947 2398 1047 2485 genita
1075 2397 1206 2478 soboles,

51 2504 121 2587 quod
146 2503 266 2567 dieitur.

129 2608 252 2670 xxvtt.
277 2601 311 2672 Si
327 2615 384 2670 tam
400 2605 562 2690 ingenitum
580 2627 664 2691 quam
677 2605 807 2690 genitum
821 2605 937 2670 affeetio
952 2606 1002 2686 sit,
1027 2603 1209 2670 substantiae

49 2708 162 2790 quidem
180 2707 384 2774 allaetionibus
399 2709 527 2795 priores,
545 2709 717 2774 affectiones
727 2729 815 2793 porro
829 2719 861 2772 ut
874 2708 1046 2774 substantiis
1062 2707 1207 2794 posterio-

48 2832 112 2893 res,
137 2815 183 2877 sie
205 2812 310 2876 iisdem
332 2813 555 2896 anteponendas
577 2811 698 2877 luerint.

126 2917 263 2979 XXVlll.
278 2912 312 2980 Si
327 2914 489 3000 ingenitum
501 2912 593 2998 geniti
606 2935 711 2980 eaussa
727 2923 785 2994 est,
803 2913 889 2999 eique
907 2914 1023 2977 nonlert
1038 2924 1069 2976 ut
1081 2912 1204 2992 existat,

45 3020 176 3102 genitum
202 3037 275 3082 vero
298 3037 433 3082 caussam
459 3017 550 3102 ipsam
576 3016 758 3081 substantiae
775 3038 847 3082 suae
872 3015 992 3082 notione
1015 3015 1207 3101 eomprehen-

45 3121 115 3186 lens
139 3120 336 3186 substantiam
354 3119 466 3206 ipsam,
500 3141 558 3183 non
579 3119 765 3184 allectionem
791 3119 954 3206 exprimat,
986 3140 1051 3183 enm
1076 3118 1207 3203 ingenita

45 3235 149 3288 natura
183 3223 255 3288 nibil
279 3223 343 3308 ipsa
371 3242 472 3286 seeum
497 3221 645 3302 inolutlat,
684 3241 782 3286 nonne
811 3221 976 3286 substantia
1002 3221 1207 3308 potiusquam

44 3327 161 3391 allectio
185 3325 326 3411 quaedam
351 3325 438 3389 tlebet
459 3324 574 3389 viderit

125 3431 237 3493 ΧΧΙΧ.
260 3427 294 3494 Si
313 3425 477 3493 substantia
495 3425 591 3490 omnis
606 3426 738 3511 ingenita
756 3427 813 3507 sit,
837 3427 998 3494 euiusnrovli
1013 3440 1058 3494 εει
1076 3428 1207 3514 ornnipo-

43 3531 132 3597 tentis
154 3532 220 3610 (lei,
253 3532 319 3616 qnitl
348 3531 454 3595 attinet
471 3529 545 3592 bane
569 3529 684 3614 quitlem
710 3529 895 3615 passionibus
920 3530 1096 3610 obnoxiam,
1129 3530 1207 3595 illam

43 3655 114 3698 vero
139 3634 311 3699 earumdem
328 3630 620 3718 expertemtlioere‘l
664 3628 750 3714 Quod
770 3632 795 3696 si
814 3633 936 3716 quadam
955 3634 1104 3719 ingenitae
1122 3644 1208 3698 natu·

42 3757 91 3799 rae
107 3749 196 3802 sorte
213 3757 248 3800 ao
264 3735 452 3814 conditione,
484 3734 655 3819 quantitatis
674 3745 704 3798 et
721 3735 887 3820 qualitatis,
919 3748 965 3816 et,
989 3747 1022 3800 nt
1040 3757 1099 3800 uno
1116 3736 1206 3800 verbo

41 3837 151 3918 lisam,
175 3839 347 3903 mutationis
362 3837 458 3902 omnis
475 3856 582 3922 expers
598 3837 692 3902 altera
707 3847 765 3918 est,
790 3839 883 3902 altera
900 3859 972 3904 vero
989 3839 1142 3924 passiones
1157 3838 1208 3901 atl-

40 3942 148 4020 mittit,
173 3953 204 4006 et
219 3941 408 4006 nibilominus
425 3940 520 4004 eidem
538 3938 755 4006 immutabilitas
771 3952 818 4006 est
835 3961 995 4018 eoueessa,
1020 3960 1143 4004 neeesse
1161 3951 1208 4004 εει

39 4147 75 4197 ia'e
91 4146 166 4210 insu,
183 4147 229 4200 reri
247 4141 310 4200 εἶναι
326 4145 471 4214 σημαίνων,
498 4144 610 4212 γέννημα
677 4146 718 4199 bb.
736 4146 781 4198 τοῦ
799 4147 863 4197 ebert
880 4147 951 4208 infru.

38 4223 88 4270 erte.
677 4213 718 4268 57.
735 4217 801 4266 nort
818 4216 899 4276 revtptl
921 4219 943 4266 et
960 4216 1015 4266 edit.
1031 4217 1106 4278 petae.
1124 4217 1208 4268 tatem

71 4281 114 4336 54.
135 4288 245 4335 Fortasse
265 4285 429 4347 compsanam
451 4279 489 4343 otc
511 4276 608 4350 ariolae,
642 4283 775 4352 διαβολῆς.

39 4355 74 4401 net
92 4352 118 4406 el
137 4347 236 4412 ariolae.
676 4353 717 4403 ινδ.
736 4352 803 4414 lasso
819 4345 961 4411 ὑπεύθυνός
977 4349 1054 4414 ἐστιν,
1072 4355 1153 4404 erclbu
1168 4357 1207 4406 io-

69 4421 114 4471 55.
133 4417 197 4486 ἓξης
209 4423 294 4471 uilium
306 4422 423 4470 mitorum
435 4434 555 4473 maurae
567 4427 607 4472 εει.
641 4433 715 4472 omen.

36 4489 103 4550 basra
122 4493 192 4539 estet
212 4485 264 4550 Εξις
281 4483 361 4555 καὶεί
379 4481 422 4555 α’γ.
439 4485 531 4555 φύσις
676 4485 717 4542 59.
735 4484 777 4542 διᾶ
794 4484 823 4542 τὸ
839 4488 913 4550 lrtsre.
