3042 5016
270 297 407 350 raanan
425 297 489 349 nro.
510 300 552 350 nr.
571 289 654 352 rona
669 300 688 350 r.
708 299 807 352 narn.
823 299 944 352 cxxvi.
1114 285 1176 351 ³25

24 435 114 477 rorum
136 415 332 495 domicilium,
367 421 445 482 aeris
462 441 633 497 mensuras,
667 418 838 483 coelestium
860 418 972 481 orbium
999 420 1122 482 lormam
1143 441 1178 484 ac

22 519 261 598 crassitudinem,
296 521 440 604 quodnam
460 543 603 586 summum
632 543 738 609 supra,
772 523 847 607 qaod
872 522 948 584 iulra
973 519 1011 583 sit
1035 522 1176 601 inlimum,

22 621 80 702 qnid
109 622 145 684 ad
163 621 315 686 dexteram
340 624 396 702 sit,
429 625 495 708 qtrirl
521 627 554 686 ad
575 626 738 690 sinistram.
783 624 831 689 At
849 624 921 687 baec
944 633 1108 688 creatarum
1131 645 1179 688 re·

22 745 76 784 rum
97 734 249 804 naturam,
275 726 373 810 tuique
389 727 464 790 adeo
482 728 660 791 molitionem
678 728 826 812 explices,
853 736 911 790 tum
929 747 1029 788 eorum
1048 725 1176 792 ormrinm

20 847 166 889 nanterum
186 831 346 913 modosque
364 851 438 913 quae
456 830 544 893 terris
561 831 672 893 irrllnita
689 831 889 894 continentur.
938 827 1020 892 llaec
1038 851 1102 894 curn
1121 830 1176 894 illis

19 929 206 1010 obiiciantur,
238 942 267 995 ut
291 931 326 993 ab
353 933 429 996 illins
453 933 649 997 sectatoribus
666 934 767 996 audire
786 931 923 1010 nronrini,
957 933 992 993 ad
1016 932 1176 1014 sophistica

19 1033 153 1113 «praedam
178 1044 343 1096 commemo
367 1034 628 1120 cavillationesque
654 1056 721 1099 sese
749 1046 944 1114 convertunt,
978 1045 1071 1097 etex
1098 1035 1175 1098 illius

19 1137 195 1222 praescripto
212 1136 250 1199 ita
269 1138 465 1223 respondent:
492 1137 574 1200 llaec
592 1139 689 1202 onmia
710 1159 852 1224 corporea
872 1148 955 1215 sarit,
983 1158 1037 1199 nec
1056 1158 1072 1200 a
1091 1137 1176 1200 uobis

18 1237 119 1324 percipi
147 1248 283 1322 possunt.
339 1239 433 1304 Deum
458 1262 549 1318 vero,
581 1241 629 1326 qui
659 1242 730 1304 baec
755 1243 816 1326 ipsa
842 1239 989 1317 coudidit,
1021 1239 1175 1303 manifesto

19 1341 174 1406 cuiusmodi
190 1341 240 1418 sit,
265 1363 361 1426 quove
378 1345 475 1421 modo,
501 1365 536 1407 ac
555 1344 661 1428 qualis,
685 1344 789 1428 quisve
806 1344 845 1406 sit
860 1341 1061 1424 intelligimus.
1098 1339 1174 1426 Quis

19 1441 81 1505 laec
105 1444 172 1509 siue
195 1444 257 1506 risu
279 1445 372 1529 possit
398 1446 520 1510 audire?
566 1443 621 1508 Est
644 1447 720 1508 enim
744 1446 830 1529 longe
851 1445 918 1508 illud
940 1465 1012 1509 sarie
1035 1445 1174 1507 stultissi-

17 1566 103 1609 muma
137 1543 408 1626 Summumillum,
440 1559 470 1611 et
488 1549 745 1633 incomparabilem
762 1548 914 1633 opificem,
944 1547 991 1631 qui
1012 1547 1173 1609 nulloser·

18 1669 94 1711 morte
121 1650 266 1713 declarari
290 1661 403 1735 potest,
434 1652 511 1714 scire
534 1672 567 1713 se
591 1663 678 1736 aitque
698 1662 836 1714 accurrate
855 1651 1024 1735 percepisie
1042 1649 1173 1734 proliteri

17 1753 109 1835 (atque
125 1753 238 1816 utinam
255 1755 309 1815 lule
324 1754 426 1816 saltem
443 1754 524 1816 illum
540 1753 633 1838 ipsum
650 1754 728 1817 scire
746 1775 791 1830 sc,
817 1775 873 1815 uon
892 1754 972 1816 velut
987 1763 1173 1816 contrectare

17 1855 140 1917 manibus
160 1855 324 1918 incredibili
347 1856 469 1918 audacia
487 1857 741 1940 praedicarentl),
777 1856 893 1918 interim
913 1877 985 1918 rero
1003 1867 1118 1917 creatas
1136 1854 1172 1917 ab

16 1953 227 2039 incomparabili
244 1959 293 2020 illo
310 1981 358 2022 res
376 1979 491 2034 omnes,
516 1959 635 2042 quaein
653 1981 705 2020 sua
724 1979 838 2043 quaque
852 1959 951 2040 specie
967 1959 1172 2020 consideratae

16 2069 191 2141 spectatores
209 2060 288 2145 ipsos
305 2062 350 2124 sui
365 2061 395 2124 in
412 2060 635 2124 admirationem
653 2062 769 2124 trabere
788 2072 929 2146 possunt,
962 2081 1071 2143 negare
1091 2060 1169 2122 illum

17 2181 71 2222 rum
86 2162 149 2226 suis
167 2185 183 2225 a
203 2185 237 2226 sc
255 2164 407 2247 cognosci.
453 2161 633 2228 Praesertim
658 2185 723 2226 cum
750 2165 855 2246 ultique
880 2183 983 2226 sacrae
1009 2163 1111 2224 literae
1134 2163 1170 2224 dc

16 2261 242 2344 detestentur,
268 2287 362 2350 neque
380 2266 473 2330 oculis
488 2267 580 2352 ipsum
600 2267 729 2351 percipi,
756 2287 849 2349 neqrre
864 2265 1090 2349 comprehendi,
1116 2285 1170 2329 ricc

15 2367 101 2430 animo
124 2369 251 2453 cogitari
276 2391 381 2454 posse,
414 2371 466 2432 sed
491 2371 518 2432 it
537 2390 625 2431 runrm
649 2369 684 2432 dc
710 2369 758 2432 illo
778 2390 817 2432 ex
838 2368 880 2431 rei
900 2369 1026 2431 veritate
1047 2367 1168 2452 percipi,

16 2471 85 2546 (laod
103 2477 161 2546 sr't,
187 2477 314 2554 quodque
335 2477 486 2552 diligentes
506 2495 537 2534 se
558 2484 763 2534 remuneretur.
1174 2480 1247 2529 near.
1255 2483 1313 2542 11,e

87 2571 127 2636 V.
179 2571 237 2636 lam
262 2595 333 2637 vero
361 2575 476 2658 quoties
499 2595 600 2638 eorum
618 2575 742 2660 aliquis,
776 2574 823 2658 qni
842 2575 878 2637 de
897 2573 943 2636 dei
962 2572 1074 2658 gloria,
1100 2573 1167 2652 lide,

15 2675 136 2754 caritate,
163 2686 193 2738 et
207 2676 493 2760 incomprebensibili
512 2686 616 2740 natura
636 2688 718 2740 recte
734 2677 877 2754 sentiunt,
903 2676 957 2739 boc
973 2676 1030 2739 illis
1047 2675 1166 2739 obiicit:

13 2771 149 2842 Novimus
180 2779 504 2864 incomprehensibilem
538 2781 640 2858 deum,
676 2780 723 2866 qui
757 2799 811 2842 noc
840 2779 934 2842 oculis
966 2778 1079 2857 videri,
1112 2799 1167 2842 nec

13 2881 143 2962 explicari
164 2901 301 2944 sernrone
326 2893 440 2968 potest,
465 2904 530 2946 eum
551 2904 621 2960 nos,
654 2884 786 2967 inquam,
809 2903 915 2945 revera
943 2881 1163 2963 cognoscimus,

13 2981 55 3042 sed
79 3003 133 3046 neo
152 2985 361 3070 aspectabilem
388 2996 418 3048 et
437 2985 762 3070 incomprehensibilem
783 3005 849 3047 esse
871 2987 999 3060 scimus,
1034 2985 1070 3047 ad
1093 2983 1166 3046 baec

14 3103 97 3147 novae
114 3087 173 3149 iste
195 3087 365 3150 dialecticae
385 3088 563 3151 architectus
584 3089 731 3151 illudendo
755 3109 789 3150 ac
805 3088 964 3149 deridendo
985 3087 1065 3149 velut
1084 3086 1167 3150 labu-

14 3181 59 3247 lam
75 3189 219 3271 quandam
245 3190 410 3253 contexuit.
457 3185 582 3253 Cuinam
604 3211 678 3273 ergo
695 3211 750 3253 ros
773 3199 960 3273 vestramque
978 3189 1065 3252 iidem
1085 3188 1166 3250 simi·

14 3283 74 3367 lem,
97 3292 210 3375 inquit,
235 3311 302 3353 esse
319 3292 467 3356 dixerim?
510 3289 657 3355 Nimirum
677 3291 817 3372 vitiatae,
842 3313 876 3354 ac
896 3312 1019 3370 caecae,
1043 3292 1163 3369 surdae,

14 3403 155 3477 mutaeque
176 3395 303 3478 virgini,
328 3395 375 3459 cui
392 3395 507 3478 quidem
526 3395 653 3456 oblatum
674 3414 742 3456 esse
757 3404 887 3480 stuprum
905 3394 953 3478 qui
972 3414 1035 3456 eam
1056 3405 1165 3457 norunt

14 3511 102 3558 omnes
119 3495 299 3581 intelligunt.
346 3497 387 3560 Aa
402 3497 426 3560 si
446 3495 510 3581 quis
525 3497 574 3560 ille
590 3496 710 3560 vitiator
731 3497 820 3560 luerit
836 3497 1021 3582 interroges,
1055 3517 1165 3581 nequa·

14 3613 86 3674 quam
103 3599 219 3678 audiat3
251 3619 345 3684 neque
363 3610 414 3663 aut
433 3599 512 3663 illum
531 3609 651 3685 propter
669 3599 840 3662 caecitatem
858 3599 960 3662 vidore
981 3601 1090 3684 potuit,
1114 3610 1165 3664 aut

13 3693 149 3780 indicare,
174 3702 250 3786 quod
270 3711 347 3766 muta
366 3702 422 3782 sit,
446 3713 555 3787 potest.
601 3699 712 3766 Merito
727 3701 817 3787 igitur
839 3701 870 3765 io
893 3703 985 3787 ipsum
1009 3703 1317 3788 ipsiusquerotnernr.

13 3817 167 3867 sermonem
192 3803 260 3867 illud
279 3825 295 3868 e
311 3805 456 3890 scriptura
484 3816 658 3890 retorquere
685 3805 770 3870 licet:
796 3810 984 3869 concertatur
1003 3808 1084 3868 labor
1103 3810 1164 3867 erice

14 3904 128 3984 cleopae
140 3911 248 3987 operias,-
273 3919 301 3969 et
318 3913 424 3970 alacriter
441 3913 470 3970 r'o
483 3911 594 3991 foueam
608 3929 691 3990 quum
706 3911 791 3990 fecit,
825 3931 859 3973 ac
879 3919 978 3972 cetera
1001 3908 1028 3970 id
1052 3929 1159 3991 genus.

15 3997 61 4066 llio
78 4008 154 4071 cuim
173 4011 253 4074 caeci
277 4010 381 4074 similis
400 4020 465 4090 est,
497 4011 544 4096 qui
564 4033 630 4074 cum
655 4032 690 4074 ca
716 4013 881 4076 calamitate
906 4023 991 4074 natus
1014 4010 1161 4093 loquatur,

15 4109 156 4194 audiatque
173 4133 259 4196 quam
277 4113 413 4199 plurima.
460 4114 506 4178 Ac
522 4114 591 4177 licet
608 4113 678 4193 albi,
702 4135 736 4176 ao
754 4115 844 4198 nigri,
869 4113 1011 4194 caerulei,
1036 4113 1160 4199 prasini,

13 4209 76 4290 ruli,
105 4233 141 4276 ac
161 4225 327 4280 ceterorum
352 4237 369 4280 a
392 4237 425 4282 se
448 4217 676 4304 discrepantium
697 4215 847 4295 colorum,
880 4236 1015 4279 necnon
1040 4227 1070 4279 et
1087 4216 1162 4282 lucis

39 4413 75 4466 2⁰.
91 4417 136 4471 cot
159 4435 202 4472 cm
216 4423 310 4473 taedet
329 4423 410 4474 Petne.
430 4381 508 4477 cbtca.
523 4439 561 4478 re·
629 4422 672 4474 Ὦ.
689 4420 828 4490 φθείραντα
849 4423 917 4473 codd.
935 4436 990 4475 mea.
1025 4422 1162 4493 obclamare

13 4487 76 4602 pilll.
92 4557 210 4620 cotanda
226 4560 278 4610 cod.
301 4561 400 4632 aarum.
597 4494 674 4614 cdliii.
692 4555 842 4629 ἐπιστρέψαι
858 4562 912 4614 trun
929 4575 1015 4615 omnes.
