3060 5026
272 333 410 392 enusnn
425 339 489 394 ma.
504 339 549 394 nr.
565 339 649 394 ross.
662 340 694 393 n.
711 339 811 392 uses.
824 325 968 392 sessum.
1139 322 1201 392 4³5

44 458 96 524 stis
112 457 262 543 sapienter
286 469 333 524 est
349 460 497 524 conlecta.
543 453 633 524 Aliud
656 480 729 525 vero
746 469 900 546 praetereo
916 458 945 523 in
964 471 1104 543 utreque,
1138 457 1203 524 Eva

44 561 156 626 scilicet
181 581 216 626 ac
237 559 354 644 lllerin,
388 561 570 628 considerari
596 572 709 647 potest,
745 561 914 646 etquidem
940 559 1134 626 admiratione
1160 560 1204 623 di-

45 685 147 747 gnum.
195 660 348 750 Siquidem
367 663 435 730 Eva
452 665 555 748 generi
578 664 726 730 lominum
745 685 879 730 oeussnm
895 665 1001 728 mortis
1015 664 1130 744 attulit,
1153 683 1206 747 per

42 789 127 850 quarn
147 788 228 832 mors
249 768 341 832 estin
359 767 460 832 orbern
486 777 632 832 terrerum
658 767 792 846 invecto,
825 763 942 831 Marino
966 765 1044 830 vitoe
1067 785 1204 829 caussam

43 868 191 952 praebuit,
225 890 278 955 per
294 891 379 954 qnnrn
405 870 464 933 ritn
488 881 534 934 cst
553 868 638 932 nobis
662 870 725 954 ipse
749 870 902 954 producta.
948 863 996 932 Ob
1012 867 1040 931 id
1058 867 1134 932 lilius
1157 865 1203 932 dei

42 969 71 1034 in
93 970 169 1034 hune
185 972 323 1036 mundum
343 972 480 1052 aduenit,
503 983 550 1050 et,
589 973 644 1034 Udi
666 973 822 1036 abundauit
843 975 992 1044 Merum,
1025 972 1202 1051 superuadere·
1215 981 1358 1040 nomnen.

42 1077 241 1154 duea'tgron'a.
287 1072 372 1140 Unde
391 1094 471 1138 mors
494 1075 618 1154 eccidit,
649 1075 710 1138 vita
734 1073 804 1138 illuc
826 1073 972 1152 necessitq
1004 1074 1080 1137 utin
1101 1073 1205 1136 morlia

43 1175 138 1240 locum
160 1174 219 1241 vin
237 1177 430 1256 succederet,
455 1186 486 1240 et
502 1176 613 1242 illatam
630 1198 648 1240 a
667 1176 791 1240 muliere
815 1185 939 1242 mortem
957 1175 1006 1240 ille
1022 1175 1097 1260 ipse,
1122 1175 1205 1258 quia

42 1279 183 1357 muliere,
217 1278 277 1343 vite
296 1288 427 1346 utesset
445 1290 566 1358 nostre,
598 1290 685 1344 natus
710 1289 792 1356 eret,
823 1279 1009 1344 excluderet.
1055 1275 1204 1361 Quoniam

42 1401 114 1444 vero
145 1401 210 1446 oum
240 1381 335 1446 adhuc
360 1380 446 1466 uirgo
471 1381 500 1444 in
528 1381 620 1447 hortis
647 1379 712 1444 Eva
737 1380 877 1466 degeret,
913 1401 966 1466 per
989 1379 1204 1445 contumacium

40 1485 116 1566 apud
134 1483 219 1548 denua
236 1484 424 1562 ostenderet,
449 1485 516 1547 iden
533 1484 647 1568 gratiae
666 1483 783 1569 proprie
800 1482 837 1546 ab
855 1483 968 1566 virgins
987 1482 1118 1546 mnnerit
1134 1481 1205 1546 ole-

41 1585 169 1663 dientin,
200 1597 353 1671 postquem
372 1587 543 1652 circumfusi
559 1607 684 1671 corpore
701 1585 783 1650 verbi
801 1585 1057 1671 sempiternaeque
1073 1584 1153 1648 ritae
1167 1585 1206 1648 do

42 1689 126 1752 coelo
142 1700 188 1754 est
203 1689 354 1752 nuntiatus
371 1690 528 1754 ndrentns.
573 1687 652 1753 Num
669 1687 728 1751 illic
748 1688 788 1753 ite
805 1698 973 1773 serpentem
992 1689 1065 1752 deus
1082 1686 1206 1770 ulloqui·

41 1801 106 1869 tur,
140 1795 319 1854 Inamrer'ta’am
335 1813 441 1873 porrum
459 1797 535 1856 rietes·
554 1803 627 1855 teet
644 1795 720 1854 sister
739 1793 836 1865 illum,
868 1795 944 1852 a'nter
960 1811 1053 1852 remen
1078 1801 1155 1852 lucrm
1178 1796 1277 1850 etflen-
1291 1797 1313 1850 θ,
1328 1795 1359 1840 ¹⁵·

40 1915 133 1956 sennen
161 1897 249 1958 illius.
303 1893 396 1978 Atqui
426 1913 569 1979 unusquam
603 1893 748 1958 eiusmodi
780 1913 883 1957 semen
915 1891 1048 1956 mulieris
1078 1891 1206 1958 inveniri

40 2005 151 2081 potest.
207 1993 292 2060 Unde
316 2017 375 2060 uou
403 1995 490 2060 eliter
515 2017 600 2080 quem
627 2017 680 2081 per
703 1994 955 2058 adumbrationem
979 2013 1015 2057 ae
1039 1993 1205 2058 similitudi·

41 2118 108 2161 nem
129 2098 164 2160 ad
182 2095 277 2164 Evam
297 2098 420 2164 hostiles
443 2098 512 2164 illae
530 2096 702 2163 inimicitiae
720 2098 908 2174 reseruntur,
942 2115 1096 2180 quoscum
1120 2095 1207 2158 luins

39 2198 134 2285 stirpe
150 2220 274 2285 serpens
292 2199 341 2265 ille
361 2213 391 2264 et
409 2200 458 2285 qui
474 2201 503 2264 iu
520 2209 660 2285 serpente
674 2197 774 2263 ,inerrat
790 2199 898 2264 invidia
917 2198 1047 2282 flagrans
1073 2196 1207 2265 diabolus

41 2312 183 2366 exercet.

128 2400 220 2468 Pleue
246 2404 362 2488 quidem
386 2426 421 2469 ac
442 2407 574 2491 perfecte
597 2405 813 2470 accommodari
836 2405 872 2468 ed
893 2403 971 2468 illem
988 2403 1130 2470 universa
1155 2421 1208 2466 nc-
1255 2413 1314 2480 Cep.

38 2517 172 2590 quennt,
205 2506 257 2570 sed
281 2505 311 2570 in
332 2507 537 2586 sanctissima,
570 2507 680 2572 eximin
702 2527 736 2572 ec
760 2506 902 2591 singulari
927 2504 1038 2592 stirpe,
1069 2511 1145 2591 qnn'e
1169 2504 1206 2568 eh
1252 2481 1327 2533 m·

37 2609 103 2672 sole
121 2607 239 2692 virgine
255 2604 355 2674 Meris
373 2609 438 2674 sine
456 2609 513 2673 ulle
530 2610 585 2674 viri
606 2608 819 2673 cousuetudine
837 2619 999 2694 propagate
1015 2618 1078 2686 eat,
1109 2605 1208 2694 reipsa

36 2731 72 2774 ec
91 2709 212 2795 penitus
229 2711 377 2796 impletur.
423 2709 481 2774 llic
498 2711 575 2775 onim
595 2710 674 2776 illius
692 2710 768 2777 lilius
783 2710 818 2774 nd
837 2710 1068 2795 extinguendam
1085 2729 1209 2794 serpen·

37 2813 76 2876 tis
99 2833 140 2876 eo
161 2811 287 2876 tortuosi
309 2811 422 2877 colubri
448 2813 619 2898 lugeoisque
642 2813 701 2878 ulna
720 2835 757 2878 nc
778 2814 955 2899 potentiam,
988 2813 1036 2898 qni
1061 2832 1095 2876 se
1115 2823 1208 2878 totum

34 2915 145 2979 orleem
163 2926 309 2980 terrorum
327 2915 477 2980 dominatu
494 2935 549 2980 suo
567 2915 829 3000 comprehendisse
848 2915 996 2993 iactabat,
1019 2915 1055 2982 ed
1073 2915 1146 2978 lesen
1163 2914 1208 2978 in-

35 3017 104 3082 time
126 3017 292 3082 deseendit.
336 3014 499 3103 Propterea
519 3017 622 3084 unicus
639 3039 656 3082 e
672 3018 796 3082 muliere
817 3018 864 3082 dei
882 3018 959 3082 lilius
979 3017 1142 3103 processit,
1176 3025 1210 3082 ut

33 3131 232 3206 serpentem,
257 3119 312 3184 lton
328 3130 375 3184 est
394 3119 500 3205 impiae
518 3119 670 3186 doetrinae
687 3120 884 3206 corruptelam
903 3141 937 3184 ec
957 3119 1089 3184 lrandem
1111 3130 1140 3183 et
1160 3139 1209 3182 er-

33 3243 142 3288 rorem
170 3243 206 3286 nc
225 3223 398 3308 pruritetem
422 3232 583 3288 everteret.
631 3221 688 3286 ttic
705 3222 818 3306 estqui
843 3243 948 3286 revere
970 3234 1080 3284 uterum
1103 3227 1358 3287 marrumotttta

30 3329 168 3407 operuit.
213 3323 293 3390 Nem
313 3335 499 3410 quotcunque
526 3325 712 3409 primogeniti
731 3324 813 3390 illum
831 3335 1073 3405 antecesserunt,
1105 3336 1138 3390 ut
1156 3326 1208 3390 lo·

32 3425 215 3494 neatissime
236 3427 346 3502 dicem,
381 3427 458 3492 istud
474 3427 569 3513 ipsum
590 3429 707 3492 efficere
728 3428 943 3512 nequiverunt,
975 3429 1027 3492 sed
1047 3429 1129 3494 solus
1153 3428 1209 3492 ltoc

31 3533 148 3596 unicus
166 3529 212 3596 dei
235 3529 310 3594 filius
334 3528 478 3610 obtinuit,
512 3530 543 3594 in
563 3549 621 3614 quo
641 3529 751 3594 ceteris
769 3528 901 3594 exclusis
920 3529 1054 3595 omnibus
1072 3530 1144 3596 illud
1163 3540 1211 3594 est

30 3637 220 3720 perlectum.
268 3629 328 3696 Sed
347 3643 377 3696 ut
397 3633 454 3697 elin
475 3632 724 3718 praetermittam,
757 3631 804 3694 rel
828 3651 868 3695 ex
889 3651 925 3694 eo
942 3634 1007 3717 ipso
1025 3634 1103 3716 qnod
1122 3633 1209 3696 modo

29 3746 207 3802 tractemus
232 3746 328 3820 potest
349 3735 419 3799 illud
438 3734 573 3820 intelligi.
620 3732 737 3819 Quippe
756 3754 796 3798 ex
817 3731 915 3798 Meris
939 3745 1053 3820 sumpte
1068 3733 1117 3798 illn
1135 3733 1210 3798 seri·

29 3850 145 3924 pturee
178 3837 323 3900 sententia
352 3847 398 3900 est
423 3859 509 3922 quarn
536 3835 571 3900 ad
598 3836 752 3901 ecclesiam
781 3837 1003 3900 accommodare
1032 3856 1207 3923 possumus:

29 3942 232 4024 Propterdoc
247 3942 388 4022 relrirquet
402 3942 484 4003 domo
496 3951 606 4020 patrem
621 3961 721 4015 suurn,
754 3951 913 4002 ermonem
930 3961 1027 4014 suum,
1058 3951 1087 4000 et
1104 3941 1208 4000 artas
1227 3949 1363 4004 nestit.

28 4047 110 4108 redit
136 4045 230 4106 unorn‘
243 4063 329 4116 rnre,
363 4053 392 4103 et
408 4053 493 4104 erunt
521 4045 576 4106 duo
603 4047 634 4105 r'n
657 4063 770 4104 earnem
795 4064 889 4106 unam.
937 4040 1100 4126 Apostolus
1122 4060 1207 4117 vero,
1223 4049 1349 4109 spuere

28 4153 260 4212 Sacramentum
279 4147 348 4220 doe,
374 4142 485 4229 inquit,
509 4165 641 4226 magnum
660 4157 720 4207 mer
754 4165 808 4224 ego
821 4156 914 4208 numm
935 4147 997 4206 diro
1021 4147 1050 4206 a'n
1067 4145 1210 4206 Cdrrsturn

26 4263 59 4314 et
74 4252 246 4314 merosum.
294 4243 327 4310 ln
344 4268 401 4331 qno
417 4257 585 4311 accuratam
604 4267 756 4311 seernrum
783 4245 933 4310 literarum
956 4242 1136 4328 diligentiam
1160 4243 1211 4308 cle

28 4370 170 4420 serrare
189 4349 276 4428 licet;
300 4369 375 4434 quoe
393 4370 459 4412 cum
477 4349 513 4412 de
531 4349 646 4414 Adsmo
663 4349 840 4434 loquuntur,
873 4346 1017 4414 formandi
1037 4345 1212 4410 vocabulum

27 4456 204 4530 coniuent,
234 4447 330 4516 Erum
358 4473 431 4516 vero
460 4471 642 4536 nequaquem
670 4453 840 4530 lormetenr,
876 4449 927 4516 sed
943 4449 1123 4514 nedilicatem
1145 4469 1212 4514 esse

27 4561 156 4626 dicunt.
207 4558 334 4638 Sumpsi!
356 4558 444 4628 enlin,
477 4553 586 4638 inquit,
620 4575 703 4615 unum
726 4577 741 4614 e
764 4559 849 4616 costis
875 4556 969 4627 r'lla'ns,
1003 4565 1032 4614 et
1052 4555 1353 4635 nedrfieuor'tttene,tt.

928 4673 998 4742 28*
