3058 5014
745 192 752 229 l

279 320 417 374 niutau
433 321 497 374 ma.
512 319 556 372 ιιι.
574 317 657 374 rou.
671 319 691 372 ι.
708 319 808 374 unua.
821 321 941 374 nxxvr.
1049 290 1054 298 ’
1128 307 1191 374 259

45 443 178 528 qitaudus.
224 439 274 506 En
291 461 349 527 quo
364 439 610 527 profundissimus
627 440 686 506 istc
705 461 793 505 error
807 442 842 505 ad
858 441 1007 526 ingentem
1023 441 1191 526 dogmatum

44 556 67 610 et
80 545 287 608 sententiarum
305 543 516 608 absurditatem
532 556 682 630 postremo
699 541 862 610 deducitur.
907 541 1014 629 Neque
1028 543 1106 608 enim
1122 567 1193 610 con-

44 648 136 712 sistere
152 646 267 712 animus
288 647 400 732 uspiam
423 647 543 733 poterit,
567 648 618 710 sctl
637 645 706 710 illud
726 647 913 732 ascripturis
930 646 1076 732 implebit:
1101 651 1252 711 Stultr'tco.
1266 663 1300 719 te,
1315 662 1346 712 tc

41 753 183 834 ductisunt
197 753 246 812 dec'
257 755 343 824 rerm',
368 761 397 810 et
406 752 507 830 fatuus
521 755 612 812 omnir
628 753 709 811 domo
723 753 851 812 redditus
866 762 910 812 est
922 771 940 812 u
954 755 1082 813 sciendo.
1129 749 1160 814 N
1163 771 1194 814 e·

44 875 91 937 que
116 854 192 916 enim
214 855 272 915 sibi
298 856 356 933 ipsi
377 856 524 933 quisquam
550 857 637 926 cibit,
669 865 722 914 out
742 857 880 928 moritur,
922 873 1018 937 neque
1048 853 1191 938 quicpinm
1211 878 1349 935 usmeta.

43 955 184 1039 cognoscit
200 948 275 1019 ullus
300 955 365 1018 siue
389 975 444 1040 ope
467 954 530 1032 dci,
564 955 612 1038 qui
636 975 738 1017 veram
758 955 842 1018 uobis
866 956 949 1018 lidcru
973 956 1127 1041 patefecit,
1160 977 1194 1020 ac

44 1058 122 1135 dixit,
145 1063 201 1120 Hic
215 1059 351 1137 estfilr'us
367 1079 445 1118 meus
460 1060 598 1130 dilectus,
629 1062 719 1138 aprum
734 1061 846 1134 uadr‘te,
878 1079 912 1121 ac
931 1059 995 1122 sine
1012 1059 1089 1122 illius
1107 1079 1192 1143 quern
1224 1083 1310 1130 mmm

43 1161 132 1244 genuit
148 1159 279 1238 auxilio,
312 1159 460 1242 quiscum
478 1159 691 1244 nobispatrenn
710 1159 1064 1224 declararitbisverbis:
1097 1161 1195 1241 Egon
1232 1137 1311 1232 iulii,

40 1277 113 1344 poue
135 1268 217 1326 erebi
235 1275 266 1325 et
284 1268 374 1325 scarb.
422 1259 517 1326 Porro
545 1281 641 1345 uoque
665 1281 704 1326 en
732 1261 879 1326 homiuum
906 1263 1101 1349 appellatione
1122 1265 1194 1327 deus
1237 1237 1315 1296 ”⁸¹²

42 1365 100 1428 illud
116 1363 344 1450 incomparabile
362 1365 485 1428 sortitus
501 1375 566 1442 est,
590 1383 686 1448 uequc
705 1363 742 1426 ob
762 1365 838 1427 idern
855 1365 1097 1450 incomparabile,
1132 1354 1202 1430 veri

44 1487 72 1528 ac
87 1467 274 1532 subsistentis
298 1468 344 1531 dei
369 1467 470 1546 verbi,
505 1475 535 1530 et
551 1487 568 1530 a
586 1477 669 1552 patre
690 1467 755 1530 sinc
776 1465 835 1530 ullo
853 1467 938 1532 initio
957 1465 1105 1532 eudemio
1128 1468 1197 1532 sub-

42 1569 139 1634 stantia
165 1571 258 1654 geniti
282 1569 411 1654 dignitas
436 1569 638 1653 abrogabitur,
682 1567 830 1633 Neutrum
854 1571 932 1634 cuim
958 1570 1081 1634 istorum
1105 1569 1198 1635 nomi-

43 1693 103 1736 num
115 1671 245 1758 ingeniis
262 1673 423 1752 bominum,
448 1673 496 1736 vel
513 1673 642 1736 inventis
655 1683 807 1757 acceptum
824 1674 975 1738 serendum
993 1685 1049 1737 est.
1082 1671 1198 1760 Quippe

42 1775 131 1839 diviua
149 1785 256 1840 natura
280 1794 386 1838 novam
408 1773 517 1839 nullam
534 1775 706 1859 dignitatem
724 1774 967 1840 accessionemve
983 1786 1079 1860 potest
1095 1778 1198 1840 admit-

43 1885 116 1954 tere,
148 1880 219 1962 quin
241 1878 338 1964 potius
361 1897 402 1942 ex
425 1897 462 1941 co
477 1877 553 1962 quod
572 1877 656 1962 plene
673 1876 702 1940 iu
722 1895 791 1941 sese
810 1876 1050 1964 abundanterque
1068 1878 1200 1942 continet

43 1980 170 2044 omnibus
187 1980 370 2066 suppeditat,
402 1981 506 2043 codem
524 1979 554 2044 iu
578 1991 656 2044 statu
679 1999 872 2064 permanens,
905 2001 961 2046 nec
978 1982 1038 2045 ullo
1055 1982 1141 2046 modo
1158 1979 1200 2044 di-

41 2081 163 2162 miucta,
195 2085 361 2147 eudemum
388 2083 515 2148 nomionis
537 2081 616 2146 illius
632 2101 667 2147 ac
684 2085 839 2168 potestatis
856 2094 887 2148 et
902 2083 1086 2148 substnutiao
1106 2083 1202 2168 digni·

43 2191 124 2248 tatem
146 2185 180 2248 iu
202 2195 307 2248 natura
329 2205 382 2248 sua
406 2183 621 2270 complectitur.

118 2285 204 2350 Aelii
219 2282 317 2372 Caput
335 2284 426 2351 xttt.
473 2285 508 2352 si
524 2287 646 2378 ingeniti
662 2287 792 2353 conditio
809 2288 867 2352 deu
886 2288 1075 2352 extrincecus
1091 2285 1202 2373 affingi·

44 2397 99 2466 tur,
132 2389 184 2474 qui
203 2409 268 2452 eam
286 2390 465 2454 affinxerunt
483 2390 509 2453 ei
527 2390 581 2475 ipsi
603 2391 649 2454 cui
669 2390 816 2474 affingitur
834 2401 1001 2476 praestant,
1033 2411 1098 2454 cum
1117 2409 1202 2476 prae·

43 2492 166 2555 stantius
190 2511 275 2576 quum
300 2501 404 2556 natura
426 2493 555 2578 patiatur
575 2493 604 2556 ei
626 2514 733 2558 nornen
756 2493 928 2557 attribuant.

122 2591 249 2658 Currlut,
270 2592 360 2660 Xlll.
408 2593 474 2659 Deo
504 2595 609 2660 melior
637 2615 704 2660 esse
736 2615 823 2659 nomo
856 2605 954 2681 potest
985 2600 1032 2679 (ut
1059 2595 1203 2660 adauctus

41 2695 156 2760 Atticam
181 2697 342 2761 commenti
360 2697 447 2762 buius
474 2707 624 2762 auctorem
648 2699 826 2783 disputem),
860 2719 956 2783 neque
984 2697 1138 2784 corioquam
1166 2717 1203 2762 eo

42 2797 92 2860 diei
112 2811 212 2883 potest
228 2800 340 2866 verius.
386 2797 463 2864 Nam
481 2803 627 2886 quomodo
643 2800 794 2885 quisquam
811 2803 868 2864 deo
887 2801 992 2865 melior
1007 2821 1075 2865 essa
1093 2809 1201 2887 potest,

42 2921 101 2964 cum
119 2902 158 2966 ab
174 2923 213 2966 co
225 2903 287 2966 sint
304 2903 402 2966 omnia
417 2905 581 2989 producta?
624 2899 699 2968 Cum
718 2903 808 2988 igitur
822 2904 1005 2967 conditarum
1022 2925 1039 2966 a
1054 2923 1087 2968 sc
1104 2921 1204 2967 rerum

43 3004 169 3068 omnium
187 3016 291 3070 auctor
305 3006 344 3068 sit
356 3006 429 3076 deus
445 3027 481 3068 ac
497 3005 669 3091 principium
684 3016 742 3069 tam
758 3025 832 3090 quac
848 3006 963 3070 ratione
976 3006 1125 3090 praeditae
1136 3014 1206 3069 scrut

42 3126 122 3187 quarn
141 3108 350 3192 quaeratione
367 3118 485 3187 carent,
510 3117 569 3172 tam
587 3129 661 3192 quae
679 3108 771 3171 rideri
787 3119 911 3194 possunt
926 3129 1012 3195 quam
1027 3127 1103 3192 quaa
1120 3125 1206 3194 aspc-

43 3217 116 3271 rtum
143 3208 281 3294 fugiunt,
313 3230 438 3275 necesse
455 3221 502 3274 cst
529 3208 664 3274 omnibus
686 3219 718 3272 ut
739 3210 778 3274 sit
794 3211 845 3275 illc
867 3211 1083 3296 praestantior,
1115 3229 1206 3294 quan·

43 3312 149 3376 tumris
169 3333 211 3376 cx
237 3312 326 3376 rebus
344 3313 474 3390 creatis,
507 3331 581 3397 quae
605 3310 721 3375 ratione
744 3313 893 3397 praeditae
916 3323 1003 3393 sunt,
1034 3323 1147 3376 rectum
1170 3311 1207 3375 ad

43 3413 182 3498 pietatem
207 3415 334 3479 animum
359 3414 557 3494 obtinuerint,
590 3426 621 3479 ut
644 3416 798 3498 exaliqua
824 3427 906 3501 parte
926 3413 1123 3480 excellentius
1137 3413 1207 3478 illud

45 3518 141 3582 colere
162 3517 387 3602 depraedicare
406 3517 531 3603 possint.
577 3515 696 3580 Etenim
711 3517 736 3580 si
751 3517 780 3580 iu
800 3539 889 3582 unuin
905 3519 999 3582 locum
1018 3519 1209 3581 conlocantur

45 3638 169 3698 omnes,
202 3629 233 3682 et
248 3619 361 3683 inlicito
378 3620 478 3704 plures
496 3617 686 3697 adiiciuntur,
721 3629 810 3704 atquc
828 3621 864 3683 nd
883 3620 1106 3684 collaudandum
1123 3619 1208 3682 deum

45 3723 122 3786 sires
145 3741 219 3786 ruas
244 3741 348 3786 omnes
369 3719 539 3800 intendant,
573 3741 719 3808 nuuquam
738 3723 898 3806 perlectum
922 3723 1000 3788 illius
1022 3719 1210 3808 splcu'dorem

45 3843 77 3887 ae
92 3824 221 3910 gloriam
249 3824 278 3887 in
300 3823 407 3910 seipsis
433 3825 590 3911 concipere
608 3834 763 3910 poteruntc
796 3845 832 3889 cc
850 3827 928 3911 quod
951 3821 1149 3910 praestantior
1162 3821 1210 3884 illa

46 3937 150 3992 natura
172 3925 346 3990 iulcriorum
362 3947 399 3991 ac
416 3927 472 3994 sibi
489 3927 688 3992 subiectarum
706 3928 913 4012 cogitationem
936 3948 1052 3992 amntem
1076 3935 1209 4012 superat,

46 4028 112 4094 licet
130 4049 189 4116 pro
202 4027 335 4108 viribus,
359 4025 418 4094 imo
436 4051 525 4116 cupra
543 4031 642 4110 uires,
674 4031 807 4096 laudibus
827 4030 1051 4116 praeconiisque
1066 4029 1129 4093 suis
1146 4049 1211 4092 curu

48 4131 268 4216 praestantiore
283 4133 451 4218 adaequare
466 4154 499 4198 sc
518 4144 674 4198 conentur.
720 4131 777 4197 Est
794 4133 872 4196 cuim
896 4153 954 4195 nou
977 4132 1042 4196 solo
1060 4151 1211 4210 sermone,

48 4237 98 4300 scd
122 4245 290 4322 potestate,
323 4255 398 4299 soce
421 4257 456 4299 ac
472 4237 588 4301 ratione
610 4234 818 4321 praestantior.
863 4231 960 4298 Porro
983 4232 1213 4319 incomparabile

48 4357 138 4402 unum
154 4337 194 4400 ab
209 4338 304 4401 altero
321 4357 467 4423 nunquam
484 4336 707 4404 excellentioris
721 4335 758 4399 ab
772 4335 962 4400 interioribus
975 4347 1113 4422 suscepta
1131 4355 1216 4420 prcc-

48 4441 160 4506 dicatio
178 4438 339 4524 separabit.
383 4436 480 4504 Novit
496 4441 574 4505 eninr
592 4441 621 4504 in
637 4450 721 4526 patre
737 4437 934 4523 praestantius
949 4438 1049 4504 inesse
1065 4439 1214 4524 quiddam,

49 4557 199 4629 quatenus
217 4551 262 4608 cst
281 4539 449 4627 ingenitus,
482 4563 516 4608 ac
533 4541 730 4629 praestantius
752 4539 852 4606 itidem
876 4561 944 4608 cssc
960 4542 1016 4606 hoc
1032 4541 1108 4629 quod
1123 4542 1160 4606 ab
1179 4560 1217 4604 eo

944 4659 1013 4730 l'i‘
