3082 5006
314 331 452 386 eunucu
469 333 532 386 cca
548 334 593 386 un
609 331 727 387 corun
743 332 945 386 nucum.
1171 319 1212 385 35

60 453 136 517 rinde
152 473 235 518 suns.
281 451 410 518 Restant
438 473 479 518 ex
502 455 615 539 epactis
639 454 697 518 illis
724 455 788 519 dies
806 451 869 531 Vl,
893 453 985 518 borae
1002 449 1126 532 Xlllll,
1150 453 1215 537 qni·

59 555 108 619 bus
124 553 194 620 vd.
220 577 316 620 annuus
340 557 474 620 undenos
498 557 580 635 dies,
614 557 701 622 boras
726 568 787 622 tres
811 557 922 622 adiicit.
975 553 1070 620 Fiunt
1090 567 1214 641 epactes

59 655 180 736 Xl'lll,
212 655 413 723 boranXl.
459 657 538 723 Tum
557 657 643 724 Vlll.
662 681 741 724 anuo
760 657 807 726 Xl
828 658 1053 724 rnrsnsdiebus
1075 658 1215 744 lucrisque

58 760 144 824 tribus
157 761 314 841 adiunctis,
340 759 413 826 Vlll
432 773 462 826 et
475 759 541 826 XX
555 762 681 839 dierum,
704 774 793 848 atque
810 762 947 826 horarum
965 759 1077 826 XXlV
1092 774 1215 848 epactae

58 865 244 947 colliguntur,
276 865 366 928 borae
391 865 455 929 dies
480 865 638 930 conficiunt
654 866 745 945 dnos,
777 865 824 949 qui
840 861 980 930 XXVlll
998 865 1055 928 illis
1072 886 1215 930 anrunme·

58 969 106 1030 rati
124 964 222 1031 XXX
240 968 303 1031 dies
321 966 432 1031 solidos
452 967 611 1053 complent.
657 966 758 1052 Quare
777 965 820 1032 Vl
827 964 865 1031 ll.
883 988 960 1031 auno
975 963 1074 1032 XXX
1091 968 1154 1032 dies
1171 968 1216 1034 in·

57 1069 247 1148 terealaotnr,
279 1080 309 1134 et
333 1070 481 1134 biennium
505 1071 580 1136 istud
598 1091 728 1134 mensem
748 1070 836 1134 babet
859 1091 966 1150 concap
999 1071 1131 1154 adeoque
1153 1081 1216 1136 tota

57 1170 100 1234 illa
118 1173 259 1258 periodus
285 1173 464 1238 octaliterica
482 1173 545 1238 dies
562 1173 618 1237 sibi
636 1173 774 1238 vendicat
790 1169 869 1252 XC,
904 1173 952 1258 qni
971 1193 1090 1238 menses
1104 1173 1216 1237 solidos

57 1275 177 1339 efficiunt
194 1273 258 1354 ttt,
278 1276 413 1340 nimirum
431 1274 532 1362 primis
546 1276 658 1340 duobus
677 1275 813 1340 trienniis
826 1274 951 1360 singulis
967 1295 1097 1340 ureosem
1113 1297 1215 1355 nuum,

58 1377 168 1443 biennio
185 1373 288 1444 itidem
308 1389 451 1464 sequente
469 1399 602 1442 mensem
618 1399 719 1444 unum.
766 1375 799 1442 ln
818 1377 863 1442 liis
882 1379 975 1444 tribus
992 1373 1217 1444 intercalaribus·

58 1481 222 1561 merusibns,
255 1481 304 1565 qui
330 1479 437 1565 triplici
459 1480 508 1544 illa
526 1481 637 1545 dierum
658 1482 832 1546 collectione
851 1492 1007 1560 coustant,
1040 1478 1216 1548 ludaeorum

58 1579 183 1663 Pascha,
211 1606 228 1649 a
243 1580 480 1649 Christianorum
504 1594 729 1670 ceterorumque
744 1581 890 1648 Pascltate
907 1583 1055 1647 diversum
1070 1594 1128 1647 est.

135 1685 223 1751 llaec
245 1697 315 1751 sunt
335 1686 365 1750 iu
385 1686 489 1770 quibus
510 1685 639 1752 Andiuni
655 1687 691 1750 ab
712 1686 839 1750 ecclesia
857 1685 1051 1765 dissentiunt,
1082 1707 1167 1770 quem
1187 1687 1216 1748 iu
1229 1696 1373 1768 cupxtt'.

58 1809 182 1853 errorem
211 1789 292 1856 virus
315 1789 436 1874 Perinde
454 1789 648 1854 ec'mullercs
666 1789 822 1870 inducunt,
855 1781 921 1852 dum
939 1789 994 1854 bac
1009 1789 1039 1853 in
1057 1799 1138 1874 parte
1154 1789 1217 1873 glo-

59 1891 164 1956 n'autur
179 1893 276 1958 veteri
290 1913 324 1958 se
344 1891 495 1958 traditioni
511 1903 543 1957 et
558 1892 756 1978 apostolorum
772 1891 900 1956 decretis
919 1891 1070 1970 insistere,
1089 1913 1155 1956 crum
1173 1891 1218 1956 in·

61 1996 135 2058 terim
153 1995 230 2060 nibil
250 1996 305 2060 boc
320 1997 350 2060 in
368 1995 488 2080 negotio
506 1997 680 2080 castigatum
697 2006 924 2079 occuratumqne
944 2004 1084 2073 teneant,
1117 2016 1155 2060 nc
1168 2015 1217 2060 sc·

60 2096 145 2162 dulam
161 2099 245 2163 illam
271 2099 471 2185 apostolorum
487 2098 517 2160 iu
536 2097 589 2162 bac
606 2095 825 2164 Constitutione
841 2097 1021 2182 diligentiam
1037 2096 1215 2180 intelligant,

61 2220 135 2283 quam
158 2223 196 2265 eo
215 2201 340 2266 consilio
360 2200 550 2266 adhibendam
569 2199 610 2264 illi
629 2211 785 2286 putarunt,
818 2221 877 2264 nou
893 2200 969 2286 quod
990 2198 1089 2265 ludaei
1108 2199 1217 2286 optime

61 2323 91 2365 ac
105 2305 166 2368 sinc
182 2324 290 2368 errore
312 2303 341 2366 iu
359 2303 407 2368 illa
425 2303 599 2368 celebritate
616 2313 828 2382 versarentur,
858 2305 910 2366 sed
925 2313 1072 2368 uteorum
1089 2304 1218 2388 pertiue-

62 2403 126 2468 cian
143 2406 342 2471 excluderent
362 2405 411 2490 qni
433 2405 579 2470 conmunui
605 2405 803 2472 consensione
820 2415 917 2490 spreta
935 2405 1148 2489 enusquisque
1166 2425 1219 2471 vo·

62 2505 153 2572 luctari
183 2530 222 2572 ac
250 2509 456 2572 consuetudini
485 2509 600 2574 servire
625 2508 757 2574 mallent.
813 2506 932 2572 Etenim
963 2505 1100 2574 Christus
1130 2530 1219 2574 unum

62 2605 163 2676 Pescla
178 2612 218 2674 ab
236 2610 372 2676 omnibns
390 2610 542 2676 observari
558 2610 679 2694 cupiens
693 2610 779 2676 buius
797 2611 883 2678 onim
899 2611 1045 2676 rationem
1063 2611 1159 2688 ducit,
1190 2621 1221 2674 et

63 2733 119 2776 enm
134 2713 281 2800 approbat
298 2714 346 2797 qni
363 2714 443 2778 cnud
464 2715 653 2778 contentione
670 2713 765 2798 posita
780 2736 846 2778 cnm
863 2715 899 2778 iis
915 2714 1063 2792 celebrat,
1086 2713 1136 2800 qni
1154 2733 1221 2777 cer-

64 2815 195 2882 tissimam
215 2817 294 2880 illins
309 2817 453 2880 rationem
471 2817 585 2896 incurat,
610 2817 665 2882 lucc
682 2828 729 2884 est
743 2839 809 2882 cnm
824 2817 950 2882 ecelesia
966 2816 1121 2893 catholiea,
1145 2835 1221 2899 qttde

64 2917 142 2984 variis
166 2919 265 2983 modis
289 2920 395 2982 lestnm
411 2919 480 2982 illud
499 2919 611 2982 indicit.
657 2916 806 2985 lacavere
822 2919 847 2984 si
865 2939 882 2982 a
902 2915 1090 2984 Corratautiui
1108 2930 1221 3003 tempo·

64 3020 135 3086 ribns
148 3023 244 3108 prima
262 3021 390 3085 omnium
407 3021 443 3085 de
459 3021 625 3085 istiusmodi
643 3023 815 3086 celebritate
831 3023 955 3086 conllata
973 3023 1071 3085 lorerrt
1086 3020 1219 3100 dissidia,

65 3128 214 3190 nonnullus
239 3125 361 3190 istorum
388 3125 553 3189 calumniae
580 3125 662 3188 lucus
685 3145 752 3189 esse
776 3125 940 3188 rideretur.
984 3120 1045 3188 Sed
1065 3145 1130 3186 cum
1151 3135 1221 3188 nante

65 3219 287 3292 Constantinum
304 3229 408 3291 eadem
423 3227 472 3292 illa
490 3226 616 3291 divortia
633 3225 780 3311 vigerent,
805 3239 835 3291 et
852 3227 980 3312 gentiles
996 3237 1106 3290 tantam
1127 3226 1222 3290 eccle·

66 3329 120 3393 siae
135 3331 313 3396 discordiam
337 3351 395 3393 non
416 3330 481 3394 sine
501 3329 626 3394 ludibrio
645 3331 729 3394 nobis
746 3331 980 3414 exprobrarent,
1015 3331 1131 3392 taudem
1149 3349 1221 3392 vero

65 3433 112 3496 sub
134 3434 313 3520 imperatore
332 3429 530 3498 Cmtstaatiuo
554 3432 790 3516 conspirantibus
806 3432 951 3518 episcopis
977 3431 1128 3494 dissidium
1152 3429 1222 3494 illnd

66 3537 242 3618 pucilicatnm
266 3547 296 3599 et
315 3537 351 3599 ad
371 3538 559 3600 concordiam
578 3535 727 3598 redactum
751 3535 857 3611 luerit,
893 3534 960 3618 qnid
985 3534 1100 3598 tandem
1125 3533 1224 3595 utilius

66 3651 108 3701 aut
124 3639 281 3706 iucundius
299 3650 346 3702 est
361 3661 445 3723 qnam
464 3638 500 3702 ab
518 3637 661 3702 extremis
681 3647 778 3700 terrae
797 3636 901 3700 linibus
918 3633 1106 3700 Christianos
1121 3653 1224 3698 omues

68 3745 180 3826 populos
205 3743 236 3807 in
256 3741 396 3806 bonorem
415 3740 461 3805 dei
481 3742 547 3804 desti
566 3740 644 3804 illins
660 3739 833 3803 celebritate
850 3739 989 3822 delnngi,
1022 3760 1057 3802 ac
1077 3734 1225 3801 cmnmnni

68 3847 259 3910 consensione
283 3843 397 3928 vigilias
420 3844 524 3907 obirel
547 3844 684 3922 eosdem,
710 3843 845 3926 inquam,
870 3851 899 3906 et
918 3841 1058 3925 aequales
1076 3841 1139 3904 dics
1159 3853 1226 3923 per*

70 3951 206 4012 ructando
224 3949 428 4033 precanduque
456 3948 609 4012 traducere
628 3966 743 4010 summa
760 3944 937 4022 corucordia,
967 3964 1002 4008 ac
1018 3941 1109 4006 divini
1130 3939 1225 4004 uuund-

70 4049 111 4112 nia
126 4050 285 4136 obseqrrio,
310 4049 445 4128 ieiuniis,
471 4051 619 4114 aridorum
640 4069 712 4126 nen,
738 4047 931 4125 castimonia,
964 4045 1087 4129 aliisque
1107 4041 1225 4128 pietatis

71 4151 179 4232 officiis,
214 4153 319 4237 quibus
339 4152 592 4236 religiosissimum
619 4151 698 4214 illum
723 4151 798 4214 diem
827 4152 1015 4234 frequentare
1034 4168 1068 4210 uc
1087 4143 1226 4210 venerari

72 4255 178 4319 solent?
223 4253 284 4322 Sed
307 4255 381 4321 laec
393 4253 468 4320 eatis
487 4275 555 4319 esse
569 4253 698 4318 arbitror
714 4253 752 4317 do
767 4251 970 4318 Andienorsm
988 4249 1110 4316 dissidio
1125 4249 1227 4314 becte-

73 4374 121 4420 nus
142 4359 297 4445 disputata.

73 4527 112 4580 dee
127 4535 220 4584 nutu
241 4541 268 4582 et
289 4528 392 4584 madens
412 4527 467 4582 dise
491 4527 629 4597 sequutiter
695 4523 721 4578 6.
738 4521 943 4595 ncnoepuonlnm
961 4525 998 4576 ed.
1013 4521 1091 4587 princ.

76 4592 148 4657 lure.
164 4599 192 4649 io
209 4597 298 4665 vigiliis
315 4604 364 4649 cett

971 4679 1020 4744 3*
