3042 5016
317 315 381 378 322
746 326 869 378 SANGTI
888 325 1060 380 nummu

317 440 412 519 εόθδς
423 442 478 526 μὲν
489 432 654 522 είσεσθε,ά
672 447 861 528 Χριστιανῶν
875 446 991 524 παῖδες,
1007 445 1060 512 καί
1075 446 1179 510 δοῦλοι
1196 449 1341 530 Χριστοῦ,
1356 445 1409 510 καί
1421 446 1478 510 υίοί

195 576 247 623 μς.
260 563 306 608 σου.
319 554 372 630 τῆς
385 545 536 629 άληθείας,
548 542 603 627 τὴν
615 551 714 610 πᾶσαν
728 543 821 611 αὐτοῦ
832 551 939 632 γηίνην
956 549 1144 628 κανοφωνίυν
1159 548 1210 612 καλ
1226 543 1381 631 άλλοαρίαν
1394 546 1478 612 πνεό·

317 675 409 734 ματος
423 645 509 734 άγίου
526 650 728 714 διδασκαλίαν.
762 646 821 724 Ὃς
837 645 895 714 οόκ
910 646 1049 730 ἐτόλμησε
1065 645 1123 714 κάν
1140 649 1173 714 έν
1189 655 1243 736 μιᾷ
1258 649 1331 725 λέξει
1346 655 1478 732 μνησθῆ-

317 779 366 820 ναι
389 756 476 818 θείου
501 751 608 836 λόγου,
637 747 766 836 ἢρητοῦ
793 775 873 826 τινος
897 755 1040 830 παλαιάς,
1070 747 1092 833 ἢ
1104 757 1212 834 καινῆς
1229 748 1397 833 διαθήκης,
1428 747 1478 816 οόε

316 851 377 920 άπδ
398 853 509 938 νόμου,
532 849 588 919 οόκ
604 851 666 920 άπό
683 859 863 937 προφητῶν,
885 851 943 920 οόκ
961 849 1021 918 άπό
1039 849 1229 939 εόαγγελίων,
1250 851 1309 918 σιἰκ
1324 849 1386 918 ιἀτό
1407 851 1477 918 άπο·

316 957 437 1037 στόλων,
461 954 498 1024 οὔ
511 981 593 1032 τινος
604 962 665 1022 τῶν
680 961 870 1040 πατριαργαῖν
887 956 1291 1041 16μαρτυρίανιτιιρενίγκαι,
1309 951 1374 1020 οὔτ’
1389 953 1479 1022 αὐτοῦ

315 1069 369 1128 τοῦ
386 1065 535 1145 σωτῆρος,
559 1057 596 1124 οά
613 1055 726 1142 πατρός
742 1055 880 1134 πάποτε,
903 1053 958 1140 οιίγ
970 1053 1057 1144 άγίου
1074 1055 1242 1140 πνεύματος
1255 1059 1338 1141 βῆμα
1350 1053 1391 1122 δι’
1407 1057 1478 1124 ἄπο-

316 1163 426 1232 σκόλοιν
442 1163 598 1248 εἰρημένον
615 1157 700 1244 ἢδιά
718 1167 897 1246 προφητῶν·
927 1162 978 1226 ἵνα
996 1166 1147 1236 παντελῶς
1166 1157 1385 1241 αότοφαόρακος
1399 1161 1479 1245 γένη

314 1293 363 1332 ται
376 1274 439 1342 τοῖς
454 1269 552 1347 φίλοις
568 1271 621 1348 τῆς
637 1259 789 1344 άληθείας,
812 1261 857 1328 ότι
878 1262 1066 1328 παντάπασιν
1085 1259 1237 1348 άλλότριος
1251 1260 1390 1348 τυγχάνει
1404 1269 1479 1328 θεοῖ

314 1371 435 1452 κοίτης
453 1367 548 1432 αὐτοῦ
562 1371 695 1442 πίστεως.
741 1369 862 1447 Νομίζω
877 1365 908 1431 δὲ
925 1367 978 1432 καί
996 1368 1107 1442 ίκανοῖς
1124 1362 1210 1448 ἡμᾶς
1219 1362 1296 1452 πρός
1313 1363 1368 1440 τάς
1388 1363 1479 1430 αὐτοῦ

314 1471 473 1558 προτάσεις
494 1467 569 1536 κατά
586 1466 619 1534 τό
635 1464 763 1533 δυνατόν
784 1469 923 1555 ἰδιωτικῷ
939 1465 1034 1557 λόγῳ,
1065 1467 1202 1532 συστάσει
1220 1467 1252 1534 δί
1267 1473 1328 1532 τοῖν
1342 1466 1407 1534 άιτιῖ
1424 1473 1480 1532 ταῖν

314 1578 408 1640 θείων
425 1579 549 1658 γραφῶν
570 1573 623 1637 καλ
639 1569 733 1638 αότοιῖ
747 1577 802 1636 τοῦ
822 1566 963 1652 εόσεβοῦς
984 1576 1127 1655 λογισμοῦ
1145 1569 1221 1656 πρός
1237 1566 1332 1634 αάτόν
1348 1569 1479 1652 ἀπηντη-

314 1677 404 1742 κέναι.
439 1678 502 1740 Καί
513 1671 614 1757 ἐπειδὴ
629 1676 740 1749 ίκανοῖς
752 1675 784 1739 έν
797 1681 861 1749 ταῖς
874 1671 950 1758 πρός
964 1669 1056 1744 αότδν
1073 1667 1256 1759 άυατροπαῖς
1268 1673 1337 1758 περί
1353 1677 1480 1747 πίστεως

315 1784 420 1858 σοφοῖς
440 1784 473 1824 ¹⁶
485 1773 692 1859 διελέχθημεν,
723 1772 852 1861 άρκετιός
865 1771 1040 1861 ἡγούμεθα,
1062 1778 1112 1840 ίνα
1129 1774 1172 1859 μη
1186 1776 1367 1861 προςθίνεες
1380 1777 1479 1856 δυςγί·

316 1877 400 1962 ρειάν
416 1905 482 1944 τινα
501 1881 568 1964 περί
595 1877 648 1962 τὴν
666 1875 837 1963 ἀνάγνωσιν
855 1879 1065 1962 περισσοτέραν
1087 1878 1292 1964 έργασεόμεθα.
1333 1873 1435 1962 Ὀλίγα
1451 1878 1480 1942 δὲ

315 1979 404 2047 πάλιν
426 1983 456 2058 ἐξ
474 1973 518 2052 τόν
539 1980 633 2058 αόεός
655 1980 763 2066 άρθελς
786 1979 842 2063 τήν
865 1979 1001 2051 διάνοιαν
1022 1977 1094 2062 μετά
1120 1979 1175 2064 τήν
1200 1977 1362 2046 άλλόκοτον
1385 1978 1480 2044 αὐτοῦ

315 2087 414 2150 πίστιν
427 2086 480 2150 καί
495 2087 538 2161 είς
555 2081 686 2170 Χριστόν
700 2085 750 2148 καλ
764 2085 806 2159 είς
819 2080 853 2148 τό
871 2081 959 2168 άγιον
973 2079 1067 2149 αόιοῦ
1082 2090 1199 2166 πνεῦμα
1214 2081 1397 2166 άκίγθειαν,
1425 2082 1480 2148 ὅσα

315 2188 455 2272 ἐτόλμησε
470 2185 504 2255 τό
527 2187 623 2254 αὐτοῦ
646 2183 739 2267 στόμα
761 2187 812 2251 καί
833 2192 893 2251 τεάν
911 2182 962 2250 ὑπ’
979 2183 1076 2252 αὐτοῦ
1091 2187 1363 2269 μεμαθητευμένιν
1379 2187 1480 2252 καλόν

186 2297 190 2306 ’
314 2271 422 2377 θράσει
436 2293 476 2367 είς
491 2288 574 2372 όψος
589 2281 661 2374 άραι
676 2284 731 2371 τήν
748 2286 885 2353 διάνοιαν
900 2290 952 2353 καί
967 2284 1120 2376 άπέρογκα
1136 2291 1365 2372 βλασφημῆσαι,
1388 2279 1480 2362 αὖθις

315 2393 526 2478 ἐπιλαβόμενος
547 2389 703 2474 συντόμως
723 2391 804 2468 λέξω.

403 2792 501 2876 Οὗτος
519 2798 577 2886 γάρ
599 2797 791 2882 έφανκάσθη,
821 2799 874 2863 καλ
889 2800 921 2863 οί
934 2793 985 2864 άτό
1009 2796 1119 2877 αὐτοῦ,
1149 2795 1224 2884 όιιίρ
1244 2797 1341 2864 πάντα
1361 2797 1478 2886 ἔνθρι

313 2927 391 2982 πον,
412 2901 471 2968 οὐκ
487 2905 536 2968 ἐπί
552 2910 593 2991 τῷ
611 2903 718 2968 εἰδέναι
733 2900 785 2967 τόν
800 2898 876 2966 θεόν
892 2899 968 2966 κατά
984 2905 1090 2980 πίστιν,
1113 2899 1186 2968 αἰλλά
1201 2899 1291 2982 φόσει
1308 2901 1387 2970 κατά
1402 2905 1477 2984 σίδη

314 3025 370 3072 σιν.
412 3001 465 3081 Ὡς
480 3006 531 3072 καί
553 3003 615 3071 άνω
633 3031 693 3071 που
709 2999 866 3086 όπέμνησα
881 3002 1058 3084 φασκόντων
1073 2999 1187 3082 αότοῖν,
1215 3001 1271 3087 οόγ
1288 3001 1393 3080 άιελιιῖς
1407 3007 1477 3070 είδί·

313 3134 365 3174 ναι
378 3106 431 3174 τόν
443 3106 519 3174 θεόν
535 3110 567 3173 ἐν
582 3106 688 3194 γνάσει
701 3110 843 3185 πίστεως,
873 3103 933 3170 ἄλλ’
949 3101 990 3182 τός
1006 3103 1058 3172 ἐάν
1078 3105 1253 3197 17γινεόσκγ
1269 3133 1314 3184 τις
1332 3113 1396 3172 κᾶν
1412 3103 1477 3190 όρα-

314 3207 367 3275 τόν
386 3212 438 3276 καὶ
460 3213 558 3295 χερσίν
579 3209 674 3274 αὐτοῦ
693 3207 932 3292 ψηλαφόμενον,
964 3206 1005 3285 άς
1021 3211 1051 3274 εί
1063 3235 1107 3285 τις
1123 3207 1210 3292 λάβοι
1231 3208 1303 3292 μετά
1322 3218 1422 3296 χεῖρας
1441 3215 1477 3274 λί·
1519 3221 1520 3294 ρ

313 3322 389 3391 θον,
412 3308 553 3395 ἦξόλον,
584 3309 888 3395 ἢάλληςτινόςόλης
905 3313 1068 3397 ἐργαλεῖον·
1101 3309 1195 3388 οὕτως
1211 3313 1271 3395 ἔφη
1288 3315 1341 3378 καλ
1358 3306 1476 3388 οάτοςό

314 3413 460 3500 γεννάδας
474 3413 536 3495 ότι,
569 3413 674 3492 Οὕτως
690 3411 759 3480 οίδα
775 3412 828 3480 τόν
842 3411 932 3494 θεόν,
965 3412 1062 3500 όίςπερ
1081 3413 1224 3496 ἐμαυτόν,
1252 3416 1304 3479 καί
1321 3413 1359 3480 οό
1376 3422 1474 3482 τοσοῦ·
1519 3403 1520 3446 ί

314 3543 366 3584 τον
381 3513 450 3587 οῖδα
465 3515 594 3600 ἐμαυτόν
609 3514 651 3594 σός
666 3514 718 3584 τόν
731 3515 815 3583 θεόν.
847 3515 968 3584 Λοιπόν
985 3518 1018 3584 δέ
1033 3514 1069 3582 τά
1085 3514 1171 3604 μωρά
1184 3519 1277 3604 λίγειν
1289 3521 1342 3582 καλ
1355 3516 1477 3584 άιιοόειε

314 3627 433 3696 πολλοῖς
445 3621 500 3704 μὲν
516 3623 595 3686 ἔστιν
612 3623 654 3695 είς
671 3618 806 3702 άπάτην,
834 3629 898 3696 τοῖς
923 3621 954 3686 δί
973 3627 1107 3696 συνετοῖς
1129 3621 1171 3696 είς
1191 3618 1304 3703 γλεόην.
1354 3627 1408 3699 Τις
1424 3619 1476 3708 γάρ

314 3729 374 3790 τοῖν
389 3720 624 3809 φρενοβλάβειαν
639 3724 754 3799 ἑαυτοῖς
772 3724 958 3806 κεκτημένων
974 3725 1026 3788 καί
1041 3721 1213 3806 μεμηνότων
1230 3721 1268 3790 οό
1285 3723 1414 3790 δύναται
1429 3725 1476 3790 καί

316 3822 423 3903 ἄλλους
439 3828 602 3908 ίκμαίνειν,
631 3826 682 3891 καί
707 3824 830 3907 μάλιστα
848 3821 919 3902 τοός
940 3825 1163 3910 συνεπομένους
1181 3827 1232 3890 καί
1249 3821 1476 3902 immodum

193 3949 245 3998 οισι
260 3937 306 3985 ⁸⁸⁸·
319 3931 363 3992 Εί
383 3926 442 4013 γάρ
463 3953 508 4005 τις
531 3927 684 4014 ἠράτησεν
700 3925 793 3994 αὐτόν
814 3930 866 3992 καί
888 3925 959 4006 τοάς
979 3925 1032 3994 άτι’
1054 3925 1163 4008 αὐτοῦ,
1197 3927 1255 4011 Μη
1270 3955 1324 4012 μοι
1341 3931 1476 4015 διήγησαι

315 4027 391 4096 θεόν
405 4031 513 4096 εἰδέναι
531 4028 583 4097 τόν
601 4029 780 4117 άσόγκριτον
796 4033 845 4096 καί
863 4029 1086 4114 άιιατάληιιτον,
1115 4029 1167 4098 τόν
1186 4030 1261 4096 κατά
1278 4030 1312 4098 τό
1332 4029 1413 4110 εἶδος
1426 4033 1475 4114 μὲν

316 4131 357 4216 μή
379 4133 696 4218 καταλαμβανόμενον,
726 4139 820 4200 πίστει
844 4134 876 4200 δέ
900 4133 1118 4219 γινωσκόμενον
1141 4143 1204 4212 τοῖς
1230 4134 1326 4200 αὐτοῦ
1349 4135 1474 4211 δούλοις,

317 4231 388 4302 άλλά
405 4235 546 4324 διήγησαί
568 4265 619 4322 μοι
633 4235 704 4314 τοδς
718 4239 875 4319 πυθμένας
898 4243 951 4318 τῆς
970 4243 1041 4324 γῆς,
1071 4235 1108 4304 τά
1123 4246 1239 4320 ταμιεῖα
1255 4245 1310 4321 τῆς
1331 4235 1474 4324 α’βόσσοα,

316 4335 370 4415 τάς
385 4341 496 4424 φλέβας
512 4347 565 4423 τῆς
580 4340 750 4424 θαλάσσης,
773 4338 850 4428 ᾅδου
864 4336 917 4407 τόν
931 4339 1039 4422 κόπον,
1062 4340 1151 4428 άέρος
1164 4339 1201 4406 τά
1216 4343 1318 4429 μέτρα,
1341 4341 1475 4430 οόρανόκ
1518 4397 1519 4402 ,

353 4495 391 4545 ιο.
409 4495 533 4560 μαρτυρία
549 4498 599 4548 ιιι.
619 4499 717 4562 ιιιειιρ.
811 4541 814 4548 .
949 4499 987 4554 17.
1002 4495 1123 4566 γινώσκει
1134 4499 1186 4550 ιιι.
1195 4499 1293 4562 nmio.
1329 4501 1472 4552 novata
1518 4487 1519 4538 1

314 4561 392 4694 Ρήίῗ.
410 4563 593 4632 θιιλίγγθημει
618 4567 687 4616 coda.
702 4579 758 4616 κιιι.
780 4570 802 4615 εί
824 4567 878 4616 edit.
911 4571 937 4620 ι·ιι
952 4571 1044 4630 εγίίοοα
1057 4569 1126 4632 finali
1141 4567 1161 4634 ῆ
1176 4580 1289 4618 ταιατααι
1303 4569 1374 4620 m
1387 4571 1474 4630 αοκεμῖ·
1518 4577 1519 4640 η

355 4647 391 4682 ιι.
913 4649 990 4686 ουοιο.
