3058 5014
302 280 363 351 τοι
726 297 1037 354 nummum

298 413 510 501 Ἀλεξανδρέων
523 419 642 498 παῖδες,
660 413 801 500 Ἕλληνες
818 417 851 484 δέ
865 415 1003 499 μάλιστα,
1035 423 1148 484 οτοῦτο
1166 415 1258 486 αάτάν
1274 420 1412 488 διέθεντο
1425 419 1455 488 τά

299 518 388 594 τέλος.
431 514 512 602 Ἐμοί
530 518 563 584 δέ
579 521 682 604 γέγονε
697 517 850 606 πρόφασις
865 523 933 606 περί
951 517 1059 586 τοῦτον
1076 521 1184 606 λέγειν,
1207 517 1249 599 άς
1266 524 1457 607 ένηγηθέντες

298 618 354 703 τήν
368 626 422 686 τοῦ
441 626 647 688 Κωτσταντίοο
670 620 805 706 τελεντάν
826 621 921 700 οὐθείς
937 620 1034 699 οὕτως
1049 621 1142 690 αάτάν
1158 624 1314 692 άκείλτσαν
1330 629 1364 692 ολ
1376 623 1457 693 αάτολ

298 719 510 808 Ἀλεξανδρεῖς,
533 721 570 790 δι’
585 721 672 791 οῦδὲν
684 725 784 810 ἕτερον
801 722 844 810 θὴ
861 728 928 813 περί
943 725 1051 792 τοῦτον
1066 753 1117 810 μοι
1131 729 1282 814 γεγένηται
1300 724 1454 808 άπάθεσις,

298 821 369 890 άλλά
390 823 440 892 διά
464 822 517 892 τάν
536 823 646 893 Ἀέτιον
667 823 720 893 τδν
740 824 791 894 τίετ’
813 826 906 895 ου’τοῦ
925 831 1147 896 κατασταθέντα
1169 828 1319 898 διάκονον.

159 1031 228 1102 Κεφ·
245 1029 278 1104 δ·
383 1021 480 1108 Οὗτος
506 1027 650 1108 δἈέτιος
677 1036 749 1100 1ιιαί
772 1031 848 1100 κατά
871 1033 925 1101 τάν
947 1033 1091 1118 κοσμικόν
1108 1034 1196 1121 λόγον
1219 1035 1400 1114 άπαίδεντος
1419 1029 1456 1120 ἦν

294 1137 351 1212 έως
368 1141 420 1219 τῆς
434 1139 542 1211 τελείας
557 1131 651 1202 οιάτοῦ
664 1131 795 1219 ἡλικίας,
818 1132 860 1214 οἷς
879 1133 898 1204 δ
910 1136 1006 1224 λόγος.
1048 1133 1204 1220 Ἐπενδησε
1218 1139 1251 1203 δέ
1266 1135 1390 1222 άποβάς
1406 1141 1455 1204 καί

294 1236 438 1322 σχολάσας
455 1238 486 1302 έν
500 1234 700 1326 Ἀλεξανδρείᾳ
715 1235 932 1330 Ἀριστοτελικηί
948 1238 1105 1331 φιλοσάφιμ
1121 1242 1172 1306 καί
1187 1249 1330 1332 σοφιστῇ,
1352 1243 1404 1307 καί
1419 1239 1455 1306 τά

295 1347 347 1424 τῆς
363 1343 547 1424 διαλεκτικῆς
564 1344 660 1422 δῆθεν
681 1343 802 1408 έκείνων
827 1340 951 1426 μαθοίν,
983 1340 1072 1410 ου’δλν
1090 1345 1190 1429 ἕτερον
1213 1341 1289 1428 πλὴν
1311 1366 1456 1429 σχηματο-

294 1451 391 1510 ποιεῖν
407 1441 462 1526 τήν
474 1445 542 1529 περί
556 1449 610 1508 τοῦ
624 1451 701 1509 θεοῦ
718 1443 809 1530 λόγον
830 1445 984 1512 άπάδοσιν.
1029 1451 1223 1532 Σγολαίτερον
1247 1449 1389 1532 ἐπεχείρει
1407 1444 1455 1533 δρ-

292 1551 405 1631 θρίζων
428 1541 491 1630 άμα
508 1547 559 1610 καί
577 1548 731 1630 ἐνδελεχῶς
747 1542 815 1633 άγρι
828 1549 953 1634 ἑταίρας
970 1549 1012 1624 είς
1026 1555 1114 1614 τοῦτο
1130 1547 1345 1632 καθεζόμενος,
1377 1552 1453 1634 φημί

294 1649 327 1713 δέ
344 1650 386 1724 είς
402 1645 435 1714 τδ
453 1645 504 1712 διά
526 1653 701 1735 γεωμετρίας
724 1649 803 1727 τινάς
818 1652 868 1716 καί
887 1649 938 1715 διά
958 1650 1114 1734 σχημάτων
1134 1653 1202 1736 περί
1217 1658 1294 1718 θεοῦ
1314 1653 1411 1738 λέγειν
1427 1677 1455 1718 τε

170 1765 280 1825 wit
293 1751 344 1817 καί
371 1745 492 1836 ὁρίζειν,
524 1749 674 1818 διδάσκων
700 1776 730 1816 τε
753 1754 805 1818 καί
826 1759 924 1818 τελῶν.
972 1749 1030 1818 ola
1052 1753 1084 1820 δέ
1100 1751 1254 1839 Ἀρειανδς
1270 1752 1455 1837 βαθύτατος,

293 1855 346 1920 καί
360 1849 415 1938 τὴν
430 1850 545 1938 Ἀρείου
568 1855 643 1938 έχων
661 1853 796 1938 μανιάδη
813 1858 1019 1936 διδασκαλίαν,
1048 1857 1261 1942 περισσοτέρως
1277 1882 1321 1933 τις
1335 1855 1456 1940 λομεοίν

293 1957 395 2045 γέγονε
415 1954 532 2032 τούτοις
550 1955 799 2042 κατατριβόμενος
822 1959 873 2025 καί
891 1957 966 2024 κατά
985 1965 1038 2024 τοῦ
1057 1961 1126 2024 οἱοῦ
1140 1965 1196 2024 τοῦ
1211 1965 1287 2024 θεοῦ
1305 1961 1358 2024 καί
1376 1957 1453 2024 κατά

291 2066 345 2126 τοῦ
366 2057 454 2146 άγίοο
476 2056 658 2143 πνεύματος,
685 2059 739 2143 τήν
758 2066 892 2146 γλῶσσαν
913 2057 1005 2126 αάτοῦ
1023 2057 1096 2126 καθ’
1109 2057 1237 2144 έκάστην
1253 2057 1369 2148 ἡμέραν
1386 2060 1455 2140 άξά-

289 2191 353 2241 νας.
398 2153 497 2241 Οὗτος
512 2163 545 2230 δέ
561 2171 764 2248 κατηγορεῖται
779 2159 840 2230 άπό
856 2189 947 2229 τινων
960 2163 1011 2228 καί
1029 2170 1070 2251 τῷ
1085 2159 1166 2252 αάτῷ
1184 2167 1380 2254 Κωνσταντίφ
1398 2169 1452 2248 δη-

291 2273 407 2346 λοῦται,
438 2267 490 2331 καί
506 2261 663 2346 άφίσταται
684 2267 799 2352 έξορίαν
816 2267 849 2333 έν
866 2274 929 2342 τοῖς
944 2271 997 2332 τοῦ
1020 2264 1139 2352 Ταῦρον
1153 2267 1283 2352 μέρεσιν·
1312 2268 1346 2332 έν
1361 2257 1387 2356 ᾦ
1405 2269 1454 2332 τά·

291 2395 339 2457 πω
358 2367 454 2434 πάντα
470 2362 508 2432 τά
524 2374 579 2450 τῆς
594 2366 689 2434 αάτοῦ
711 2371 977 2445 κακοδιδασκαλίας
999 2367 1141 2435 έπλάτννε
1161 2371 1213 2434 καλ
1236 2368 1391 2454 έφοδρασεν
1410 2373 1454 2448 είς

291 2471 382 2554 μέσον
398 2471 500 2554 φέρων
522 2467 594 2554 μετά
612 2474 795 2556 παρρησίας,
824 2468 1093 2555 ’άποτριψάμενος
1112 2467 1145 2536 τά
1164 2472 1299 2554 μέτωπον
1315 2473 1347 2537 έν
1365 2469 1452 2537 άναι·

292 2576 411 2661 σγοντίμ
426 2573 630 2662 περιττοτέρηι,
652 2571 704 2650 τάς
721 2575 862 2656 ίξεμέσεις
875 2581 929 2658 τῆς
943 2569 1036 2638 αάτοῦ
1052 2576 1315 2650 κακοδιδασκαλίας
1331 2569 1450 2658 άπαρα·

290 2680 413 2751 λείπτως
427 2669 583 2752 άπέδειξεν.
624 2671 782 2759 Ἐτάλμησε
799 2671 855 2762 γάρ
878 2678 971 2742 είπεῐν
993 2672 1136 2759 άνόμοιον
1150 2674 1203 2741 τδν
1217 2673 1284 2756 οίόν
1298 2681 1340 2766 τῷ
1354 2679 1452 2763 πατρὶ

291 2773 448 2862 άπάργειν,
479 2779 531 2842 καλ
551 2773 588 2842 ον’
610 2774 718 2844 ταάτδν
741 2775 818 2844 εἶναι
841 2785 878 2868 τῇ
904 2778 1023 2862 θεότητι
1048 2777 1124 2864 πρὸς
1145 2776 1197 2848 τδν
1217 2779 1338 2864 πατέρα.
1383 2782 1451 2844 Καί

292 2876 357 2946 οὔδ’
379 2877 426 2945 ὅτι
446 2873 531 2964 ἡμεῖς
552 2885 593 2970 τῷ
612 2875 776 2965 άμοιάματι
793 2880 1013 2966 έπερειδδμιθα.
1055 2877 1143 2968 ’Τοιίρ
1163 2878 1220 2967 γάρ
1235 2881 1289 2965 την
1303 2878 1453 2964 άμοίωσιν

289 2984 412 3064 οίδαμεν
430 2979 484 3049 τδν
502 2980 570 3050 οίάν
587 2981 663 3069 πρδς
678 2981 731 3050 τδν
753 2985 881 3068 πατέρα,
912 2979 954 3060 οίς
969 2981 1079 3050 ταδτδν
1097 2991 1134 3074 τῇ
1152 2981 1274 3066 θεάτητι
1297 2984 1346 3048 καί
1368 2986 1452 3065 ίσον,

288 3085 339 3150 καί
357 3079 421 3148 οάδ
444 3083 518 3162 ὅλως
534 3084 739 3170 ἠλλοιωμένον.
773 3083 859 3152 Ἔστι
874 3084 931 3172 γάρ
951 3083 1043 3152 πολλά
1066 3080 1289 3169 άφωμοιωμένα
1310 3092 1352 3174 τῷ
1369 3092 1452 3174 θεῷ,

288 3181 350 3251 ἄλλ’
371 3183 409 3250 οδ
423 3184 549 3266 ταάτδν,
571 3191 621 3253 ίσα
636 3184 807 3272 άπάργοντα
823 3191 859 3278 τῇ
872 3187 1008 3272 θεάτητι,
1037 3185 1079 3266 οίς
1100 3191 1151 3255 καί
1168 3185 1186 3256 ά
1202 3185 1367 3273 άνθρωιτος
1381 3187 1453 3254 κατ’

288 3288 389 3354 είκδνα
412 3290 463 3354 καλ
486 3287 558 3356 καθ’
580 3288 733 3374 ὁμοίωσιν,
766 3288 826 3357 ἄλλ’
849 3290 886 3358 οῦ
910 3289 1020 3358 ταάτδν
1048 3297 1090 3380 τῷ
1118 3297 1182 3380 θεῷ
1210 3287 1287 3376 πρδς
1314 3288 1452 3374 ίσάτητα.

289 3392 352 3456 Καί
369 3386 493 3476 άμοίαῆ
510 3395 642 3476 βασιλεία
658 3399 717 3458 τοίν
733 3390 871 3478 οάρανοῑν
889 3391 990 3482 κάιιιιφ
1014 3389 1179 3472 σινάπεως,
1209 3388 1267 3458 άλλ’
1282 3392 1320 3458 οδ
1335 3392 1453 3460 ταάτδν

287 3499 325 3583 τῇ
342 3496 490 3583 βασιλείης,
519 3493 585 3560 οὐδ’
600 3493 676 3571 δλως
689 3497 810 3579 μετέχον
827 3522 855 3562 τι
871 3503 925 3579 τῆς
942 3495 1037 3579 αὐτῆς
1050 3498 1101 3561 καί
1117 3493 1223 3580 δμοίως
1237 3493 1338 3579 ζύμης.
1382 3499 1453 3562 Καὶ

288 3591 379 3678 δμοία
400 3596 473 3662 δέκα
490 3599 669 3682 παρθένοις,
702 3600 753 3664 καί
770 3595 857 3682 άνδρλ
882 3597 1095 3689 οἰκοδεσπότη,
1128 3595 1169 3675 οἱς
1189 3594 1266 3684 πρδς
1289 3593 1452 3681 ὁμοίωσιν,

287 3695 347 3764 άλλ’
368 3696 405 3764 οὗ
429 3695 503 3763 κατά
519 3697 690 3782 ταντάτητα.
737 3706 799 3766 Τοῦ
823 3700 855 3766 δέ
877 3703 947 3766 υίοῦ
967 3698 1073 3783 άμοέον
1092 3697 1177 3777 ὄντος
1197 3706 1238 3789 τῷ
1255 3701 1362 3786 πατρί,
1392 3705 1453 3768 τιαλ

286 3797 486 3888 άπερομοίοο,
515 3797 565 3866 διά
582 3799 615 3867 τά
634 3801 743 3868 ταῦτάν
764 3799 839 3870 εἶναι
861 3801 939 3888 πράς
955 3801 1006 3870 τάν
1023 3803 1149 3889 πατέρα,
1179 3803 1229 3868 καί
1253 3806 1320 3868 ίοον
1341 3807 1450 3886 πατρί,

286 3903 324 3972 οὔ
341 3901 373 3970 τά
391 3901 495 3986 δμοιον
511 3910 651 3970 σννιστῦν
666 3900 739 3988 ἡμῖν
760 3904 854 3989 μόνον
870 3905 1000 3989 ἐπιμελές
1014 3909 1253 3988 πεφιλοτίμηται,
1284 3901 1356 3970 άλλά
1373 3905 1451 3970 ταῦ.

286 4002 339 4075 τδν
354 4008 405 4073 καλ
420 4011 501 4082 ίσον,
524 4002 566 4083 άς
579 4003 654 4074 θεάν
669 4008 702 4074 έκ
716 4015 810 4087 θεοῦ,
831 4008 884 4073 καί
898 4005 965 4074 νίάν
980 4009 1016 4075 έκ
1031 4007 1157 4095 πατρὸς,
1179 4008 1230 4072 καί
1246 4005 1303 4072 οῦκ
1321 4004 1452 4076 άλλοῖον

284 4115 337 4192 τῆς
351 4109 470 4189 οδοίας,
492 4105 551 4174 άλλ’
566 4112 596 4188 έξ
612 4107 704 4176 αάτοῦ
722 4111 939 4198 γεγεννημένον.
985 4109 1071 4178 Οδτω
1085 4109 1220 4196 καὶπερὶ
1239 4116 1294 4175 τοῦ
1307 4111 1337 4188 έξ
1354 4107 1450 4198 άγίου

286 4208 458 4292 πνιάματος.
507 4209 611 4303 Τοάτιγι
627 4213 659 4278 δέ
674 4219 716 4301 τῷ
728 4212 854 4302 γεννάδα
866 4208 965 4303 Ἀετίμ
980 4210 1053 4280 οὗδί
1067 4210 1100 4278 w*
1116 4211 1224 4296 ὅμοιον
1236 4210 1314 4298 πρδς
1327 4215 1452 4300 πατέρα

318 4349 342 4400 δ.
361 4351 467 4401 ronam
482 4342 549 4404 οῦτοι
562 4354 599 4403 ναί
612 4346 703 4419 τοάτιμ
730 4353 766 4417 cf.
780 4355 846 4404 ίιοτν.
911 4350 936 4404 fi.
962 4355 1037 4403 Υπδσ
1057 4347 1077 4420 τί
1100 4349 1158 4418 περὶ
1181 4367 1204 4404 τ.
1223 4369 1249 4416 μ.
1271 4367 1295 4418 γ.
1317 4347 1453 4414 άτιδθεοις

285 4415 336 4478 w,
363 4419 382 4468 1.
406 4411 526 4478 πολλάκις
548 4417 594 4474 καί
614 4415 697 4483 ξένους
717 4448 750 4462 -
764 4417 846 4490 ταῦτη
879 4423 972 4472 σιτίοισι
987 4421 1081 4472 {nolum
1096 4421 1213 4471 Ριεοοίιιι

283 4482 397 4542 διέλοντο
412 4485 446 4554 τῇ
464 4487 588 4556 διαγωγῇ.
876 4485 1187 4621 ὣίίῇπᾶίέαὲ
1207 4483 1274 4541 κατὰ
1289 4489 1361 4541 m
1385 4503 1450 4542 ιτα.
