3082 5006
329 288 333 298 ·
356 254 396 319 52
791 265 915 316 εκοοτι
931 261 1101 314 mmmm

357 382 555 463 ούκτισθείς,
585 381 622 449 οῦ
644 384 800 463 ποιηθελς,
829 374 901 446 άλλῦ
921 379 968 446 άελ
990 377 1048 460 οῦν,
1080 381 1126 446 άελ
1150 378 1372 463 ουμβασιλεύαν
1394 388 1437 470 τῷ
1453 387 1511 470 θερί

353 489 405 553 καλ
425 488 530 570 πατρί,
562 477 599 550 οῦ
620 491 674 567 τῆς
688 485 836 567 βασιλείας
857 480 934 548 κατά
956 481 1010 565 τόν
1027 489 1082 548 τοῦ
1098 479 1265 550 άποστόλου
1281 489 1447 568 μαρτυρίαν
1462 481 1510 549 οῦκ

355 593 437 656 ἔσται
453 592 541 665 τέλος.
588 580 686 663 Οὗτος
705 585 789 666 υίός,
820 577 909 662 οὗτος
928 583 1068 710 δύναμις,
1099 578 1188 664 οὗτος
1204 592 1313 669 σοφία,
1336 578 1427 663 οῦτος
1445 591 1533 670 λ’δισς

354 695 407 758 καλ
426 690 543 775 άληθης
559 697 613 756 τοῦ
629 697 706 755 θεοῦ
723 687 850 776 λόγος’
832 716 849 756 ο
852 687 975 816 κύριος
986 685 1073 772 ἡμῶν
1086 686 1200 772 Ἰησοῦς
1219 688 1360 776 Χριστός,
1390 679 1533 774 άδιαίρε
1532 715 1533 760 λ

114 883 117 888 1
233 830 284 876 μγ.
278 818 406 872 Ιτιτοτος
428 793 556 878 δύναμις
579 821 632 860 του
618 799 740 872 θεοῦ,
772 789 809 858 δι’
826 784 864 858 ού
879 791 917 858 τό
931 791 1031 858 πάντα
1045 790 1082 857 τῦ
1098 789 1244 918 γενόμενα
1263 794 1382 879 γέγονε,
1413 777 1533 876 καθόςλ

353 925 386 964 το
379 895 573 1022 εύαγγέλιον
594 903 753 981 μαρτυρεῖ,
788 897 911 981 ολέγον,
940 892 1034 960 '’Ev
1016 901 1095 985 αρχῇ
1110 887 1181 978 ἦνσ
1174 891 1303 981 ’λόγος,
1330 891 1416 960 καλό
1434 893 1533 979 λόγοςῖ

351 993 390 1086 ἦν
405 998 482 1084 πρός
497 998 548 1066 τόν
560 997 652 1078 θεόν,
673 1002 725 1065 καί
737 995 811 1074 θευς
826 990 865 1081 ἦν
881 996 1011 1085 όλόγος·
1033 997 1132 1064 πάντα
1147 995 1185 1064 δι’
1200 997 1295 1064 αὐτοῦ
1310 999 1446 1083 ἐγένετο,
1470 998 1512 1061 κτλ
1532 1005 1533 1062 λ

351 1106 441 1188 χωρίς
456 1101 553 1168 αὐτοῦ
569 1103 681 1187 ἐγένετο
698 1100 770 1167 οῦδὲ
785 1103 825 1166 ἓν.
873 1093 971 1179 Οὗτός
985 1105 1064 1169 ἔστιν
1079 1098 1098 1167 6
1116 1098 1203 1186 λόγος
1224 1102 1293 1184 περί
1310 1091 1347 1166 οῦ
1366 1102 1418 1166 καί
1439 1108 1513 1164 Λον·
1532 1125 1533 1154 ι

352 1214 408 1282 κῦς
433 1202 451 1270 6
478 1201 681 1290 εύαγγελτοτῆς
708 1212 864 1290 μαρτυρεῖ,
896 1206 1004 1291 λέγων,
1042 1201 1158 1280 Καθῦς
1182 1206 1360 1289 παρέδωκαν
1388 1201 1464 1285 ἡμῖν
1489 1193 1533 1266 ολῖ

352 1309 489 1391 άπαργῆς
514 1303 658 1371 αύτόπτοι
681 1308 732 1372 καί
756 1303 903 1394 ὑπηρέται
923 1306 1076 1393 γενόμενοι
1101 1304 1269 1392 τοῦλόγου.
1316 1309 1394 1392 Περὶ
1410 1305 1533 1374 τούτωέ

352 1414 403 1479 καλ
420 1411 520 1492 Δαβλδ
536 1411 611 1491 ἔφη,
632 1405 822 1495 Ἐξηρεύξατο
842 1407 863 1493 ἦ
879 1414 987 1497 καρδία
1003 1435 1062 1494 μου
1078 1407 1167 1496 λόγον
1184 1406 1311 1495 άγαθόν.
1358 1407 1450 1474 Οῦτω
1466 1409 1512 1472 καί
1532 1409 1533 1418 ’

353 1512 371 1582 6
391 1511 495 1598 κύριος
518 1509 604 1594 ἡμῶν
622 1511 740 1595 Ἰησοῦς
765 1511 894 1599 Χριστός
922 1509 1003 1596 ἡμᾶς
1028 1510 1162 1578 διδάσκει
1185 1509 1235 1576 διδ
1259 1518 1315 1577 τοῦ
1337 1507 1513 1596 εῦαγγελίου,

354 1618 483 1702 7λέγων,
510 1614 589 1701 Ἐγοδ
608 1616 642 1680 ἐκ
658 1621 713 1680 τοῦ
731 1614 843 1701 πατρός
857 1618 999 1698 ἐξῆλθον,
1030 1616 1081 1681 καί
1096 1614 1170 1698 ἥκω.
1218 1606 1313 1690 Οῦιος
1329 1611 1373 1679 ἐπ’
1389 1612 1514 1696 ἐσχάτοιν

353 1726 415 1784 τῦν
430 1715 549 1801 ἡμερῶν
562 1715 714 1782 κατελθοδν
729 1716 780 1782 διά
796 1716 851 1802 την
867 1715 1012 1803 ἡμετέραν
1026 1723 1189 1803 σωτηρίαν,
1213 1720 1262 1784 καί
1280 1719 1313 1783 ίκ
1328 1723 1381 1800 τῆς
1398 1715 1512 1802 παρθέ

354 1847 410 1888 νου
432 1824 557 1905 Μαρίας
577 1821 746 1905 γεννηθείς,
769 1818 822 1887 τόν
843 1817 1007 1908 άνθρωττον
1031 1823 1124 1903 ἔλαβε.

223 1931 291 2001 Κεφ.
304 1927 338 2000 γ’.
439 1921 576 1987 Πιστεύω
593 1914 648 1986 οῦν
675 1925 739 1999 ιείς
754 1921 830 1989 θεόν
851 1922 1092 2010 παντοκράτορα,
1123 1925 1174 1989 καλ
1197 1925 1238 1999 εἰς
1256 1920 1386 2009 Χριστόν
1402 1920 1533 2004 Ἰησοῦν

351 2025 404 2093 τόν
421 2025 490 2091 νίόν
511 2021 605 2090 αύτοῦ
625 2021 677 2090 τόν
702 2033 862 2111 μονογενῆ,
891 2025 944 2094 τόν
967 2025 1071 2110 κύριον
1085 2023 1186 2109 ἡμῶν,
1216 2023 1268 2092 τόν
1286 2026 1463 2110 γεννηθέντα
1482 2025 1512 2087 ἔτ

353 2127 520 2213 πνεύματος
541 2124 628 2213 άγλυν
650 2128 702 2192 καλ
720 2133 842 2213 Μαρίας
861 2136 915 2212 τῆς
932 2131 1105 2215 παρθένου,
1138 2127 1190 2194 τόν
1202 2130 1252 2194 ἒπλ
1269 2132 1404 2194 Ποντίου
1424 2123 1512 2191 Πιλά-

351 2261 405 2300 του
429 2231 657 2315 σταυρωθέντα,
686 2231 736 2295 καί
759 2233 906 2311 ταφέντα,
935 2234 987 2297 καλ
1008 2239 1045 2325 τῇ
1067 2237 1150 2323 τρίτη
1173 2229 1271 2318 ἡμέρα
1296 2226 1465 2295 άναστάντα
1481 2231 1510 2294 lx

350 2344 410 2402 τῶν
430 2340 558 2418 νεκρῦν,
589 2329 742 2419 ύναβάντα
766 2336 808 2409 είς
831 2333 903 2410 τούς
925 2331 1088 2419 οῦρανυῦς,
1119 2336 1170 2400 καλ
1192 2331 1363 2416 καθήμενον
1385 2333 1419 2398 δν
1437 2335 1513 2419 δεξιᾷ

353 2445 408 2504 τοῦ
432 2432 560 2519 πατρός,
595 2431 670 2499 ὅθεν
700 2437 810 2519 ἔρχεται
835 2441 946 2521 κρίνειν
972 2444 1081 2516 ζῶντας
1103 2439 1155 2502 καί
1176 2434 1313 2521 νεκρούς·
1344 2435 1397 2500 καί
1420 2438 1464 2512 είς
1482 2431 1511 2498 τό

354 2539 440 2626 ίίγιον
455 2543 589 2619 πνεῦμα,
612 2533 699 2622 άγίαν
717 2540 883 2621 ἐκκλησίαν,
905 2536 1013 2619 άφεσιν
1031 2535 1193 2624 ύμαρτιῦν,
1216 2535 1327 2622 σαρκός
1343 2533 1512 2613 άνάστασιν,

353 2639 431 2723 ζωήν
447 2637 578 2705 αίύνιον.
616 2638 800 2724 Ἀδιαίρετον
815 2637 891 2706 εἶναι
903 2639 959 2723 την
972 2641 1104 2724 θεότητα
1117 2647 1170 2707 τοῦ
1184 2637 1297 2726 πατρός
1313 2641 1436 2705 κολεοῦ
1452 2636 1514 2702 υίοιλ

352 2741 434 2828 παρά
453 2748 512 2807 τῶν
530 2745 623 2807 θείων
641 2741 856 2827 μεμαθήκαμεν
877 2751 1010 2830 γραφῶν.
1055 2747 1098 2808 Εἰ
1109 2741 1165 2830 γάρ
1182 2769 1227 2818 τις
1242 2745 1353 2827 χωρίζει
1367 2738 1423 2806 τόν
1442 2737 1513 2814 υίδν,

351 2847 483 2912 τουτέστι
510 2842 563 2910 τόν
588 2843 678 2931 λόγον
698 2852 753 2911 τοῦ
777 2845 1017 2932 παντοκράτορος
1040 2853 1133 2925 θεοῦ,
1166 2842 1279 2929 ῦνάγκη
1306 2840 1399 2908 αύτόν
1422 2841 1444 2925 ἢ
1463 2839 1512 2906 δύο

352 2947 447 3024 θεούς
459 2944 535 3012 εἶναι
550 2951 687 3029 νομίζειν,
710 2946 782 3032 ὅπερ
799 2946 951 3034 τίλλότριον
968 2956 1021 3031 τῆς
1036 2954 1123 3026 θείας
1136 2950 1327 3023 διδασκαλίας
1342 2941 1421 3011 εἶναι
1437 2941 1511 3010 νενό·

352 3074 462 3134 μισται,
477 3047 498 3132 ἢ
512 3046 566 3114 τόν
578 3049 664 3135 λόγον
679 3049 721 3133 μὴ
735 3047 811 3116 εἶναι
828 3050 903 3117 θεόν
918 3047 1083 3138 ὁμολογεῖν,
1106 3049 1180 3136 ὅπερ
1200 3052 1250 3115 καλ
1269 3045 1344 3114 αῦτό
1360 3046 1512 3133 άλλότριον

349 3161 404 3235 τῆς
420 3149 518 3237 όρθῆς
537 3155 661 3228 πίστεως
683 3149 759 3218 εἶναι
777 3159 930 3235 φαίνεται,
963 3159 1017 3220 τοῦ
1034 3150 1262 3238 ἐῦαγγελιστοῦ
1279 3152 1433 3237 λέγοντος,
1458 3149 1512 3214 Καί

352 3253 426 3331 θεός
440 3246 479 3337 ἦν
494 3250 512 3318 6
528 3252 624 3341 λόγος.
664 3254 742 3340 Ἐγῦ
761 3256 792 3321 δὲ
809 3253 941 3343 άκρτβῦς
956 3256 1118 3339 μεμάθηκα
1131 3254 1177 3321 ότι
1193 3252 1358 3338 άδιαίρειος
1373 3255 1429 3318 καί
1444 3249 1512 3335 άγό-

353 3355 453 3442 ριστός
478 3357 555 3421 ἐστιν
578 3354 600 3437 ἦ
619 3357 743 3441 δύναμις
767 3365 820 3425 τοῦ
844 3357 957 3443 πατρός
978 3355 1088 3435 όνίός.
1140 3355 1242 3433 Αύτός
1265 3353 1323 3442 γάρ
1348 3349 1512 3440 όσωτῆρό

352 3458 458 3546 κύριος
481 3456 568 3540 ημῦν
586 3457 700 3542 Ἰησοῦς
726 3459 854 3548 Χριστός
873 3483 963 3543 φησι,
992 3458 1043 3526 Ἐν
1060 3461 1126 3543 ἒμολ
1141 3456 1160 3524 ό
1176 3457 1290 3542 πατὴρ,
1322 3453 1408 3542 κάγοί
1427 3462 1460 3526 ἐν
1476 3465 1512 3544 τῷ

352 3566 454 3646 πατρί·
476 3563 547 3638 καλ,
569 3558 644 3647 Ἐγολ
662 3565 713 3627 καλ
728 3560 746 3628 6
760 3561 857 3648 πατὴρ
874 3564 906 3628 έν
921 3565 1021 3646 ἔσμεν·
1043 3565 1111 3642 καί,
1132 3559 1166 3627 ‘0
1183 3562 1233 3644 ἐμὲ
1248 3558 1513 3646 ἕωρακολςηὲεύρακε

350 3664 404 3730 τόν
422 3663 542 3749 πατέρα.
591 3662 709 3746 Ταύτην
729 3667 781 3731 καλ
804 3663 886 3750 παρά
909 3671 969 3731 τοῖν
987 3669 1081 3731 θείων
1101 3671 1226 3750 γραφῶν
1250 3660 1380 3746 είληφοδς
1397 3663 1455 3746 τήν
1470 3663 1513 3727 πί-

352 3789 432 3845 στιν,
453 3767 505 3830 καλ
520 3763 603 3851 παρολ
617 3774 675 3832 τῶν
688 3764 763 3832 κατά
777 3767 852 3834 θεόν
862 3765 1018 3852 προγόνων
1031 3768 1198 3851 διδαχθείς,
1220 3768 1253 3832 ἔν
1268 3791 1299 3832 τε
1313 3772 1351 3854 τῇ
1364 3773 1423 3832 τοῦ
1438 3769 1513 3830 θεοῦ

352 3873 491 3957 ἐκκλησίην
509 3865 660 3953 κηρύττω,
692 3872 742 3934 καί
761 3867 838 3954 πρός
857 3871 889 3935 ολ
906 3877 963 3935 νῦν
979 3872 1128 3956 γέγραφα,
1150 3868 1185 3935 τδ
1202 3867 1388 3955 ἀπέγραφον
1404 3866 1510 3934 τοῦτον

352 3971 421 4054 παρ’
439 3974 555 4058 ἐμαυτῷ
572 3969 732 4054 κατασχόν.
777 3975 839 4037 Καὶ
861 3969 933 4051 άξιῦ
955 3970 987 4038 τό
1008 3968 1168 4038 άντίτυπόν
1191 3993 1223 4036 σε
1244 3968 1353 4036 τούτου
1374 3979 1414 4060 τῇ
1437 3967 1508 4054 πρός

352 4073 423 4150 τοῦς
439 4071 621 4150 ἐπισκόπους
638 4076 774 4163 ἐπιστολῇ
791 4073 956 4159 ἐγγράψαι,
977 4078 1026 4140 ίνα
1042 4073 1084 4157 μή
1099 4099 1175 4152 τινες
1192 4079 1251 4138 τῶν
1266 4071 1401 4158 άκριβοδς
1417 4072 1461 4156 μη
1477 4073 1510 4136 τί·

354 4174 450 4242 δότων
465 4173 544 4258 ἡμᾶς
558 4173 708 4254 κάκείνοις
725 4185 788 4253 τοῖς
803 4173 853 4241 ύπ’
871 4175 970 4244 αύτῦν
985 4185 1123 4264 γραφεῖσι
1141 4177 1331 4262 προςέχοντες
1348 4172 1511 4260 άπατηθῦ-

354 4298 409 4342 τιν.
443 4276 612 4362 Ἔρρωσθε.

440 4378 643 4466 Πεπλήρωται.
