3058 5014
306 231 445 285 raanan
462 233 526 284 nra.
538 233 583 284 ιιι.
600 233 682 286 non.
696 233 717 285 1.
734 231 834 284 nana.
850 231 969 285 nxxvr.
1147 217 1211 282 ast

55 351 174 416 minimo
202 351 356 432 tribuerit,
392 374 450 416 nou
474 363 593 439 propter
615 353 702 418 ullam
725 361 847 417 naturae
873 348 1120 428 imbecillitatem,
1157 351 1209 414 sed

55 455 126 538 qnod
144 454 187 518 sit
201 455 280 518 omni
300 475 405 519 caussa
422 456 568 540 superior,
593 454 679 520 velim
699 465 728 518 et
746 455 808 540 ipse
826 454 894 518 illud
910 453 1074 536 intelligas,
1099 475 1157 518 nou
1174 453 1209 517 ab

53 555 283 621 imbecillitatem
295 558 391 621 *ullam
413 559 464 622 filii
487 579 592 622 nomen
617 551 783 641 pertinere,
815 558 866 621 sed
883 577 920 620 eo
937 555 1035 640 potius
1051 557 1127 639 quod
1145 577 1209 619 oum

54 659 190 742 genitore
221 661 332 746 pariter
362 660 544 724 conveniens
573 659 629 723 sibi
660 659 918 724 consubstantialis
948 659 1036 722 decus
1066 658 1208 722 obtineat.

54 759 203 845 Quoniam
220 764 296 827 sicut
314 773 423 848 patrem
441 763 573 848 inprimis
589 763 676 826 (lecet
694 782 827 826 caussam
846 781 962 825 omnem
978 759 1145 838 excellere,
1169 760 1210 824 ite

54 865 141 927 unico
158 865 204 928 slei
228 864 306 944 blio,
338 876 368 929 et
390 865 427 928 ab
451 887 510 928 uno
526 877 608 950 patre
625 885 690 929 cum
709 885 768 927 uno
793 864 898 950 spiritu
919 874 1021 926 saneto
1042 863 1210 948 procedenti

53 988 108 1030 una
127 969 289 1051 eademque
303 967 441 1031 divinitas
457 968 613 1046 convenit,
637 987 711 1050 quae
730 966 835 1030 nullom
851 967 896 1030 sui
913 987 1047 1030 caussam
1063 964 1208 1044 similist,

54 1091 109 1132 non
130 1070 169 1133 ob
189 1070 276 1134 ullam
297 1069 542 1146 imbecillitatem,
577 1070 629 1133 sed
653 1069 728 1153 quod
752 1067 789 1131 iis
811 1068 945 1132 omnibus
969 1089 1043 1152 quae
1061 1088 1101 1132 ex
1119 1067 1209 1132 nihilo

53 1171 129 1235 lacta
152 1183 221 1234 sunt
242 1173 409 1236 antecellat.
462 1170 610 1236 Nimirum
635 1191 693 1236 una
716 1170 854 1235 (livinitus
879 1183 942 1251 est,
975 1192 1049 1257 quac
1073 1170 1127 1234 sub
1153 1189 1210 1234 uua

55 1273 195 1338 trinitatis
209 1275 403 1360 appellatione
422 1285 609 1352 numeratur,
634 1284 665 1336 et
680 1274 710 1337 in
729 1273 837 1358 patris,
861 1273 910 1338 blii
928 1274 1098 1359 suspiritus
1114 1274 1209 1338 sancti

54 1376 256 1453 nominibus,‘
271 1377 375 1462 quibus
400 1378 480 1440 velut
502 1377 645 1461 singulari
668 1376 765 1461 aliquo
787 1375 884 1460 sigillo
905 1377 1067 1454 firmamur,
1100 1375 1137 1440 iis
1160 1376 1208 1461 qui

52 1477 199 1564 baptismo
217 1479 371 1544 initiantur
386 1479 548 1564 praedicari
566 1479 660 1556 solet,
684 1499 719 1544 ac
736 1476 860 1564 (lenique
879 1479 948 1542 nibil
965 1501 983 1543 a
998 1477 1094 1564 seipse
1112 1479 1209 1542 discr·

52 1601 114 1646 sum
133 1580 282 1660 continet,
303 1601 366 1645 eum
382 1603 398 1644 a
414 1583 539 1644 acritate
556 1583 705 1668 proiectae
721 1581 788 1645 illae
804 1601 895 1645 uncos
912 1581 1017 1667 patris,
1034 1581 1084 1644 blii
1104 1591 1134 1644 et
1150 1581 1208 1665 spi·

52 1683 124 1748 ritus
141 1683 237 1746 sancti
254 1683 319 1746 eius
334 1685 409 1766 qood
429 1683 597 1768 significant
612 1683 818 1768 aequalitatem
833 1683 984 1770 impleant.
1031 1679 1117 1766 Quod
1135 1703 1209 1746 vern

53 1784 193 1863 subiicis,
218 1783 294 1868 Quis
308 1786 476 1872 productam
493 1797 626 1850 naturam
645 1787 681 1848 ab
700 1807 733 1850 ea
751 1806 825 1870 quae
842 1785 1015 1871 produxerit
1029 1786 1100 1851 nibil
1115 1786 1145 1849 in
1161 1807 1208 1849 es·

51 1888 145 1951 sentia
161 1887 339 1952 discriminis
357 1888 466 1952 babere
488 1887 641 1966 fatebitur,
665 1908 730 1950 cum
746 1887 889 1952 eiusmodi
906 1889 1069 1952 substantia
1085 1908 1209 1972 genera·

52 1989 162 2054 tionem
179 2011 295 2054 omnem
315 1991 475 2054 excludat?
503 1977 562 2054 noir
580 1989 648 2053 illul
668 1989 894 2069 animadvertis,
927 2012 944 2054 a
965 1990 1081 2054 divinae
1100 1991 1210 2054 verite-

52 2092 86 2155 tis
110 2091 285 2176 cognitione
306 2103 356 2158 tua
379 2104 407 2156 te
427 2092 511 2178 culpa
535 2091 711 2172 abalienari,
744 2103 775 2155 ιιι
797 2092 845 2176 qui
869 2113 928 2156 non
945 2114 962 2155 a
980 2091 1084 2178 spiritu
1105 2103 1209 2157 sancto

52 2195 208 2258 veritatem
225 2195 266 2260 sis
282 2196 423 2274 edoctus,
453 2196 505 2259 sed
524 2195 622 2259 munli
639 2194 723 2259 buius
741 2195 905 2279 sapientia,
937 2215 1011 2279 quae
1023 2198 1108 2278 fatuo
1124 2199 1204 2257 stott-
1218 2214 1360 2273 tunnam.

51 2300 139 2378 doque
170 2301 282 2359 reddata
310 2310 371 2372 est,
407 2295 551 2361 subnisus
580 2298 615 2360 ad
649 2297 790 2362 coelestia
819 2308 849 2362 te
883 2298 1047 2384 provebere
1076 2298 1205 2361 conaris.

52 2394 151 2480 Quare
169 2419 354 2484 consequens
371 2411 418 2464 est
434 2410 466 2463 ut
483 2410 513 2462 ct
529 2400 599 2464 illul
615 2400 730 2478 audias,
753 2402 861 2464 lrustra
877 2411 905 2464 tc
923 2421 1010 2464 ossea
1033 2403 1123 2462 Novit
1136 2405 1208 2462 enan
1238 2419 1321 2465 anta.
1397 2397 1403 2406 ’

50 2505 115 2564 deus
129 2506 289 2583 suptbntuns
303 2507 504 2582 oogsbunbnes,
529 2507 659 2585 qnantum
675 2523 764 2565 moue
779 2514 856 2565 sunt.
903 2501 1052 2587 Quocirca
1070 2501 1120 2587 qui
1139 2502 1208 2566 sub·
1241 2472 1277 2528 ω’
1291 2471 1323 2516 ¹¹¹

52 2603 161 2669 sistens
178 2605 300 2669 verbum
317 2605 437 2689 genuit,
471 2605 546 2668 idem
561 2605 682 2690 aequale
703 2605 759 2669 sibi
774 2605 893 2690 genuit,
925 2627 980 2669 nee
998 2627 1016 2671 a
1032 2627 1085 2670 sua
1104 2603 1209 2670 diuini-

53 2716 109 2771 tate
128 2707 297 2787 disersnm3
328 2727 383 2771 nec
401 2707 458 2771 ulla
477 2718 524 2771 est
541 2707 571 2772 in
590 2707 690 2792 genita
711 2707 976 2789 sobolevarietns,
1009 2729 1074 2772 cum
1090 2706 1209 2771 minime

51 2829 122 2873 sane
146 2810 251 2872 deceat
273 2820 303 2872 ot
319 2809 397 2874 illum
421 2819 555 2895 putemus
575 2810 726 2895 indignum
748 2811 863 2896 seipso,
895 2822 925 2875 et
946 2811 1147 2896 inaequalem,
1180 2819 1211 2874 et

50 2911 126 2976 inira
142 2912 341 2975 conditionem
358 2911 501 2994 genitoris
525 2913 711 2978 amandatum
729 2933 813 2977 snum
838 2913 917 2977 illum
941 2915 1080 2998 genuisse
1104 2912 1204 2977 tilium.

53 3008 145 3094 Quam
164 3015 252 3078 etiam
269 3015 306 3078 ob
323 3035 455 3079 caussam
470 3035 523 3100 per
541 3015 628 3079 blium
648 3037 682 3080 ac
700 3015 865 3080 subsistens
880 3015 1018 3097 verbum,
1042 3021 1134 3078 omnm
1148 3039 1209 3078 ecee
1282 3030 1284 3034 ·

44 3117 128 3196 sueto
143 3126 270 3180 testatos
285 3126 348 3196 cst,
381 3127 413 3180 ut
429 3117 585 3203 ipsummet
602 3117 638 3180 ab
659 3119 798 3182 laetarum
817 3139 915 3182 rerum
931 3139 1053 3182 numero
1069 3139 1208 3183 secerne-

51 3229 112 3299 ret,
138 3219 318 3303 doceretque
334 3220 364 3282 in
383 3231 467 3304 patre
484 3219 608 3284 similem
627 3231 715 3305 atque
732 3220 883 3304 aequalem
903 3241 987 3300 esse,
1020 3222 1096 3305 quod
1113 3221 1206 3307 ipsum
1280 3290 1286 3302 ,

51 3322 142 3405 putris
161 3321 346 3408 appellationi
365 3332 594 3386 cousentaneum
611 3333 674 3400 est,
698 3343 831 3408 semper,
862 3324 997 3407 inquam,
1029 3324 1207 3388 existentem

50 3421 262 3489 insubstantia
279 3445 344 3503 sue,
369 3445 427 3489 non
447 3423 650 3510 peregrinum,
674 3425 727 3489 seb
744 3445 933 3508 germanum,
963 3437 1063 3512 utpote
1080 3426 1207 3494 consob-

51 3526 216 3591 stantialem
240 3512 346 3607 tilium,
370 3538 400 3591 et
421 3549 438 3592 a
460 3539 542 3613 patre
563 3528 706 3611 genitum.

135 3628 219 3693 Aetli
237 3623 333 3713 Caput
353 3625 408 3692 tv'.
432 3627 465 3694 Si
483 3641 635 3716 perpetuo,
660 3649 695 3694 ao
712 3629 777 3694 sine
795 3630 854 3695 ullo
872 3630 928 3695 bne
941 3633 1014 3696 deus
1029 3631 1059 3696 in
1077 3631 1207 3716 ingenita

51 3741 154 3794 natura
172 3730 316 3816 persistit,
341 3752 375 3794 ac
389 3733 415 3795 si
429 3735 527 3818 genita
548 3734 665 3798 soboles
683 3733 747 3798 sine
765 3733 823 3798 ullo
840 3733 897 3798 line
915 3733 1013 3819 genita
1028 3746 1090 3813 est,
1117 3754 1207 3818 prava

50 3831 98 3896 illa
122 3834 160 3896 tle
181 3832 354 3898 homoousio
380 3845 410 3899 et
435 3836 624 3900 homoeousio
640 3836 787 3900 sententia
806 3836 1025 3922 prolligabiturp
1055 3857 1121 3901 cum
1136 3836 1205 3899 illud

50 3933 167 3998 interim
192 3936 223 4000 in
241 3935 392 4021 utriusque
418 3949 539 4002 naturae
562 3938 703 4023 dignitate
728 3950 880 4004 remaneat
902 3943 960 4019 ut,¹
982 3939 1058 4024 qunti
1084 3940 1120 4002 ad
1136 3937 1206 4002 sub-

50 4037 188 4102 stantium
205 4039 328 4116 attinet,
353 4040 514 4126 comparari
535 4041 614 4104 iuter
634 4061 668 4104 se
690 4053 848 4126 nequeant.

137 4137 261 4205 Conlut.
282 4139 338 4204 lV.
385 4139 418 4206 Si
439 4153 596 4228 perpetuo,
628 4163 663 4206 ac
678 4144 743 4214 sine
760 4144 819 4207 ullo
836 4142 894 4206 buc
915 4143 1003 4221 deus,
1033 4153 1066 4205 ut
1080 4143 1202 4224 asseris,

51 4243 78 4306 in
94 4244 226 4328 ingenita
248 4255 352 4313 natura
377 4256 542 4331 permanet,
574 4255 677 4330 estque
698 4245 877 4331 sempiterna
903 4243 949 4310 dei
971 4256 1094 4326 natura,
1127 4267 1202 4332 quaa

601 4442 612 4454 ·
678 4416 703 4468 ι.
722 4419 802 4479 supro
818 4415 1056 4483 naonobupalosaoe

678 4485 702 4540 b
720 4487 813 4549 nepum
826 4479 977 4552 ἀσύγκριτον
994 4499 1024 4538 es
1039 4488 1205 4551 ιυριιιιιιιιιι.
