3042 5016
293 235 959 291 exutumme.1n.rosr.r.ussn.uxxvr.
1141 221 1204 292 289

42 355 167 444 spiritus
182 357 246 442 ipse
265 367 387 424 sanetus
404 357 464 443 pati
483 357 637 442 quiequam
661 365 776 442 potest,
809 356 857 442 qui
876 355 1029 422 oolumhae
1051 356 1150 443 speeie
1167 357 1205 422 ed

42 458 201 526 lordanem
216 460 380 539 deseendit,
404 479 459 524 nee
472 459 641 544 unigenitus
657 480 674 522 a
688 461 798 550 lonnne
815 459 980 544 baptizatus
997 470 1028 524 et
1040 471 1205 534 oootreotn·

42 573 111 642 tus,
146 564 199 627 sed
217 583 311 648 neque
330 573 415 648 pater
432 561 575 628 eiusmodi
591 563 626 626 de
642 562 726 629 eoelo
744 581 818 626 rouo
834 582 1014 646 personans,
1050 584 1134 647 quam
1152 563 1205 628 ho·

41 665 141 729 mines
165 665 308 730 exaudire
333 675 470 751 possent,
503 669 559 728 Hie
577 677 622 728 est
633 667 721 746 filulis
736 687 823 739 mens,
847 669 937 746 prum
953 669 1058 728 audite.
1104 662 1204 748 Quone

42 767 118 832 nihil
141 778 263 854 epatre
286 768 422 833 diversum
447 777 493 831 est
517 767 605 831 lilius.
659 764 700 830 Et
724 766 839 852 quidem
864 777 949 852 pnter
970 768 1120 853 ingenitus
1145 779 1203 846 est,

42 869 123 934 lilius
147 871 281 956 geuitus,
314 861 369 934 neo
393 870 452 934 ullo
475 870 561 934 modo
577 868 722 954 patibilis3
756 867 876 954 spiritus
894 891 968 934 vero
989 881 1109 936 semotus
1132 870 1207 935 eitra
1251 941 1257 954 ,

42 973 214 1058 passionem
227 973 314 1038 ullam
330 973 492 1058 prooessit3
515 983 615 1036 oetera
629 973 727 1036 omnin
745 972 896 1036 creatione
912 973 1052 1058 producta
1067 983 1147 1052 sunt,
1173 993 1207 1036 ao

42 1076 177 1160 perleota
196 1075 260 1161 ipsa
275 1075 390 1140 trinitas
405 1076 435 1140 in
454 1075 617 1161 quantitate
632 1095 686 1139 sua
706 1085 737 1138 et
750 1074 882 1138 increata
899 1076 1094 1162 appellatione
1111 1095 1207 1140 rema-

43 1188 114 1256 net,
139 1177 182 1242 sie
195 1187 228 1242 ut
242 1199 337 1262 neque
356 1187 551 1242 eommutetur
567 1178 643 1261 qood
660 1177 765 1242 melius
786 1188 845 1257 est,
868 1198 963 1262 neque
981 1180 1057 1263 quod
1077 1177 1208 1262 gignitur
1254 1262 1258 1268 Ι

42 1280 105 1343 ulle
132 1279 259 1365 potiendi
283 1281 349 1366 lege
374 1287 560 1346 ooe‘roeatur.
606 1276 663 1344 Cui
679 1280 796 1363 quidem
812 1300 906 1364 neque
923 1281 1042 1364 genitor
1058 1279 1207 1346 obnoxius

42 1383 112 1447 luit.
159 1380 230 1447 Non
246 1383 324 1448 euim
340 1404 514 1468 eorporeum
530 1392 578 1446 est
591 1382 721 1466 genitum
739 1383 827 1462 illud,
851 1383 904 1446 sed
920 1382 1041 1468 spiritus
1056 1405 1073 1448 e
1089 1383 1205 1468 spiritu,

42 1495 133 1548 etex
149 1496 231 1570 patre
248 1485 336 1550 lilius.
382 1487 425 1548 lta
444 1485 531 1548 etiam
556 1495 586 1548 et
604 1485 724 1569 spiritus
745 1495 866 1549 sanetus
885 1483 922 1548 oh
944 1485 1008 1571 ipso
1031 1505 1208 1572 progressus

42 1597 110 1666 est,
134 1587 373 1674 spirituspatris,
397 1588 518 1673 spiritus
534 1583 666 1667 Christi,
690 1609 750 1652 noo
765 1597 896 1670 oreatus,
920 1608 979 1652 non
995 1588 1125 1673 genitos,
1149 1609 1209 1654 uon

42 1709 205 1776 germanus
222 1692 331 1771 irater,
363 1711 422 1754 oon
437 1711 528 1770 avus,
559 1711 618 1754 nou
645 1709 749 1775 nepos.
795 1687 946 1775 Siquidem
972 1689 1208 1777 incomparabilis

42 1793 160 1878 patris,
184 1791 233 1856 lilii
247 1814 282 1858 no
296 1791 417 1879 spiritus
437 1793 531 1856 saneti
548 1783 653 1857 natura
668 1792 876 1878 oogitotiouem
893 1813 1009 1858 omnem
1027 1813 1063 1858 ao
1081 1806 1208 1859 mentem

43 1907 189 1980 superat,
226 1915 285 1960 noo
308 1893 456 1960 hominum
481 1895 574 1959 solum
599 1895 744 1973 dixerim,
785 1896 997 1961 verumetiam
1021 1897 1206 1982 augelorum.

42 1995 118 2062 Non
144 1998 223 2062 enim
245 1998 434 2062 mutationem
461 1996 549 2080 ullam
572 1997 676 2062 unicus
701 1997 747 2061 dei
772 1997 849 2061 iilius
870 1997 1004 2076 admisit,
1039 2019 1094 2062 neo
1118 1999 1211 2085 ipsius

43 2110 150 2185 poter,
176 2121 271 2185 neque
287 2111 407 2168 sanetus
423 2100 488 2164 eius
505 2099 638 2185 spiritus,
661 2099 790 2183 eoquod
807 2098 976 2186 unigenitus
990 2121 1045 2186 per
1061 2121 1129 2165 sese
1145 2121 1212 2186 pas·

44 2203 143 2268 sionis
164 2223 273 2288 expers
300 2203 329 2266 iu
356 2223 445 2267 earne
472 2202 511 2266 sit
529 2221 653 2288 passus,
685 2202 804 2288 spiritus
828 2222 900 2266 vero
920 2213 1040 2267 sanetus
1059 2201 1211 2268 columbae

45 2327 81 2371 se
100 2305 203 2392 speeie
215 2305 372 2370 videndum
391 2304 550 2384 obiecerit,
583 2325 618 2370 ao
635 2315 785 2392 postremo
801 2316 884 2391 pater
898 2305 963 2390 ipse
981 2325 1056 2370 vooe
1073 2305 1110 2370 de
1127 2305 1211 2369 ooelo

44 2409 140 2472 missa
170 2407 243 2472 eitra
273 2408 441 2494 passionem
471 2407 557 2472 ullam
588 2407 735 2472 homiuum
767 2407 888 2472 auribus
916 2407 1094 2474 insonuerit.
1138 2405 1212 2472 Non

45 2532 136 2576 seems
162 2521 249 2595 etque
271 2511 388 2596 angeli,
421 2510 570 2576 coelestes
591 2511 697 2589 orbes,
729 2519 826 2588 terra,
858 2519 1015 2593 ceteraque
1037 2529 1111 2595 quae
1138 2510 1211 2574 deus

44 2612 195 2694 condidit,
228 2613 325 2676 omuia
351 2613 457 2678 nullam
481 2613 594 2678 suetori
615 2635 670 2678 suo
689 2612 878 2678 mutationem
894 2611 1139 2696 affectionemque
1159 2610 1211 2674 tri-

43 2717 187 2781 buerunt.
234 2711 294 2782 Sed
318 2715 391 2780 haee
412 2713 509 2780 omnis
533 2716 706 2801 stupendum
728 2714 870 2799 quoddam
889 2724 959 2779 sunt
976 2713 1213 2798 horrendumque

43 2817 242 2905 mysterium,
273 2818 315 2881 uti
340 2817 480 2904 seriptum
507 2830 571 2900 est,
605 2822 769 2882 Oolta'tudo
791 2822 970 2892 mutuorum,
1002 2820 1157 2898 reprentrhe
1176 2827 1364 2894 sturmium

42 2925 183 2984 sedentiles
204 2923 272 2983 dei!

134 3023 217 3087 Aelii
233 3018 331 3108 Caput
346 3023 453 3086 Xlllll.
498 3020 532 3088 Si
553 3023 669 3108 genitae
687 3023 869 3088 substantiae
888 3041 994 3088 oaussa
1009 3021 1047 3086 sit
1063 3021 1208 3108 ingenito,

44 3125 212 3212 ingenitum
235 3145 326 3204 vero,
359 3126 435 3209 quod
462 3124 635 3211 principium
657 3127 780 3204 dieitur,
812 3125 884 3190 nihil
905 3124 1025 3189 omuino
1047 3123 1102 3203 sit,
1136 3143 1210 3210 quo·

46 3229 136 3294 modo
163 3237 261 3312 potest
283 3227 311 3292 id
337 3228 414 3313 qood
439 3227 510 3291 nihil
533 3238 582 3292 est
601 3229 665 3293 eins
691 3230 766 3313 qnod
792 3229 964 3314 productum
984 3237 1030 3291 est
1049 3246 1116 3292 esse
1134 3225 1213 3312 priu-

45 3331 183 3418 eipiuml

136 3429 261 3498 Couiut.
280 3433 386 3496 Xlllll.
430 3432 565 3518 ingenita
590 3430 753 3497 substantia
778 3453 837 3498 non
861 3433 964 3496 eodem
984 3433 1094 3517 quoad
1112 3442 1212 3498 oetero

47 3535 149 3602 omnia
166 3545 334 3621 comparata
351 3535 456 3615 modo,
468 3525 530 3602 ‘sed
547 3535 604 3600 alio
622 3535 746 3620 quodam
764 3555 854 3600 sensu
869 3535 992 3616 dieitur,
1016 3535 1133 3601 eumad
1149 3534 1213 3599 uui·

48 3661 113 3704 eam
133 3636 267 3704 sobolem
286 3638 432 3717 refertur,
455 3636 504 3702 vel
521 3639 557 3702 ad
572 3637 705 3723 spiritum
722 3648 873 3718 sonetum,
899 3638 947 3724 qui
961 3639 998 3704 eh
1012 3639 1076 3726 ipsa
1092 3655 1214 3723 progre-

49 3745 142 3806 ditur.
188 3738 296 3824 Neque
314 3761 386 3807 vero
410 3739 583 3826 principium
608 3751 654 3806 est
670 3741 813 3806 eiusmodi
837 3741 922 3827 quale
946 3741 1088 3826 estquod
1110 3737 1214 3802 existit

49 3867 117 3910 oum
146 3844 276 3908 nondum
298 3842 448 3908 existente
463 3855 675 3929 comparatum.
721 3840 836 3930 Quippe
853 3865 911 3908 non
930 3864 971 3908 ex
987 3843 1078 3908 nihilo
1096 3839 1214 3925 genitus
1316 3861 1320 3868 ’

50 3960 97 4014 est
111 3945 207 4027 lilius,
231 3965 326 4032 neque
344 3965 402 4012 ooo
417 3943 551 4013 existens
564 3957 611 4012 est
628 3946 676 4032 qui
693 3947 813 4032 genuit,
843 3947 891 4010 vel
906 3945 956 4031 qui
971 3945 1007 4010 ah
1026 3943 1091 4030 ipso
1109 3962 1214 4028 proee-

50 4052 93 4116 dit
118 4049 241 4137 spiritus
266 4059 406 4129 sanetum
451 4059 617 4115 ceterorum
643 4069 715 4116 vero
739 4069 846 4116 eaosso
877 4059 925 4111 est
946 4047 1081 4110 existens
1104 4043 1212 4130 ipsum.

52 4151 245 4239 Quapropter
256 4163 360 4237 suapte
373 4153 468 4238 gloria
477 4173 512 4218 ae
523 4153 680 4240 splendore
692 4152 823 4236 praedita
836 4169 954 4236 semper
968 4157 1015 4212 est
1025 4156 1216 4214 saerosaneta

87 4291 130 4346 18.
148 4292 215 4341 Lthrt
232 4291 304 4352 oulpo
320 4285 350 4340 τὸ
367 4287 419 4342 edu.
687 4287 712 4340 2
728 4291 812 4352 mppr
828 4289 947 4350 rertptma
963 4288 990 4336 tn
1005 4287 1172 4350 repertoribus,
1187 4284 1217 4335 de

88 4358 132 4413 19.
150 4359 216 4410 sum
230 4357 281 4423 τῆς
294 4354 424 4424 psalmos.
448 4360 478 4410 st
492 4359 621 4412 attentam
652 4371 702 4422 qao
717 4359 771 4408 uide
789 4358 814 4406 tn
830 4359 919 4406 onnott

52 4445 100 4482 nos
117 4431 249 4491 nonomen
265 4426 335 4476 eedd
353 4439 408 4477 met.
688 4425 712 4479 3.
729 4421 850 4491 lxerdprm
867 4425 918 4476 end.
937 4424 1034 4488 lihedip.

89 4500 112 4551 1.
130 4490 150 4562 ri
167 4509 215 4546 non
231 4498 359 4558 oqneteant
376 4495 445 4546 eodd.
462 4509 518 4548 maa.
688 4491 712 4546 4.
729 4487 749 4559 ri
766 4507 812 4544 em.
829 4493 881 4544 eod.
898 4491 995 4554 Rhedip.

106 4578 199 4634 θυεμ·
212 4574 348 4622 llomeseol.
357 4573 386 4620 ιι.
394 4576 415 4620 ι.
975 4581 1013 4644 qq
