3042 5016
290 223 509 284 eluendum.
526 229 705 283 nummu.
722 227 960 281 utrumn.
1141 213 1203 278 317

51 367 209 444 sententie,
242 373 295 450 qua*
306 379 466 430 erectrrrorn
485 371 597 442 colunt,
631 388 679 428 eoa
693 369 792 449 sctuoe
815 369 940 428 redditor
956 387 1020 446 pree
1038 368 1198 439 doceamur,
1211 377 1277 424 uem
1291 386 1311 441 1,
1324 383 1356 426 tr.

52 491 143 535 nonne
159 469 189 533 io
208 470 284 534 istud
302 469 397 557 ipsum
422 471 574 533 incurrere
591 468 708 532 videtur
724 467 831 533 Aetius
849 487 882 532 ac
898 478 1053 531 creaturae
1070 466 1205 530 divinita·

50 582 102 635 tem
121 571 269 652 tribuere,
294 593 417 658 eamque
435 571 606 637 adoratione
621 593 656 634 oc
671 573 865 634 veneratione
882 570 1039 658 prosequi?
1061 591 1124 633 cunr
1143 569 1204 632 sin·

50 695 113 738 cera
144 675 216 739 lides
248 674 427 739 adorandum
455 684 613 753 acreato,
648 683 779 738 creatum
811 673 847 736 ab
873 674 1023 736 adorando
1053 674 1201 758 seiungat.

49 775 122 840 Nam
140 777 166 840 si
187 777 257 842 nibil
275 778 353 842 inter
380 778 453 841 baec
479 778 595 840 intersit
615 775 734 839 omniuo
756 772 926 840 Christiana
945 775 1049 862 religio
1067 776 1137 839 nibil
1155 796 1205 840 su·

50 901 97 964 pra
116 890 271 944 creaturae
288 891 481 945 veneratores
505 879 647 943 eximium
665 889 716 942 aut
735 877 887 942 excellens
911 878 1043 942 habitura
1064 891 1127 958 est,
1161 889 1206 942 at.-

50 1001 100 1065 que
117 981 261 1047 eiusmodi
279 981 352 1048 tides
371 981 536 1046 idololatria
562 981 765 1067 potiusquam
789 980 835 1044 dei
862 980 957 1044 cultus
978 1001 1045 1045 esse
1070 980 1205 1045 censebi-

51 1093 104 1148 tur.
150 1082 229 1149 Nam
247 1095 278 1148 et
291 1085 333 1149 illi
353 1085 465 1165 solem,
498 1085 615 1164 lunam,
646 1085 789 1162 virtutes,
824 1082 937 1146 coelum
963 1094 992 1146 et
1009 1094 1137 1163 terram,
1170 1105 1205 1148 ac

50 1197 161 1252 ceteras
175 1197 328 1252 creaturas
347 1188 482 1251 adorant.
527 1184 634 1272 Neque
653 1208 726 1253 vero
749 1195 913 1249 creatarum
931 1207 1029 1250 rerum
1049 1186 1205 1251 admirabi-

49 1289 81 1352 lis
98 1290 276 1354 excelientia
293 1287 494 1354 diversitatem
512 1289 598 1353 allert
615 1289 720 1368 ullam,
752 1307 847 1372 neque
871 1288 946 1372 quod
971 1288 1099 1352 eximiae
1117 1311 1205 1374 quae·

50 1393 110 1455 dam
125 1392 204 1471 sint,
239 1392 327 1456 ullam
349 1393 378 1455 in
400 1385 520 1456 honoris
545 1391 722 1477 aequalitate
748 1391 922 1456 varietatem
945 1391 1103 1470 inducent,
1138 1414 1202 1455 cum

49 1494 146 1558 eodem
166 1495 285 1560 nomine
303 1491 524 1569 contineantur,
548 1495 664 1558 tametsi
681 1515 767 1558 uuam
786 1493 871 1557 alteri
890 1493 987 1558 multis
1006 1493 1136 1580 partibus
1151 1515 1204 1557 an-

49 1597 173 1661 tecellat.
218 1595 398 1662 Unusenim
417 1597 527 1681 estqui
547 1607 670 1681 utraque
688 1596 805 1660 molitus
822 1606 884 1675 cst,
921 1606 950 1660 et
970 1596 1125 1682 unicuique
1145 1619 1203 1662 non

49 1700 191 1778 nominis,
228 1700 280 1763 sed
310 1699 493 1764 substantiae
524 1699 682 1763 discrimen
715 1697 858 1763 attribuit.
912 1695 1062 1784 Siquidem
1096 1701 1205 1764 creatis

49 1801 181 1868 omuibus
198 1803 286 1867 rebus
301 1823 359 1866 non
377 1802 522 1881 liberum,
555 1803 606 1865 sed
622 1802 731 1866 servile
750 1811 904 1865 creaturae
923 1823 1029 1866 nomeu
1052 1803 1204 1868 conuenit.

50 1903 91 1967 Ac
112 1905 190 1968 siin
212 1927 271 1970 uun
294 1925 406 1989 genere
431 1905 507 1990 quod
532 1904 650 1969 servilis
673 1903 849 1968 conditionis
873 1914 920 1968 est
943 1904 1100 1984 adoretur,
1135 1906 1205 1969 nibil
1330 1939 1335 1954 ·

50 2006 174 2071 obstabit
187 2028 244 2093 quo
261 2007 357 2072 minus
371 2005 496 2071 etalteri
513 2006 629 2091 generi,
654 2007 770 2070 tametsi
787 2006 911 2071 inferius
926 2007 980 2084 sit,
1006 2005 1137 2071 adoratio
1153 2007 1205 2071 tri-

50 2107 161 2173 buatur.
208 2110 343 2194 Aequale
369 2110 539 2195 quippeeat
560 2110 719 2194 quodcum
746 2107 908 2193 superioria
933 2109 1045 2173 ordinis
1069 2121 1204 2175 creatura

50 2211 251 2296 cognationem
277 2211 379 2290 babet,
414 2223 514 2297 utpote
536 2213 572 2275 dc
596 2211 687 2276 nibilo
712 2212 749 2277 ab
773 2233 809 2276 eo
833 2214 881 2296 qui
901 2224 946 2276 est
964 2223 1098 2276 naturam
1116 2210 1205 2275 eorti-

48 2323 113 2376 tun.
159 2311 239 2378 llioc
258 2325 289 2378 et
305 2312 467 2398 ingenitum
484 2315 539 2378 deu
555 2325 585 2378 et
603 2317 675 2379 deus
688 2315 819 2400 ingenito
837 2315 985 2399 congruit.
1032 2313 1133 2399 Quare
1152 2336 1204 2400 ge·

48 2414 130 2480 uitem
154 2416 289 2481 sobolem
313 2437 372 2480 nou
397 2437 470 2501 opus
497 2417 614 2502 aliquod
636 2417 778 2498 dicimus,
813 2429 863 2482 aut
886 2417 1021 2482 effectum
1045 2415 1202 2504 quioniam,

49 2506 93 2581 s‘ed
107 2517 259 2598 sobolem,
283 2518 458 2582 naturaliter
476 2541 493 2583 a
508 2531 593 2606 patre
610 2521 674 2584 sine
690 2520 754 2584 labe
771 2519 965 2607 progenitam,
991 2519 1121 2585 eiusdem
1139 2541 1204 2584 cum

48 2621 342 2704 patresubstantiae,
372 2641 407 2686 ac
424 2621 511 2687 simul
534 2621 730 2703 adorandam,
761 2625 895 2710 spiritum
920 2643 994 2688 vero
1011 2633 1143 2687 sanetum
1161 2621 1205 2698 ab

48 2722 91 2786 illo
108 2725 338 2810 procedentem,
362 2743 417 2786 uec
436 2723 582 2804 alienum,
607 2725 644 2789 ob
662 2726 749 2811 idque
769 2725 856 2790 simul
874 2726 1067 2790 adoraudum.
1114 2722 1205 2789 Cete-

49 2845 105 2889 rum
133 2827 182 2891 dei
211 2846 318 2890 nomen
339 2837 504 2891 creatarum
522 2848 620 2893 rerum
645 2827 716 2893 nulli
735 2828 923 2908 conceditur,
958 2849 995 2892 eo
1014 2828 1090 2912 quod
1110 2827 1146 2892 ab
1161 2828 1207 2891 iu-

49 2931 131 3010 geniti
150 2929 332 3016 proprietate
348 2929 513 3012 discrepet,
544 2930 679 3014 quoniam
697 2951 714 2996 e
729 2931 820 2996 nihilo
835 2941 867 2995 ut
882 2941 963 2996 esset
979 2931 1116 2996 obtinuit.
1161 2931 1206 2994 At

50 3030 159 3096 trinitas
182 3031 364 3117 sempiterna
387 3042 450 3106 est,
475 3052 531 3096 nec
553 3033 631 3097 aliod
660 3033 796 3118 quiddam
822 3035 894 3098 deus
919 3044 982 3114 eat,
1015 3033 1092 3098 aliud
1123 3033 1206 3117 inge·

50 3131 146 3198 nitouu

126 3233 169 3300 ll.
218 3234 268 3299 Tu
286 3257 359 3300 vero
377 3235 485 3317 lilium,
519 3237 607 3316 neri,
639 3237 789 3302 irridendo
814 3238 945 3319 scilicet,
978 3260 1037 3302 non
1059 3237 1206 3304 bonafide

52 3349 163 3422 epatre
190 3338 322 3423 genitum
351 3339 488 3402 affirmas.
544 3337 692 3425 Quicquid
718 3341 795 3404 enim
821 3341 952 3426 genitum
980 3352 1042 3416 est,
1074 3353 1206 3406 creatum

52 3454 189 3520 nonest,
222 3451 252 3504 ct
277 3440 412 3525 quicquid
437 3452 567 3506 creatum
593 3453 658 3523 est,
691 3464 749 3506 non
772 3454 819 3508 est
835 3443 977 3529 genitum.
1024 3441 1112 3528 Quod
1130 3444 1156 3508 si
1176 3445 1205 3508 id

53 3545 118 3623 quod
136 3544 272 3628 genitum
288 3553 419 3606 creatum
438 3543 526 3609 etiam
544 3555 608 3624 est,
634 3557 765 3610 creatum
784 3547 842 3610 alio
860 3546 947 3610 modo
965 3545 1081 3612 dicitur.
1127 3545 1205 3611 Nam

53 3646 173 3732 exempli
198 3647 294 3730 gratia
316 3646 449 3710 bomines
474 3647 599 3732 gignunt
616 3647 769 3728 homines,
803 3670 861 3712 non
885 3660 1005 3728 creant,
1037 3651 1089 3713 aed
1106 3649 1206 3712 olima

54 3743 100 3810 deo
115 3749 211 3814 creati
230 3759 310 3813 sont.
357 3744 458 3831 Quare
475 3771 550 3834 quae
569 3751 746 3836 gignuntur,
778 3751 815 3814 ab
830 3751 889 3816 illis
906 3753 1083 3838 gignuntur,
1114 3751 1206 3814 adeo

54 3865 116 3912 vero
135 3852 279 3916 universa
296 3861 395 3915 creata
411 3860 491 3916 sunt.
538 3849 598 3917 Sed
614 3873 680 3917 eum
700 3853 772 3918 deus
793 3852 944 3918 increatus
961 3854 1016 3933 sit,
1048 3873 1082 3916 ac
1098 3852 1153 3916 sibi
1174 3854 1207 3917 ll·

55 3945 112 4014 lium
127 3965 273 4036 generet,
307 3975 365 4018 noo
391 3966 544 4039 procreet,
580 3977 638 4020 noo
656 3977 722 4020 eum
745 3955 841 4040 gignit
858 3956 894 4019 ab
913 3955 1076 4020 substantia
1094 3976 1147 4020 sua
1163 3956 1207 4019 di-

55 4069 176 4120 rersum.
225 4053 373 4139 Quocirca
399 4057 502 4122 fierine
519 4068 617 4143 potest
634 4069 666 4123 nt
685 4058 760 4142 quod
783 4057 819 4121 ab
842 4059 906 4144 ipso
927 4057 1056 4142 gignitur
1076 4068 1207 4124 creatum

56 4152 102 4235 sit,
131 4181 199 4222 cum
221 4159 372 4224 increatus
387 4157 426 4223 sit
442 4159 544 4246 pater?
587 4157 665 4224 Nam
685 4160 711 4222 si
730 4172 847 4225 creatus
870 4170 917 4225 est
941 4161 990 4245 qui
1015 4161 1088 4246 apud
1112 4159 1206 4248 ipsum

57 4269 95 4320 est
116 4261 255 4343 genitus,
292 4283 350 4326 nou
376 4262 521 4347 estquod
546 4263 670 4350 amplius
694 4262 812 4346 genitum
841 4261 966 4326 dicatur.
1019 4259 1116 4329 Multa
1139 4274 1208 4330 sunt

57 4379 121 4440 quae
137 4365 282 4432 adversus
300 4375 358 4428 tam
378 4363 533 4430 absurdam
553 4365 720 4451 opinionem
739 4364 881 4450 disputari
904 4375 1037 4452 possunt.
1083 4364 1143 4433 Sed
1162 4368 1209 4432 iu·
