3060 5026
291 297 428 351 ιιιιιιιι
446 297 714 352 arcontocoru.
732 297 832 350 nara.
850 297 984 350 nxxvu.
1152 283 1214 352 aaa

69 419 149 504 igitur
170 417 273 483 iisdem
293 427 377 482 erant
400 417 552 482 nobiscum
575 416 779 484 allectionibus
800 416 942 482 obnoxiil
983 413 1096 482 Verum
1117 415 1215 480 omnia

68 543 98 588 sc
114 542 198 607 posse
222 540 381 607 persone,
412 519 534 604 fierique
553 519 645 606 ipsius
668 531 759 599 notu,
791 520 840 585 vel
862 541 920 584 non
940 519 1005 584 lieri
1028 539 1116 603 posse
1144 519 1216 582 deus

69 625 218 690 ostendere
238 622 343 688 voluit.
387 621 434 686 Aa
456 643 493 686 ue
513 621 650 688 fortassis
672 622 761 706 aliqui
785 622 978 708 obstupenda
999 621 1049 686 illa
1071 619 1214 706 prodigia,

69 747 135 812 quae
162 725 192 789 in
216 725 333 790 illorum
353 725 477 810 gratiam
503 725 592 787 adeo
609 725 685 787 lacta
703 725 837 804 luerent,
870 723 993 811 amplius
1010 723 1143 808 quiddam
1163 722 1217 788 ltu-
1281 775 1286 784 ,

68 850 147 892 mana
173 828 341 892 conditione
366 825 395 890 in
422 825 480 890 illis
504 825 640 890 extitisse
667 827 819 906 crederet,
851 837 883 890 ut
906 826 973 891 lruic
996 827 1091 890 errori
1114 835 1217 889 nostra

67 952 163 996 caussa
181 930 368 1008 consuleret,
392 927 538 1015 scriptura
552 949 637 994 sacra
653 929 696 992 sic
712 929 869 1014 praecipit:
899 931 1009 992 Habeat
1027 933 1369 1011 campumquememn,1r

64 1038 196 1115 paarllrrm
210 1036 335 1116 ferroum
352 1037 381 1094 a'rr
397 1051 472 1094 aona
488 1052 558 1106 saro,
583 1043 617 1094 eet
627 1053 689 1092 cum
706 1036 735 1094 ia
750 1033 846 1114 aliquo
862 1033 923 1094 loco
939 1035 1087 1107 desederit,
1103 1033 1213 1116 sordeat,

67 1149 92 1201 et
103 1148 211 1200 sternas
221 1157 305 1198 suam
322 1139 449 1216 operator.-
480 1137 610 1217 qnom'am
622 1137 745 1216 populus
764 1145 880 1196 roacare
897 1139 965 1196 estr's
981 1146 1010 1196 et
1024 1137 1152 1196 dommus
1166 1135 1217 1195 da-

68 1240 134 1302 bitat
145 1245 174 1302 ia
191 1242 281 1301 media
296 1249 465 1300 castrorum.
513 1232 608 1319 Quum
634 1235 662 1299 in
678 1257 738 1300 rem
756 1233 887 1302 Hebraei
904 1237 1047 1322 quandam
1063 1233 1216 1300 historiam

66 1351 304 1420 commemorant,
339 1339 462 1423 liguram
489 1336 567 1420 illam
590 1359 625 1402 aa
653 1349 752 1424 typum
779 1337 928 1423 aliquanto
956 1339 1096 1424 temporis
1121 1336 1216 1421 spatio

65 1463 287 1528 perseverasse,
317 1442 453 1526 quamdiu
478 1441 551 1504 deus
575 1440 603 1504 in
631 1441 675 1506 his
702 1440 757 1505 hoo
780 1439 943 1524 prodigium
970 1441 1086 1506 efficere
1108 1439 1214 1505 voluit.

66 1547 108 1612 Ao
123 1547 191 1611 lieet
209 1544 346 1610 carnibus
364 1554 395 1608 et
413 1543 612 1608 coturnicibus
631 1552 840 1623 vescerentur,
872 1564 1019 1627 nunquam
1041 1553 1140 1608 mmen
1165 1561 1218 1626 per

66 1648 128 1714 illud
152 1658 265 1734 tempus
288 1645 432 1711 eiusmodi
455 1655 577 1710 naturae
600 1647 792 1711 necessitates
815 1655 957 1731 expertos
978 1645 1045 1710 illos
1068 1645 1172 1710 luisse.
1286 1725 1292 1740 Ι

144 1749 209 1816 lam
232 1770 305 1814 vero
329 1749 353 1814 si
373 1769 388 1812 a
407 1745 525 1814 ludaeis
553 1748 588 1812 ad
609 1748 750 1812 maiorum
775 1769 895 1814 snorum
915 1749 1005 1816 decus
1027 1759 1058 1812 et
1078 1748 1215 1834 gloriam,
1267 1768 1328 1836 cap.

66 1852 108 1917 rel
133 1855 168 1916 ad
192 1853 334 1937 gratiam,
366 1849 423 1916 ista
447 1851 611 1935 linguntur,
642 1851 688 1914 vel
714 1872 753 1916 ex
777 1852 821 1915 rei
845 1853 970 1916 veritato
994 1851 1212 1937 praedicantur,
1247 1837 1331 1892 ml·

67 1975 233 2039 quamquam
249 1954 382 2019 homines
401 1953 467 2018 illos
486 1952 578 2018 luisse
597 1972 720 2037 quorum
734 1953 885 2036 dignitatis
902 1953 1096 2040 patrocinium
1114 1973 1216 2018 susce·

65 2068 185 2141 parunt,
210 2068 241 2121 et
255 2055 478 2141 corruptibiles,
503 2076 563 2118 non
579 2055 651 2118 deos
667 2056 719 2119 sed
739 2076 778 2119 ex
795 2077 883 2122 carne
900 2057 1042 2142 sanguine
1061 2056 1218 2140 animaque

68 2161 241 2246 compositos
262 2158 399 2224 extitisse
419 2179 477 2220 non
501 2157 683 2236 dubitemus,
717 2159 782 2243 quis
804 2169 862 2222 tam
888 2159 1000 2224 atrocia
1022 2169 1052 2222 et
1071 2157 1218 2222 horrenda

66 2263 97 2326 de
111 2260 234 2328 Christo
250 2262 356 2345 deique
369 2260 462 2325 verbo
477 2259 599 2324 coelitus
613 2259 724 2345 allapso
739 2278 774 2324 ae
788 2261 823 2326 de
837 2261 965 2346 gloriosa
981 2279 1110 2345 veraque
1125 2259 1217 2346 ipsius

64 2365 264 2430 incarnatione
287 2361 389 2428 iactari
407 2361 516 2428 abillis
535 2361 681 2447 patienter
698 2363 815 2426 audiatl
859 2361 925 2446 Qua
942 2365 1056 2449 quidem
1073 2363 1104 2426 in
1121 2361 1219 2426 iocar-

65 2469 179 2533 natione
206 2467 293 2546 illud,
325 2466 400 2552 quod
426 2465 533 2530 dietum
559 2475 623 2544 est,
656 2464 805 2551 implevit,
839 2469 973 2530 Tantalus
992 2489 1046 2549 per
1069 2469 1161 2528 amaria
1186 2477 1369 2539 adnotasse

63 2573 157 2646 loma,
188 2573 294 2653 adaque
311 2581 440 2651 peceato.
486 2563 606 2631 Etenim
629 2566 697 2631 lieet
719 2579 822 2634 nostra
845 2589 935 2632 carne
959 2568 1108 2654 praeditus
1127 2570 1215 2646 loret,

64 2685 174 2756 poterut
196 2671 386 2738 nihilominus
412 2671 459 2734 illa
482 2669 563 2755 ipsa,
597 2690 671 2753 quae
686 2691 703 2734 a
720 2671 805 2736 nobis
823 2670 966 2736 habentur
982 2671 1062 2749 vilia,
1087 2680 1219 2757 praeter·

63 2775 194 2854 mittere,
227 2796 320 2860 eaque
335 2784 488 2860 praestare
510 2773 622 2850 solum,
656 2772 917 2857 quaelaoaestiora
940 2793 974 2838 ao
993 2773 1109 2838 divinae
1128 2773 1219 2837 maia-

63 2879 124 2941 stati
147 2901 279 2964 congrua
307 2877 499 2953 videbantur,
531 2886 631 2959 utpote
657 2896 711 2961 per
735 2895 820 2960 qoem
845 2887 876 2940 et
898 2873 1098 2942 lsradlitarum
1120 2874 1218 2962 capilli

63 2999 116 3044 noo
141 2981 352 3058 excreverint,
385 2998 439 3042 nec
458 2998 559 3042 eorum
577 2980 752 3042 vestimenta
770 2979 874 3044 sordes
889 2978 1109 3059 contraxerintq
1144 2999 1218 3064 quac

63 3085 173 3163 omnia,
198 3084 224 3148 si
242 3082 391 3146 traditioni
408 3081 574 3159 credimus,
598 3079 654 3144 illis
670 3081 851 3152 acciderunt.
898 3079 984 3164 Quod
1001 3092 1097 3146 auteur
1118 3093 1218 3148 vestes

63 3184 208 3252 lominum
231 3186 364 3250 nonoribus
391 3193 549 3247 contextas
569 3179 707 3246 Christus
727 3183 877 3261 habuerit,
910 3195 996 3251 aratra
1015 3206 1130 3248 omnem
1149 3205 1219 3247 eon·

62 3291 235 3354 troversiam
259 3283 323 3351 est(
359 3291 467 3350 Partiri
485 3297 554 3347 suat
574 3289 646 3346 entia
671 3291 931 3376 vestimentorius,
961 3299 989 3348 et
1009 3309 1094 3367 saper
1110 3299 1212 3352 certem
1251 3285 1331 3333 1⁰⁸¹*

61 3396 271 3456 ammiserant
287 3402 400 3452 sortem.
449 3386 534 3472 Quod
551 3387 576 3448 si
591 3386 737 3453 lominum
754 3389 879 3453 artilicio
895 3389 988 3452 vastis
1003 3399 1067 3452 erat
1080 3389 1127 3454 illa
1142 3410 1214 3454 eon·
1252 3339 1331 3437 ”ltu

61 3495 151 3574 leata,
186 3494 287 3578 utique
303 3513 319 3555 n
338 3492 405 3555 lana
425 3490 543 3574 linoque
563 3499 708 3552 ,corutexra
725 3489 834 3554 luerat.
880 3487 965 3574 Quae
984 3503 1082 3556 autem
1100 3513 1140 3558 err
1157 3492 1217 3556 lino
1247 3443 1335 3552 qqqrpp

60 3607 157 3662 essent
186 3597 293 3660 latrare
316 3596 411 3670 lacta,
442 3593 548 3679 opinor
565 3591 660 3656 anime
679 3613 712 3654 ac
729 3612 820 3656 sensu
842 3595 994 3659 carebant.
1041 3591 1152 3659 Verum
1170 3593 1218 3660 ubi

61 3697 220 3765 divinitatis
235 3719 307 3764 suae
324 3695 484 3783 potentiam
499 3695 628 3758 iudicare
648 3693 742 3760 visum
759 3706 822 3775 est,
854 3699 1063 3763 transdormato
1081 3715 1216 3783 corpore,

60 3804 168 3866 Fare'em
194 3825 275 3866 suam
297 3804 367 3863 solrir
388 3805 483 3863 metor
501 3801 708 3879 splendentem,
740 3821 776 3862 ae
798 3806 961 3863 arctamenta
976 3821 1029 3862 sna
1049 3803 1123 3862 aium
1143 3821 1219 3862 mare

60 3909 208 3968 nammatio
230 3907 405 3966 monstrauit.
452 3899 534 3966 Nihil
553 3911 599 3965 est
615 3902 692 3965 enim
711 3923 769 3966 non
789 3903 970 3990 praepotenti
991 3903 1046 3965 deo
1066 3901 1216 3987 possibile,

61 4017 89 4068 ut
110 4009 156 4072 rel
180 4027 217 4072 ea
245 4025 378 4090 quoque,
410 4025 484 4090 quae
508 4025 598 4068 sensu
623 4026 658 4068 ao
682 4007 785 4092 spiritu
815 4016 953 4082 careant,
985 4014 1151 4082 momento,
1183 4025 1218 4070 ac

61 4122 177 4194 praeter
202 4129 317 4173 omnem
339 4107 573 4192 expectationem
591 4107 621 4171 in
639 4107 761 4192 gloriam
780 4108 873 4194 possit
888 4107 1132 4192 splendoremque
1148 4127 1218 4170 con·

60 4224 189 4276 vertere.
238 4211 488 4296 Quemadmodum
511 4209 542 4272 in
562 4207 677 4295 Moysis
702 4210 804 4293 virga,
840 4220 869 4271 et
886 4205 1084 4272 lsraelitarum
1103 4209 1218 4272 calcea·

60 4317 163 4378 meotis
186 4315 328 4378 ostendit.
374 4309 428 4376 Est
451 4313 527 4378 enim
552 4314 626 4398 apud
653 4332 754 4376 onrnes
773 4311 800 4374 in
819 4313 956 4376 confesso
982 4311 1131 4397 apostolos
1149 4333 1217 4378 sao-

58 4484 92 4536 tia
108 4503 138 4538 aa
160 4485 247 4537 inania
270 4483 303 4536 ad
320 4481 423 4552 gloriam
439 4500 469 4534 ec
486 4483 625 4534 claritatem
659 4479 732 4544 θίξιν,
750 4477 866 4546 loaml‘rl,
878 4480 913 4537 66
927 4489 949 4536 tl
963 4481 1004 4540 69.
1018 4487 1159 4551 rtmpttetua
1170 4478 1217 4542 dod

59 4563 219 4610 mnrmutet.
255 4555 377 4618 Haedi,
391 4558 412 4606 l.
431 4555 493 4606 dicit
506 4548 556 4607 dad
567 4552 626 4622 μίαν
659 4549 722 4618 ilino
731 4589 740 4615 ,
758 4554 793 4604 oti
808 4553 830 4604 to
846 4553 863 4602 l.
