3042 5016
338 323 403 390 324
765 333 888 385 sANch
905 332 1077 390 τοῐεοιωιι
1101 293 1106 304 ”

338 451 372 519 τό
389 449 468 528 είδος
491 451 542 518 καί
561 447 597 516 τά
614 448 708 533 πάχη,
738 455 767 516 τί
782 447 816 516 τδ
832 447 924 534 άκρον
945 457 1004 514 τῶν
1022 446 1101 527 άνω,
1131 451 1159 512 τί
1175 445 1209 513 τό
1224 447 1319 532 τέρμα
1338 454 1398 514 τῶν
1412 445 1491 526 κάτα,

339 560 367 622 τί
383 557 415 621 έν
430 558 527 643 δεξιᾷ,
550 558 577 619 τί
594 555 625 619 έν
639 549 821 636 εὐωνύμοις,
844 560 897 636 τῆς
915 556 1036 626 κτίσεως
1050 558 1103 634 τῆς
1118 552 1227 616 ἑαυτοῦ
1242 549 1379 626 πλάσεως
1389 547 1425 616 τό
1441 549 1492 632 fin}

339 685 437 744 γημα,
467 664 528 723 τόν
547 658 596 722 ἐπί
623 663 720 742 18γῆς
737 652 903 738 άμυθητων
918 652 971 720 τόν
988 652 1123 739 άριθμδν
1138 662 1189 720 καί
1205 651 1240 718 τά
1256 653 1365 738 μέτρα,
1402 659 1492 718 19λοι-

339 758 399 826 πόν
416 767 510 826 ταῦτα
522 757 670 843 ἥκουσαν,
703 755 744 834 τίς
760 755 928 841 ἠκούσαμεν
941 755 1022 844 παρά
1039 763 1098 822 τῶν
1115 753 1166 822 ῦπ’
1180 752 1274 822 αῦτοῦ
1292 756 1493 840 ἠπατημένον,

339 865 382 939 εἰς
407 860 583 944 σοφιστικός
606 858 774 948 προφάσεις
797 863 1041 948 παρεκκλίναντες
1066 861 1215 947 εἰρωνείᾳ,
1244 857 1352 926 λοιπόν
1369 862 1493 946 λέγοισιι

339 963 391 1032 άπ’
408 968 522 1032 ἐκείνου
548 962 754 1048 μεμαθηκότες
771 961 818 1029 ότι
842 961 939 1028 πάντα
963 968 1057 1027 ταῦτα
1075 958 1112 1026 τά
1139 959 1292 1044 σωματικαὶ
1320 965 1423 1028 ’θκαί
1445 966 1493 1028 ἔστι

338 1070 391 1134 καί
406 1066 443 1134 οῦ
458 1065 617 1151 δυνάμεθα
631 1068 749 1132 εἰδέναι.
799 1062 856 1130 Τόν
871 1061 945 1131 θεόν
961 1065 993 1130 δέ
1008 1062 1061 1130 τόν
1075 1061 1151 1129 αόιά
1173 1062 1359 1146 πεποιηκότα
1384 1069 1494 1146 οἴδαμεν

339 1177 445 1252 σαφοῦς
463 1168 644 1247 Ὴποταπός
663 1172 721 1236 έστι
741 1170 792 1235 καί
809 1174 874 1244 πῶς
891 1168 1018 1234 ἐστικαὶ
1042 1163 1109 1243 οίός
1124 1169 1185 1233 ἐστι
1202 1169 1253 1232 καί
1269 1171 1314 1243 τίς
1331 1169 1405 1234 ἐστι.
1453 1171 1493 1242 Τις

339 1275 372 1341 δέ
387 1271 519 1351 όκοόσας
534 1280 626 1338 ταῦτα
643 1271 701 1338 οῦκ
719 1269 756 1337 δν
773 1268 992 1356 καταγελάσειεν
1015 1266 1124 1348 εὐθύς,
1169 1268 1294 1353 Εῦηθες
1313 1268 1372 1357 γάρ
1392 1274 1454 1337 έστι
1469 1269 1494 1334 τί

339 1375 410 1444 όλον
432 1376 479 1442 ότι
500 1373 552 1443 τόν
576 1379 707 1460 τεχνίτην
722 1376 774 1439 καί
797 1372 977 1460 άσιίγκριτον
998 1373 1051 1437 καὶ
1070 1372 1282 1458 άνεκδιήγητον
1302 1375 1381 1459 λέγει
1397 1376 1496 1438 εἰδέναι

338 1482 390 1546 καί
411 1477 610 1567 ἠκριβωκέναι
634 1480 697 1556 (καί
719 1480 784 1542 ε’ίθε
805 1479 883 1561 έλεγε
903 1481 940 1565 τῇ
965 1479 1059 1540 πίστει
1081 1477 1190 1542 εἰδέναι
1212 1477 1264 1541 καί
1285 1473 1495 1561 ἠκριβωκέναι·

339 1580 410 1648 άλλά
428 1582 469 1664 μὴ
488 1581 562 1648 κατά
579 1585 691 1665 είδηοίν
714 1607 782 1646 τινα
805 1578 1009 1662 ψηλαφήσιως
1033 1576 1141 1660 ἐτόλμα
1164 1580 1215 1644 καί
1236 1585 1364 1662 τολμῶσι
1391 1582 1497 1664 λέγειν),

339 1682 375 1750 τά
395 1685 428 1750 δὲ
444 1681 494 1750 ὕπ’
512 1685 607 1751 αὐτοῦ
626 1683 768 1770 γενόμενα
789 1689 843 1747 τοῦ
857 1678 1037 1766 άσυγκρίτου
1056 1680 1106 1746 διά
1122 1678 1156 1747 τό
1172 1679 1247 1746 κατά
1265 1681 1298 1746 τό
1317 1678 1402 1758 είδος
1417 1679 1496 1747 δυνά-

339 1813 414 1871 μενα
430 1785 512 1875 παρά
527 1794 588 1854 τῶν
604 1784 744 1874 όριόντων
765 1781 1050 1870 ῦπερθαυμάζεοθαι
1070 1783 1195 1866 φάσκειν
1214 1780 1306 1850 αῦτόν
1321 1809 1353 1850 τε
1368 1787 1423 1850 καὶ
1440 1783 1497 1858 τοῦς

339 1889 434 1957 αῦτοῦ
452 1888 493 1974 μὴ
509 1891 625 1971 εἰδέναι,
648 1889 770 1972 μάλιστα
786 1887 882 1970 πάντη
897 1894 957 1954 τοῦν
972 1891 1066 1953 θείων
1081 1894 1207 1974 γραφῶν
1221 1896 1327 1969 σαφοῦς
1341 1891 1414 1974 περὶ
1432 1891 1496 1952 θεοῦ

337 2001 549 2082 κηρυττουσοῦν
561 1990 594 2058 τό
610 1991 741 2078 ιἰόρατον
757 1987 848 2056 αῦτδν
864 1987 950 2071 εἶναι,
972 1993 1022 2056 καί
1036 1989 1256 2074 ἀκατάληπτον,
1278 1993 1329 2056 καλ
1343 1988 1495 2074 άπερινόη·

338 2123 406 2176 τον,
435 2096 530 2180 μόνον
547 2097 584 2162 δέ
594 2099 690 2160 πίστει
704 2097 736 2160 έν
758 2093 885 2182 διληθείιγ
907 2092 1123 2179 γινωσκόμενον
1145 2092 1191 2160 δτι
1205 2097 1266 2160 έστι
1280 2095 1333 2159 καλ
1349 2104 1415 2172 τοῖς
1435 2091 1495 2178 άγι·

338 2207 435 2268 πεῦσιν
456 2197 549 2267 αῦτδν
571 2197 798 2284 μισθαποδότης
819 2201 938 2284 γίνεται.

415 2611 511 2677 Ὅταν
524 2611 557 2676 δέ
571 2635 616 2687 τις
631 2610 735 2685 αὐτοῖς
750 2613 820 2700 είπη
836 2615 896 2676 τῦν
912 2605 1017 2695 όρθεῦς
1037 2611 1105 2694 περί
1125 2616 1203 2674 θεοῦ
1221 2607 1313 2692 δόξης
1328 2607 1457 2684 πίστεάς
1472 2631 1496 2670 τε

339 2717 391 2783 καί
413 2713 534 2801 άγοίπης
554 2715 605 2779 καί
630 2710 839 2794 άκαταληψίας
862 2710 1045 2790 δοξαζόντων
1070 2711 1131 2791 δτι,
1161 2708 1260 2794 Ἡμεῖς
1283 2715 1411 2794 οίδαμεν
1430 2707 1495 2776 θεόν

339 2817 562 2900 ἀκατάληπτον,
583 2815 660 2882 θεόν
677 2813 823 2901 άόρατον,
846 2811 1076 2900 άνεκδιήγητον,
1099 2817 1222 2906 οἴδαμεν
1240 2816 1272 2881 δέ
1288 2813 1385 2881 αότδν
1403 2814 1494 2892 ὄντος,

339 2918 411 2988 όντοι
427 2920 460 2986 δέ
475 2917 604 3004 άόρατον
622 2920 674 2982 καὶ
693 2917 917 3001 ἀκατάληπτον,
948 2919 1212 2999 ίπιοκωμματικοῦς
1228 2921 1281 2984 καλ
1296 2925 1432 2995 κωτίλος
1446 2929 1494 2983 λοι-

339 3020 399 3090 πόν
416 3019 457 3100 οἷς
480 3021 581 3105 μόθον
601 3019 669 3086 τινά
691 3019 886 3106 διηγούμενος
909 3019 1066 3104 έτόλμησεν
1087 3012 1175 3096 οὗτος
1198 3018 1289 3104 ότην
1309 3020 1422 3106 καινὴν
1442 3025 1494 3085 διο

338 3123 476 3209 λεκτικόν
497 3121 570 3208 ἡμῖν
593 3125 709 3209 φέρων,
745 3127 810 3188 Τίνι
831 3113 888 3187 οῦν
909 3125 1039 3201 ἐοίκατε,
1062 3125 1113 3190 καί
1127 3121 1148 3207 η’
1162 3120 1376 3205 ῦμοῦνπίστιςς
1423 3131 1495 3205 Περ·

338 3230 421 3318 θένω
437 3232 604 3317 φθαρείση,
634 3225 710 3314 οῦση
732 3226 764 3291 δέ
782 3231 879 3315 τυφλῇ
900 3227 953 3289 καί
972 3233 1064 3315 κωφῇ
1082 3226 1133 3291 καί
1155 3223 1270 3316 άλάλρι,
1299 3227 1368 3311 ἥτις
1388 3225 1494 3308 ὅτιμὲν

218 3355 270 3404 τις.
282 3342 328 3390 0⁰1·
341 3333 516 3418 πίφθαρται
540 3338 614 3396 πᾶσι
629 3331 744 3412 πέφηνε
761 3338 824 3404 τοῖς
846 3325 941 3411 αὐτὴν
963 3328 1163 3413 γινώσκουσιν.
1201 3329 1402 3415 Ἐρωτωμένη
1415 3329 1446 3395 δὲ
1460 3334 1495 3402 τίς

340 3432 358 3502 ό
375 3431 512 3520 φθορεῦς
525 3430 581 3500 οῦκ
595 3428 718 3512 άκοιίει,
740 3434 790 3496 ίνα
805 3428 905 3521 μάθη,
927 3433 978 3497 καί
995 3429 1062 3497 οῦτε
1077 3431 1190 3515 ἑόρακε
1208 3429 1262 3497 τόν
1278 3437 1493 3518 ’ῑφθάροπη

340 3536 390 3604 διά
413 3536 447 3602 τδ
474 3543 699 3617 τετυφλοῦοθαι,
731 3532 799 3600 οῦτε
822 3531 997 3620 άπαγγεῖλαι
1019 3533 1159 3613 δόναται,
1188 3531 1239 3600 διά
1255 3533 1290 3601 τό
1307 3533 1430 3601 άλιιλον·
1461 3529 1495 3606 οἱς

340 3637 416 3706 τίνοι
432 3636 638 3723 άντιοτρόφως
658 3633 736 3724 πρός
750 3635 843 3702 αὐτόν
863 3638 915 3702 καί
936 3635 989 3702 τόν
1010 3635 1103 3704 αὐτοῦ
1118 3644 1221 3719 μῦθον
1237 3636 1316 3703 κατά
1331 3637 1366 3704 τό
1382 3663 1495 3724 γεγραμ-

340 3743 447 3826 μένον,
472 3739 706 3826 ΗἘπιστρίηιει
719 3735 738 3804 ό
753 3737 847 3815 πόνος
863 3735 958 3804 αῦτοῦ
970 3743 1012 3816 είς
1027 3737 1159 3822 κεφαλὴν
1175 3738 1279 3820 αῦτοῦ,
1300 3743 1353 3808 καὶ
1372 3744 1495 3826 έμπεσεῐ-

339 3871 388 3911 ται
403 3847 446 3920 είς
460 3842 578 3930 βόθρον
593 3842 629 3909 δν
642 3842 805 3928 εἰργάσατο,
826 3844 879 3908 καί
894 3839 931 3908 τά
947 3841 1064 3918 τούτοις
1080 3840 1178 3925 ὅμοια.
1221 3841 1324 3920 Λῦτδς
1346 3842 1405 3931 γάρ
1427 3847 1496 3908 έοιτε

340 3954 442 4034 τυφλῷ
462 3948 494 4014 ίκ
509 3953 627 4033 γενετῆς
641 3945 719 4012 οὕτω
738 3947 951 4035 γεγεννημένῳ,
974 3951 1108 4012 λαλοῦντι
1124 3947 1169 4027 δί,
1194 3949 1247 4013 καί
1260 3946 1354 4014 πολλοὶ
1368 3953 1495 4012 λαλοῦντι

339 4051 391 4115 καί
410 4046 566 4129 άκοῦοντι,
588 4050 640 4114 καί
658 4047 751 4114 εἰδότι
767 4049 819 4132 μὲν
833 4056 941 4116 λευκοῦ
955 4047 988 4114 τό
1005 4047 1118 4132 όνομα,
1149 4051 1200 4115 καλ
1217 4051 1358 4132 μέλανος,
1387 4051 1495 4116 κυανοῦ

338 4175 370 4218 τε
393 4154 446 4219 καί
470 4156 616 4240 πρασίνου
640 4152 692 4218 καί
716 4157 852 4237 πυρροῦ,
882 4152 933 4216 καί
957 4159 1017 4218 τοῦν
1040 4150 1135 4218 άλλων
1158 4152 1316 4240 διαφόρων
1336 4152 1494 4238 ὀνομάτων,

376 4324 414 4378 18.
433 4326 484 4393 γῆς
497 4331 579 4390 scripti
593 4330 654 4377 libri.
687 4328 737 4394 τῆς
749 4329 801 4393 γῆς
816 4327 880 4376 editi.
940 4345 1003 4389 οας,
1029 4331 1064 4378 uu
1086 4331 1170 4392 λιςίλιιτ
1192 4332 1265 4379 etium
1289 4333 1314 4380 ίιι
1339 4329 1391 4379 cod
1415 4327 1496 4382 Ρσπὶη

377 4391 416 4444 19.
434 4397 589 4446 scribendum
607 4397 704 4458 sortasse
720 4396 745 4448 εί
759 4411 806 4448 που
823 4395 905 4448 ταῦτα
937 4402 991 4447 rente
1005 4397 1111 4460 Ριίουίο,
1127 4399 1169 4460 φοί
1184 4401 1280 4448 coniecit
1295 4393 1378 4450 λοιπδι
1395 4391 1429 4454 τίς
1440 4393 1496 4444 τεῦ·

339 4452 461 4546 ᾔκουοαν.
495 4466 560 4515 Εδίίί
581 4467 692 4526 praebent
716 4463 800 4516 λοιπόν
823 4463 905 4516 ταῦτα
937 4482 970 4518 τα
989 4458 1110 4530 ἤκουσαν.
1137 4493 1171 4506 -
1211 4469 1260 4517 Ρτο
1282 4462 1325 4518 τόν
1349 4460 1454 4531 ἀριθμόν
1473 4465 1494 4508 in

339 4545 461 4592 ηκουοοιν.
498 4533 553 4582 οοιλ.
570 4533 616 4583 len.
634 4527 717 4584 λοιπόν
732 4533 813 4584 ταῦτα
826 4525 903 4594 η’κου-
935 4536 1126 4596 praecedentibus
1140 4536 1190 4585 cod.
1208 4537 1255 4585 λιιι.
1277 4535 1346 4584 habet
1365 4533 1415 4586 τοῖν
1427 4525 1495 4598 ipe·-

342 4596 399 4659 σθ),
415 4599 574 4663 τοδίῐλιδίρ.
588 4596 671 4654 ’λοιπόν
685 4595 718 4654 τά
729 4597 812 4653 πάντα
825 4595 903 4666 ἤκου-
937 4599 1000 4669 μδν,
1017 4605 1067 4654 οοιλ
1088 4605 1186 4668 Ιθιιθῐφ.
1205 4602 1257 4655 τῶν
1273 4597 1398 4670 ἀριθμῶν.
