3042 5016
322 274 460 327 ranamr
476 274 596 329 amna.
613 273 697 326 nom.
709 274 728 326 t.
742 272 843 326 usna.
860 231 979 323 naxia.
1160 256 1224 322 '301

74 394 204 479 ingenita
225 393 395 480 hypostasis
416 395 598 473 declaratur,
630 413 704 478 quae
729 413 799 479 prae
821 390 899 456 amai
923 410 1093 455 caussarum
1118 409 1229 474 genere

73 495 307 561 immutabilitate
331 498 370 560 sit
394 497 543 581 praedita,
578 497 679 562 eadem
702 515 755 581 per
777 515 845 560 sesa
861 493 1023 559 substantia
1045 492 1229 576 incompara-

72 600 140 664 biiis
158 611 221 678 est,
252 619 310 662 non
335 599 417 664 velut
442 600 629 663 extrinsecus
653 598 792 662 adscitam
818 596 986 682 qualitatem
1005 593 1082 658 iliam
1106 615 1176 680 prae
1197 614 1231 658 se

73 704 194 781 tereus,
227 701 298 766 nibil
316 713 353 766 nt
377 702 521 787 adipsum
545 702 638 787 possit
653 702 812 775 neoedere,
844 699 896 764 sed
920 697 948 762 id
967 717 1006 762 era
1023 717 1090 760 sese
1106 697 1228 776 babeas,

73 804 116 868 uti
134 803 205 869 nibil
222 825 287 869 oum
310 804 375 890 ipsa
397 803 543 884 conferri,
577 815 625 868 aut
646 804 681 867 ad
698 823 762 867 eam
788 803 931 866 aonedere
950 800 1053 886 possit.
1100 797 1185 866 Unde
1202 811 1234 864 et

71 927 127 993 per
148 917 244 972 semet
266 916 313 972 est
333 907 474 991 ingenita.
1048 943 1051 950 ·

160 1007 282 1074 Coniut.
301 1005 428 1074 XXiX.
474 1005 555 1072 idem
570 1029 675 1073 saxum
691 1017 832 1092 perpetuo
847 1006 939 1071 votuit
955 1006 1079 1085 Attius,
1103 1015 1167 1069 uta
1184 1025 1229 1070 nae

71 1111 193 1198 saepius
211 1123 256 1176 est
272 1111 398 1190 dietum,
432 1131 527 1197 neque
549 1111 701 1196 quiequam
721 1109 798 1174 atiud
816 1109 871 1174 uisi
888 1108 1017 1172 laborem
1042 1108 1126 1173 nobis
1146 1108 1233 1174 affert

72 1236 108 1279 ao
127 1215 265 1278 taedium.
314 1211 511 1297 Quamobrem
537 1212 624 1276 etiam
650 1212 706 1278 boo
722 1212 788 1276 loeo
812 1233 920 1276 novom
942 1211 1084 1296 quendam
1101 1211 1231 1278 laborem

72 1316 203 1382 adiioera
220 1315 369 1402 ungimur,
395 1317 556 1401 eademque
573 1325 720 1400 repetere,
744 1314 975 1400 quandoquidem
989 1315 1029 1378 ita
1047 1314 1089 1378 itti
1103 1315 1229 1378 videtur.

71 1417 170 1504 igitur
186 1419 257 1484 lieet
280 1419 402 1502 ingeniti
425 1418 587 1484 substantia
611 1417 758 1501 ingenita,
791 1418 867 1480 unde
885 1416 1025 1501 prodacta
1040 1427 1104 1498 est,
1129 1426 1232 1490 natura

71 1522 278 1606 signiboetur‚
314 1519 385 1584 uibit
409 1531 507 1584 tamen
527 1520 637 1584 ideireo
659 1518 807 1604 dignitatis
833 1519 985 1598 intererit,
1017 1521 1092 1603 qnod
1115 1520 1232 1602 genitor

72 1623 205 1708 genitum
223 1621 399 1708 produxisse
415 1624 539 1688 dieatur.
571 1621 686 1708 Quippe
704 1643 720 1686 e
736 1643 769 1686 se
785 1622 849 1706 ipso
863 1623 1021 1686 seeundum
1039 1621 1230 1686 substantiam

72 1724 209 1812 spiritum
226 1743 244 1788 a
260 1725 364 1810 spiritu
385 1726 505 1810 genuit,
540 1746 598 1788 nou
623 1745 730 1810 corpus
754 1745 771 1789 e
794 1745 929 1809 oorpore.
976 1722 1060 1789 Unde
1086 1725 1150 1788 sine
1174 1723 1233 1788 utta

73 1826 296 1912 comparatione
312 1827 430 1912 genitor
445 1827 476 1892 in
493 1827 585 1913 geniti
604 1828 735 1904 notione,
761 1838 792 1891 et
808 1828 925 1911 genitus
940 1830 968 1890 in
984 1836 1146 1911 generante
1162 1847 1232 1890 oon-

72 1939 218 2015 gruenter
237 1929 422 2015 intelligitur.
468 1928 575 2015 Neque
602 1929 679 1994 enirn
700 1930 872 1994 aooessioue
894 1930 951 1994 ulia
973 1929 1102 1994 divinum
1126 1949 1233 1994 numen

73 2054 150 2118 opus
168 2032 272 2112 babet,
303 2043 335 2097 nt
353 2042 436 2118 pater
458 2032 530 2098 abias
550 2045 692 2112 vocetur,
725 2031 798 2096 adias
822 2031 940 2096 minime
966 2043 1106 2111 voretur,
1137 2050 1234 2116 neque

73 2135 157 2200 fitius
180 2155 220 2198 ex
239 2136 417 2221 sempiterna
441 2135 647 2200 ooniuaotione
671 2135 845 2219 quandoque
864 2153 950 2214 esse,
981 2135 1155 2218 quandoque
1174 2155 1233 2198 nnn

72 2257 145 2301 esse
159 2237 336 2322 reperietur.
383 2235 483 2321 Quare
501 2239 604 2302 eadem
623 2259 675 2324 per
691 2258 724 2302 se
740 2237 903 2302 substantia
919 2238 993 2302 deas
1009 2248 1073 2316 est,
1108 2248 1191 2321 pater
1205 2249 1235 2300 et

72 2340 157 2404 fitius
172 2350 203 2404 et
218 2341 339 2426 spiritus
353 2350 492 2419 sanetus,
524 2360 582 2404 non
602 2341 729 2404 diversa.
775 2338 845 2406 Nou
868 2340 946 2404 euim
964 2339 1045 2404 velut
1064 2341 1156 2404 trater
1170 2339 1234 2424 qni·

72 2445 142 2507 dam
167 2453 215 2506 est
234 2443 325 2529 patris
344 2441 439 2521 titius,
470 2454 521 2506 aut
537 2441 701 2526 posteriore
715 2443 782 2507 loeo
796 2441 931 2527 genitus,
963 2442 1016 2507 aad
1033 2440 1234 2527 inexpiieabiii

71 2545 201 2630 quadam
230 2545 345 2610 ratione
368 2547 454 2609 istut
474 2556 502 2608 et
525 2545 616 2630 patris
636 2545 792 2631 appellatio
816 2567 881 2610 oum
905 2545 967 2609 filio
989 2544 1235 2610 consubstantiali

72 2656 234 2732 oongrnat,
258 2658 289 2711 at
305 2667 370 2712 aum
387 2658 469 2733 patre
485 2659 515 2712 et
532 2647 595 2712 titio
613 2647 662 2732 qni
680 2669 719 2712 ex
736 2648 801 2733 ipso
819 2657 849 2712 et
865 2647 1025 2734 peripsum
1041 2659 1071 2713 et
1089 2647 1234 2733 exipsius

72 2749 207 2836 propriis
229 2750 324 2814 oritur
346 2749 466 2836 spiritus
485 2760 606 2814 sanatus
625 2751 794 2814 conveniat.
840 2747 913 2813 inde
930 2750 964 2812 tit
978 2759 1011 2814 ut
1025 2760 1126 2835 pater,
1157 2751 1234 2816 titius

73 2865 104 2918 at
118 2851 243 2937 spiritns
262 2863 382 2915 sanetus
405 2853 576 2918 iuaooessus
593 2853 723 2931 dicatur,
755 2853 809 2916 boo
832 2852 963 2917 estnihil
982 2872 1083 2917 eornm
1100 2873 1174 2937 quae
1190 2853 1236 2918 in-

73 2953 197 3018 terioris
216 2953 324 3038 gradus
340 2963 426 3034 sunt,
451 2965 480 3018 et
496 2954 532 3018 ab
548 2955 611 3041 ipsa
629 2955 759 3019 trinitate
777 2964 894 3032 ereata,
928 2956 963 3018 ad
981 2975 1046 3019 eam
1063 2955 1155 3041 possit
1169 2973 1236 3040 per·

72 3057 207 3144 tingere.
242 3053 375 3119 Trinitas
391 3077 479 3140 porro
494 3057 557 3142 ipsa
572 3057 627 3122 sibi
643 3057 698 3142 ipsi
717 3077 897 3141 nequaquam
914 3066 961 3120 est
977 3057 1140 3124 iaaaoessa.
1179 3053 1237 3122 Est

72 3160 156 3225 eninr
172 3158 321 3236 increata,
355 3179 415 3222 nou
430 3160 523 3240 iacta,
554 3158 846 3244 etiuoomperabilis.
892 3156 975 3242 Ergo
992 3159 1063 3222 nibit
1077 3161 1235 3246 adaequari

72 3285 142 3328 enm
162 3271 246 3348 patre
263 3271 371 3347 potest,
395 3281 489 3346 neque
508 3283 573 3324 oum
591 3262 654 3347 ipso
673 3261 825 3346 quiequam
844 3281 1058 3326 aerumnarum
1075 3265 1237 3330 eommuni-

73 3377 122 3430 ter
137 3365 282 3429 adoratur
298 3385 374 3448 quae
391 3383 431 3428 ex
447 3363 536 3429 nihilo
553 3365 660 3442 iao-tae,
685 3361 803 3428 minime
820 3384 893 3428 veru
908 3364 1026 3448 genitae
1040 3376 1119 3430 sunt.
1152 3365 1236 3432 Nettt

71 3469 185 3554 quippe
212 3477 377 3531 ornatarum
401 3487 501 3532 rernm
523 3465 599 3529 dixit
614 3486 760 3549 uuquam,
790 3469 863 3528 Sede
881 3487 899 3528 a
918 3470 1029 3530 deuota
1049 3473 1127 3532 meu.
1174 3467 1235 3536 Sed

72 3593 132 3636 neu
148 3570 256 3635 uniens
282 3568 329 3632 dei
345 3569 423 3634 fitius
439 3571 476 3634 de
494 3589 639 3654 quoquam
655 3569 731 3633 istud
749 3569 903 3654 usurpavit
917 3568 1091 3654 antiquandas
1123 3577 1181 3652 Qui
1194 3579 1235 3636 ua·-
1265 3576 1351 3625 ‘⁸¹¹2

72 3678 123 3737 det
136 3695 200 3750 aare,
224 3677 300 3734 ur'det
314 3685 345 3735 et
353 3683 482 3754 patretur
506 3683 553 3736 etr
576 3677 641 3753 Ego
655 3677 685 3734 r'a
698 3683 793 3752 putre,
818 3684 848 3733 et
858 3683 943 3752 puter
957 3677 987 3735 a'n
1003 3695 1046 3736 rae
1062 3689 1119 3752 ηις
1144 3677 1212 3740 item
1223 3702 1232 3740 ε
1245 3633 1391 3760 toii’di'tm.

74 3779 170 3839 Nemo
184 3779 263 3837 nouit
273 3789 382 3856 putrem
398 3777 566 3858 na'sdfila'us,
600 3787 629 3837 et
633 3777 733 3857 filiurn
748 3779 915 3855 nba'pnter,
947 3787 978 3837 et
992 3768 1230 3843 rur'reoataoera't.
1265 3783 1350 3832 Maura

73 3877 136 3943 Per
163 3877 295 3962 spiritum
321 3899 394 3943 vero
417 3890 550 3943 sanatum
575 3878 705 3957 neseiat,
739 3879 786 3962 qui
811 3898 885 3963 qaae
910 3879 946 3940 nd
972 3878 1064 3942 tilium
1089 3883 1237 3964 pertineat
1272 3838 1352 3897 Μ’

74 3979 252 4072 σοςιιοεοῐι,
276 3980 396 4060 odoret,
429 3991 459 4044 et
474 3982 503 4044 in
523 3981 660 4045 mundum
684 3979 849 4064 praedicat,
882 3980 940 4043 imo
965 4000 1038 4044 uero
1058 3983 1105 4045 dei
1125 3984 1236 4052 attane

70 4085 223 4166 profundo
235 4094 391 4145 seruntur.
438 4079 599 4169 Propterea
615 4103 730 4167 quoque
746 4081 832 4158 dixit,
857 4085 1391 4170 Qo1·aootonorarfioum‚1.ou.am

72 4193 157 4250 ,sient
180 4189 303 4248 bonoram
318 4199 446 4267 putrem,
478 4191 524 4248 iro
544 4190 698 4248 dea'mnnet
718 4188 748 4246 r'o
770 4189 840 4264 apso.
887 4180 957 4247 Non
977 4184 1069 4264 dixit,
1101 4186 1161 4272 Qui
1176 4213 1237 4258 non

74 4290 210 4354 bonorat
228 4288 367 4372 angelos,
392 4287 468 4353 siunt
486 4287 613 4353 bonorat
629 4297 757 4372 patrem3
792 4305 846 4350 neo
863 4285 904 4349 ita
924 4288 1077 4373 onaoepita
1102 4289 1161 4375 Qui
1179 4316 1239 4360 nou
1313 4287 1317 4296 ’

74 4461 160 4523 titius,
189 4469 215 4510 et
238 4457 405 4511 condecenter
420 4459 485 4526 patri
502 4470 529 4511 at
544 4457 595 4510 fitto
614 4475 644 4510 ex
712 4457 737 4511 7.
756 4453 806 4524 prio
823 4457 891 4509 codd
904 4471 959 4510 aare
993 4456 1120 4526 utranam

73 4531 134 4599 ipso
152 4537 256 4580 motus
273 4527 349 4596 ipsius
366 4527 473 4596 spiritus.
