3072 5002
308 150 446 204 ιιιιιιιιι
465 150 529 203 cra.
546 151 590 202 ιιι.
606 151 690 202 reu.
703 150 723 202 ι.
738 147 840 200 unsa.
856 147 977 199 cxxiv.
1162 136 1222 198 175

80 269 157 334 untia
173 271 324 336 reddatur.
369 272 417 335 hd
435 272 560 336 eandem
578 271 677 354 itaque
695 269 809 334 modom
828 268 864 331 de
879 264 984 350 spiritu
1003 277 1033 331 et
1053 266 1111 329 blio
1127 277 1158 330 et
1174 289 1224 353 pa·

79 383 116 435 tre
129 374 316 458 pronuntiare
331 373 490 452 convenit,
524 383 555 436 et
571 393 657 436 unam
675 371 713 435 iis
731 369 928 454 cognitionem
946 389 981 432 ac
999 368 1222 452 praescientiam

78 475 212 554 tnbumm
244 497 281 540 eo
303 477 378 561 quad
402 485 594 540 sacrosancta
616 473 731 537 trinitas
754 493 806 536 sua
833 471 907 535 baud
931 470 1017 534 dubie
1042 472 1224 556 porrectione

77 588 102 638 et
120 577 269 642 identitate
291 589 419 643 constet.

148 677 207 744 Sed
230 680 266 745 de
283 681 328 744 bis
344 680 479 744 omatibus
493 679 610 744 inlicita
627 679 768 763 quaedam
792 675 933 762 disputari
958 685 1098 761 possunt,
1128 687 1159 740 et
1175 675 1220 740 in·
1228 680 1289 750 cip.
1299 677 1369 734 ΚΝ.

77 803 204 846 camerae
220 784 316 845 sacris
340 803 357 845 e
373 782 467 846 literis
484 782 677 846 auctoritates
694 782 822 858 adlerri,
853 791 884 842 ut
902 780 929 842 iu
947 778 1066 862 longum
1084 779 1225 864 producta

76 884 224 949 lectoribus
250 887 373 948 molesta
396 885 435 950 sit
462 885 569 948 oratio.
616 881 677 948 Sed
707 903 761 946 nos
786 882 816 944 in
845 901 1018 966 unaquaque
1047 883 1225 946 confutanda

76 986 177 1051 haeresi
194 988 270 1052 satis
289 987 378 1050 multa
396 988 453 1050 iam
471 986 616 1066 diximus,
641 995 671 1049 et
685 1005 788 1048 omnes
804 984 905 1048 diuino
924 982 1070 1067 praesidio
1088 984 1155 1048 lreti
1171 1004 1225 1047 nos

75 1089 134 1154 lieet
150 1089 314 1154 imbecilles
329 1089 507 1169 evertimus,
532 1099 619 1172 atque
634 1109 651 1151 a
666 1087 792 1150 venitote
812 1105 879 1150 esse
897 1087 1010 1152 alienas
1028 1086 1223 1164 ostendimus,

76 1212 121 1254 aec
144 1214 201 1256 non
231 1203 260 1256 et
278 1191 410 1276 singulas
433 1192 498 1254 sire
524 1191 553 1254 in
577 1191 693 1275 exigua·
704 1188 801 1274 aliqua
818 1210 867 1268 re,
882 1175 963 1253 ¹sire
981 1189 1010 1252 in
1029 1189 1130 1253 maiori
1147 1189 1226 1253 reri·

75 1294 118 1358 tati
141 1294 355 1358 contumeliose
379 1294 535 1358 detrahere
554 1304 640 1378 atque
657 1292 795 1376 ablegare
821 1293 960 1356 laudibus.
1007 1289 1093 1374 Quod
1110 1291 1224 1376 quidam

74 1403 99 1458 at
117 1397 163 1460 isti
191 1399 293 1461 lacere
316 1396 472 1460 instituant
495 1396 544 1480 qui
571 1395 718 1459 dominum
739 1417 774 1458 ac
797 1395 932 1480 spiritura
956 1405 1090 1458 sanctum
1115 1397 1225 1459 lrustra

73 1499 251 1563 contumeliis
270 1511 414 1576 onerant,
439 1519 535 1583 neque
553 1509 603 1561 aut
619 1501 665 1559 br'c
679 1510 731 1559 cut
746 1500 1032 1582 absumeremur,
1066 1508 1098 1561 ut
1113 1497 1221 1561 domiui
1256 1502 1342 1608 Ἢ

74 1601 162 1666 uerbis
178 1613 265 1681 utar,
296 1611 483 1687 peccatorum
506 1599 738 1680 relaxationem,
769 1601 806 1664 ob
828 1622 911 1664 suam
930 1600 1008 1663 illam
1035 1599 1065 1662 iu
1092 1599 1225 1685 spiritura

73 1715 195 1768 rracunn
214 1704 443 1788 blasphemiam,
476 1703 611 1767 obtinere
629 1713 768 1787 possunt:
801 1703 850 1787 qui
873 1702 909 1766 ab
933 1703 996 1789 ipsa
1012 1703 1138 1766 veritate
1160 1723 1227 1788 pro·

74 1805 167 1870 adnati
182 1817 272 1884 sunt,
305 1801 451 1869 Cerastae
467 1805 616 1868 cuiusdam
633 1804 729 1869 instar
744 1805 854 1869 atrocis
872 1815 902 1868 et
915 1805 1003 1868 uuico
1017 1825 1110 1868 cornu
1133 1816 1227 1869 metu-

74 1908 143 1971 endi.
189 1907 278 1972 Talis
301 1908 381 1972 enirn
407 1917 453 1970 est
478 1907 675 1992 blasphemiae
699 1928 822 1984 sensus,
855 1907 904 1991 qui
926 1928 1033 1993 corpus
1056 1907 1227 1971 uuiversum

73 2031 254 2095 eomumpere
285 2021 392 2094 potest.
438 2007 481 2072 Et
505 2030 559 2073 nos
585 2009 701 2094 quidem
729 2009 838 2072 domini
864 2029 1002 2072 sermone
1029 2019 1059 2072 et
1084 2009 1227 2092 unigeniti

74 2132 135 2176 rera
155 2113 344 2198 professione
368 2111 503 2197 persuasi
523 2113 688 2192 credimus,
720 2111 747 2175 ei
766 2111 813 2196 qui
832 2113 1034 2192 blasphemarat
1049 2115 1079 2173 r'n
1096 2117 1227 2193 mantuan

72 2227 191 2277 emotum
206 2238 297 2297 nequa
319 2220 349 2277 ria
366 2218 419 2276 boc
440 2218 553 2276 saeculo
574 2237 626 2276 nee
642 2219 672 2276 in
691 2217 793 2296 futuro
815 2217 1026 2276 condonandum
1049 2235 1109 2276 esse
1126 2236 1228 2295 percu·

74 2327 140 2391 ura,
165 2329 197 2380 ut
220 2318 363 2381 diximus.
409 2315 512 2401 Quare
540 2315 701 2402 proculcati
725 2316 764 2380 illi
788 2327 819 2380 ct
837 2316 935 2380 obtriti
952 2326 1040 2395 sunt,
1071 2337 1126 2380 nee
1149 2317 1228 2380 rcri-

75 2420 119 2482 tati
139 2421 284 2484 resistere
307 2429 475 2506 potuerunt.
520 2417 598 2482 Noni
616 2419 755 2484 haereses
771 2439 874 2484 omues
898 2441 930 2483 re
953 2439 1024 2482 vera
1039 2431 1142 2500 portae
1158 2431 1227 2484 runt
1260 2427 1344 2476 Matri.

75 2523 244 2602 ulmorum,
280 2543 355 2606 quae
371 2523 515 2586 adversus
534 2533 646 2607 petram
665 2521 736 2585 oibil
759 2523 879 2586 omnino
900 2521 1005 2587 virium
1025 2523 1134 2586 babere
1159 2544 1226 2608 pos·
1263 2481 1297 2540 u,
1311 2483 1343 2530 ιε’

73 2635 144 2687 suut.
191 2623 314 2688 Etenim
332 2624 357 2688 si
375 2645 413 2688 ex
431 2623 488 2689 illis
504 2624 635 2689 nonnulli
652 2625 728 2689 istud
746 2625 876 2689 obiicere
890 2625 1055 2690 voluerint:
1079 2622 1146 2690 Nos
1162 2645 1227 2689 eam

73 2723 131 2788 blei
156 2727 314 2791 formulam
339 2747 413 2812 quae
435 2727 466 2791 ia
489 2725 624 2790 Nicaeae
640 2729 754 2813 syuodo
771 2727 909 2812 exposita
926 2738 973 2790 est
992 2739 1021 2790 et
1036 2728 1091 2813 ipsi
1110 2729 1227 2814 prolite-

73 2847 147 2908 mur,
180 2830 256 2894 doce
275 2829 366 2912 igitur
388 2851 429 2893 cx
453 2828 500 2893 illa
526 2829 659 2914 spiritum
683 2843 817 2895 sanctum
840 2830 869 2892 iu
890 2828 1042 2894 divinitate
1062 2829 1227 2912 numerari,

74 2929 152 2994 etiam
179 2932 232 2996 illa
258 2932 321 3017 ipsa
346 2931 533 2996 consessione
560 2933 745 2997 refellentur.
799 2930 983 3016 Quamquam
1003 2933 1081 2997 nulla
1105 2943 1165 2998 tum
1192 2934 1228 2998 de

73 3033 169 3116 spiritu
188 3044 296 3098 sancto
324 3035 421 3099 luerat
440 3034 572 3100 instituta
600 3035 747 3119 quaestio.
794 3031 910 3120 Quippe
929 3037 964 3097 de
988 3034 1051 3114 bis,
1074 3056 1149 3120 quae
1167 3036 1229 3101 siu·

73 3136 142 3216 gulis
167 3135 351 3222 temporibus
378 3147 553 3216 occurrunt,
593 3157 701 3201 carere
727 3137 833 3222 synodi
862 3159 897 3200 ac
927 3137 1090 3201 decernere
1118 3139 1227 3204 soleat.

74 3234 168 3320 Quare
185 3261 252 3303 cunr
273 3238 365 3303 Arius
387 3239 417 3302 in
435 3239 523 3302 lilium
541 3239 694 3302 maledicta
714 3239 892 3316 coniiceret,
924 3250 1080 3325 propterea
1100 3241 1229 3306 uberiori

74 3341 191 3423 quadam
216 3340 414 3426 disputatione
436 3352 639 3425 argumentum
666 3340 736 3405 illud
754 3352 802 3404 est
819 3341 1040 3408 accuratissime
1058 3353 1226 3408 tractatum.

73 3437 178 3510 Verum
204 3465 245 3508 ex
271 3448 373 3508 eadem
395 3445 460 3508 bdei
483 3445 668 3530 professione
695 3443 932 3508 animadvertere
955 3445 1041 3524 licet,
1074 3467 1112 3510 ue
1129 3446 1182 3511 hac
1198 3446 1230 3512 in

73 3557 149 3628 parte
171 3547 290 3632 quidem
311 3549 542 3614 contumeliosos
565 3547 631 3610 illos
652 3547 682 3609 in
707 3547 839 3631 spiritum
865 3545 1031 3612 haereticos
1058 3548 1229 3634 suspiritus

73 3661 299 3734 oppugnatores,
318 3661 348 3713 et
361 3649 397 3714 ab
412 3651 476 3716 eius
490 3651 646 3714 sanctitate
663 3670 698 3712 ac
715 3649 799 3712 donis
812 3649 925 3714 alienos
940 3651 1091 3735 quicquam
1110 3651 1229 3716 omnino

73 3751 177 3818 dicere.
226 3749 377 3836 Siquidem
403 3753 552 3838 expositio
576 3753 637 3837 ipsa
660 3752 817 3816 veritatem
835 3752 960 3816 subinde
974 3753 1143 3838 profitetur,
1173 3771 1230 3817 nec

73 3867 166 3939 negat.
214 3859 379 3930 Cradrhus,
403 3856 516 3941 inquil,
540 3859 570 3916 in
587 3876 672 3916 anam
688 3857 768 3917 decan
784 3865 895 3936 patrem
909 3859 1132 3936 caenulentam.
1171 3852 1228 3920 Ubi

74 3959 218 4038 resista,
244 3962 400 4034 Credantur,
427 3980 484 4022 ucri
502 3955 675 4042 simpliciter
692 3957 873 4042 accipienda,
898 3959 950 4022 sed
970 3957 1006 4020 de
1022 3957 1077 4022 lide
1093 3957 1122 4020 in
1141 3957 1228 4022 deum

75 4057 257 4147 intelligenda
275 4062 367 4126 venit.
414 4065 455 4124 Et
468 4066 498 4123 r'n
515 4082 599 4124 anum
617 4063 757 4122 domabant
770 4063 862 4120 Iesum
879 4063 1033 4134 Chartam,
1059 4080 1154 4144 neque
1172 4060 1228 4125 hoe

74 4171 224 4248 utramque
241 4163 362 4243 dictum,
385 4165 437 4228 sed
452 4165 487 4227 ad
504 4164 587 4228 hdem
605 4163 636 4228 in
657 4163 742 4225 deum
761 4162 961 4226 referendum.
1000 4167 1040 4226 Et
1053 4167 1083 4226 in
1096 4168 1228 4246 apiculum

74 4277 211 4340 amabam,
245 4265 321 4350 quod
341 4265 806 4352 nequesimpliciterusurpatuur
825 4273 887 4342 est,
921 4264 1125 4330 sedinooam
1143 4287 1228 4353 prae·
1348 4253 1353 4263 ¹

75 4363 244 4432 dicationem
261 4368 455 4453 angleriam,
479 4369 509 4433 iu
524 4391 612 4434 uuam
628 4365 791 4432 diuinitatis
806 4366 1063 4452 coadunationem,
1092 4367 1123 4434 iu
1138 4390 1228 4436 auam
