3066 5016
321 256 384 319 470
746 270 871 323 εευσει
888 271 1063 324 mmm

321 381 442 470 γραφὴν
456 384 703 471 ἀπαγγέλλουσιν,
733 387 845 470 ἀκμητί
870 412 901 452 τε
922 390 971 453 καλ
992 387 1112 465 ἀόκνως
1127 387 1236 472 συχνάς
1254 397 1425 456 ποιοῦνται
1441 389 1484 464 τός

323 485 505 571 ἀγρυπνίας,
526 494 613 552 τοῦτο
632 489 685 570 μέν
702 491 736 554 ἐν
752 489 866 573 εὐχαῖς,
888 497 976 556 τοῦτο
997 491 1029 556 δέ
1048 493 1081 557 ἐν
1093 496 1301 580 ψαλμςοδίυις,
1334 495 1484 575 ἐνδελεγῦς

323 589 356 653 δέ
378 588 431 664 τάς
445 587 626 666 συνελεύσεις
649 589 704 666 τάς
722 594 751 669 ἐξ
770 594 864 668 ἐθοος
881 594 1033 674 ἐνθέσμως
1056 595 1244 678 τεταγμένως,
1275 596 1485 680 διημερεύουύ

322 715 354 755 τε
376 689 501 756 πάντοτε
522 689 576 767 τάς
604 692 834 770 ὓάδιαλείπτους
856 694 933 760 κατά
955 692 1102 778 διάστημα
1130 694 1211 782 όίρας
1235 695 1288 773 τάς
1310 697 1410 781 εύχάς
1434 703 1485 786 θεᾷ

324 791 556 878 ἀκαταγνύστως
579 791 651 874 μετά
673 796 949 880 ταπεινοφροσύνης
969 805 1078 881 πολλῆς
1103 799 1155 863 καί
1180 800 1314 884 οίμωγῆς
1342 801 1485 867 ἐπιπόνου

326 900 415 984 7θερδ
440 894 681 978 ἀναπέμποντες,
711 907 775 975 ταῖς
796 923 827 964 τε
844 902 933 974 ίδίαις
956 902 1069 984 χερσὶν,
1100 897 1141 976 οἱς
1163 903 1256 983 ἐφην,
1286 901 1484 988 ἐργαζόμενος

324 995 396 1080 μετά
413 999 466 1062 καὶ
484 1004 538 1080 τῆς
559 1007 761 1082 πνευματικῆς
786 1002 939 1086 ἐργασίας·
968 1006 1019 1067 ἵνα
1037 1003 1079 1084 μῆ
1099 1006 1225 1078 ἐπιδεεῖς
1244 1005 1416 1089 γένωνται,
1445 1007 1485 1070 τά

322 1101 365 1176 είς
379 1096 550 1183 ὑποκρίσεις
565 1096 760 1185 ἀνθρωπίνας
778 1105 940 1186 ἐμπέσωσι,
969 1106 1021 1170 καλ
1039 1106 1140 1172 οὐκέτι
1157 1114 1197 1193 τῷ
1214 1103 1380 1188 ἀσεβοῦντι
1404 1107 1485 1173 δυνά

324 1225 407 1282 μενοι
422 1200 458 1266 τά
475 1200 578 1285 ἀληθῆ
594 1205 702 1289 λέγειν,
734 1204 802 1272 οὔτε
825 1205 910 1283 ἐκτός
927 1205 1028 1291 ῥύπου
1048 1203 1124 1272 είναι
1141 1215 1202 1272 νῦν
1219 1207 1282 1274 ἀπό
1298 1209 1430 1286 ἀδικίας
1445 1210 1485 1273 ἀν-

323 1302 462 1388 θρώπων
478 1310 627 1371 πλουσίοιν
646 1308 698 1370 καί
712 1311 968 1376 πλεονεκτούντων
988 1307 1059 1385 τούς
1077 1311 1220 1393 πένητας,
1252 1309 1323 1376 οὔτε
1349 1310 1440 1388 ἐκτός
1451 1335 1485 1376 ει·

323 1411 395 1472 τίων
418 1404 533 1472 τούτων
548 1411 698 1492 γίνεσθαι,
730 1410 771 1494 μῆ
792 1408 977 1493 θδυνάμενοι
994 1413 1027 1478 ἐκ
1045 1415 1169 1478 δικαίων
1186 1413 1291 1480 πόνων
1307 1411 1370 1498 τῆν
1385 1414 1485 1498 ἐφῆμε
1515 1438 1518 1446 ’

325 1535 380 1595 ρον
401 1511 476 1594 ἐχειν
499 1507 632 1594 τροφῆν,
666 1509 726 1577 ἀλλ’
752 1512 1001 1599 ἀναγκαζόμενοι,
1032 1512 1083 1580 διά
1107 1512 1140 1581 τό
1163 1516 1260 1591 ἐνδεές
1284 1523 1343 1598 τῆς
1363 1517 1486 1603 ἀεργίας,

325 1613 470 1698 τραπέζης
492 1616 641 1678 πλουσίων
663 1617 796 1698 μετέχειν.

251 1763 257 1778 .
288 1720 306 1776 ’.
415 1711 472 1779 Διό
487 1717 675 1800 παραγγέλλει
691 1714 807 1793 όθεῑος
823 1715 923 1803 λόγος,
953 1715 1080 1799 φάσκων
1087 1769 1096 1798 ,
1129 1717 1188 1802 Μῆ
1208 1715 1360 1802 ἐπεθύμει
1377 1719 1487 1805 βρωμά-

325 1843 386 1884 των
401 1824 462 1883 νῦν
476 1821 640 1898 πλουσίων,
673 1826 766 1884 ταῦτα
788 1818 845 1905 γάρ
871 1821 964 1902 ἐγεται
989 1827 1066 1902 ζωῆς
1082 1826 1225 1903 ψευδοῦς.
1271 1824 1336 1886 Καὶ
1353 1823 1488 1888 πάλινέν

326 1918 403 2010 ἀλλρι
417 1919 519 2008 τόπῳ,
542 1917 586 1985 δτι
602 1920 741 1998 τοιαύτας
761 1923 819 1988 ἔδει
834 1921 1081 2006 παρασκευάζειν,
1115 1926 1158 1988 Et
1171 1924 1203 1990 δέ
1219 1922 1488 2010 ἀπληστότεροςεέ,

327 2020 369 2108 μῆ
384 2020 526 2105 ἐπιθύμει
547 2030 608 2088 τῶν
629 2024 723 2089 αὐτοῦ
741 2022 917 2111 βρωμάτων.
958 2022 1008 2088 Ἐν
1024 2024 1143 2103 τούτοις
1160 2023 1217 2112 γάρ
1236 2024 1490 2111 ἐδοξάσθησονοὶ

326 2131 431 2203 παῖδες
448 2129 479 2191 οί
494 2127 525 2191 ἐν
539 2132 577 2215 τῆ
596 2130 769 2209 Βαβυλῶνι,
798 2124 999 2212 ἀρνησάμενοι
1021 2126 1167 2212 τράπεζαν
1186 2130 1349 2211 βασιλέως,
1381 2134 1437 2196 καί
1451 2133 1489 2195 τί·

326 2228 488 2316 ρησάμενοι
509 2230 674 2314 σπέρμασιν
700 2226 874 2315 ἀρκεῖσθαι,
906 2227 1078 2320 ῆτραπέζη
1101 2233 1151 2296 καλ
1176 2229 1331 2316 βρόμασι,
1369 2232 1489 2316 χρῆμεει

326 2334 378 2397 καί
396 2331 469 2421 δόξῃ
488 2329 721 2413 ἀπσταξάμενοι,
752 2329 794 2408 τός
812 2339 952 2415 Μωυσῆς
976 2339 1084 2414 μάλλον
1109 2336 1199 2400 είλετο
1219 2345 1488 2418 συγκατουχεῖεθετ
1521 2325 1522 2410 ί

328 2441 369 2524 τῷ
384 2441 445 2523 λαῷ
462 2441 516 2500 τοῦ
531 2439 608 2500 θεοῦ
625 2432 701 2520 ῆπερ
727 2434 888 2500 ἀπολαύειν
904 2441 964 2500 τῶν
983 2437 1015 2500 ἐν
1029 2433 1174 2524 Αἰγύπτῳ
1192 2443 1380 2520 θησαυρῶν,
1413 2441 1488 2523 ἐργπ-
1521 2423 1522 2496 λ

327 2536 448 2621 ζόμενος
465 2537 497 2602 δέ
511 2539 601 2612 ἐδίαις
615 2539 712 2622 χερσίν
725 2539 805 2620 ἐτυχε
820 2540 1013 2622 προφητείας.
1032 2569 1036 2575 ·
1061 2536 1231 2624 Προβάτων
1243 2535 1302 2623 γάρ
1320 2529 1420 2614 οῦτος
1433 2565 1488 2603 ποι

328 2637 388 2722 μὴν
406 2641 547 2721 κατέστη,
571 2637 589 2706 ό
605 2637 740 2726 εύγενῆς,
762 2641 814 2705 καλ
830 2639 896 2716 υίός
914 2637 1066 2725 θυγατρός
1082 2641 1241 2723 βασιλέως,
1271 2643 1323 2704 ῗνν
1340 2638 1390 2722 μὴ
1405 2639 1488 2726 ἀργόν

329 2743 416 2833 ἐσθίη
431 2740 528 2830 ἀρτον.
569 2739 622 2818 Ὦς
638 2744 686 2807 καί
703 2741 836 2807 διδάσκει
852 2739 871 2807 ό
888 2741 985 2826 πατῆρ
1002 2739 1088 2825 ῆμεδν
1102 2738 1225 2825 Ἰακοδβ,
1256 2743 1353 2827 λέγων
1370 2741 1487 2825 Αάβιττ.

329 2845 393 2921 Δός
415 2871 467 2928 μοι
493 2847 648 2932 ἐργασίαν,
682 2847 732 2909 ἵνα
754 2843 936 2930 ἐργάζωμαι,
968 2850 1024 2909 τοῦ
1048 2846 1128 2910 ίδίου
1153 2842 1255 2930 ἀρτου.
1309 2846 1375 2910 Καὶ
1404 2845 1489 2918 ιτάτός

188 2991 235 3036 m
255 2980 314 3025 lm.
328 2947 417 3017 πάλιν
431 2951 600 3029 ποιμαίνειν
616 2949 824 3032 προςτέτακται
840 2944 923 3032 παρά
942 2950 1095 3042 τοῠιέδίου
1111 2951 1275 3030 πενθεροῦ,
1305 2949 1359 3010 ἵνα
1377 2946 1423 3030 μῆ
1443 2946 1486 3028 ἀρ

327 3049 383 3139 γόν
404 3048 493 3137 ἀρτον
514 3053 657 3117 ἐσθίωσιν
680 3053 711 3114 οἱ
730 3052 849 3115 δίκαιοι.
898 3057 967 3125 Τοῖς
991 3050 1023 3114 δέ
1046 3046 1226 3124 ἀποστόλοις
1249 3050 1368 3132 είρηται
1394 3049 1487 3134 ἀρκεῖ·

329 3165 404 3220 σθαι
420 3161 462 3243 τῷ
485 3151 583 3242 ιλόγρο
599 3150 767 3236 κηρύττειν,
798 3155 849 3216 ἵνα
866 3150 908 3235 μῆ
923 3149 1101 3235 άσχολοῐνται
1118 3149 1180 3216 ἀπό
1199 3147 1314 3226 πόλεως
1333 3155 1379 3228 είς
1396 3151 1485 3226 πόλιν,

328 3259 379 3322 καὶ
403 3255 464 3321 ἀπό
487 3254 582 3320 τόπου
605 3258 647 3331 είς
667 3253 776 3334 τόπον,
808 3256 856 3320 ἐπὶ
874 3252 906 3320 τό
926 3255 1066 3340 τῆρυγμα
1081 3252 1135 3337 τῆν
1158 3257 1280 3337 πορείαν
1302 3255 1485 3338 ποιούμενοι

321 3358 425 3436 ’Ἅξιος
446 3356 500 3442 γάρ
521 3353 538 3422 ό
558 3356 681 3442 ἐργάτης
699 3364 752 3423 τοῦ
775 3363 888 3440 μισθοῦ
912 3356 1022 3435 αὐτοῦ,
1052 3358 1122 3436 καί,
1151 3353 1290 3440 Ἀρκετόν
1310 3363 1352 3445 τῷ
1375 3359 1487 3442 ἐργαζο-

330 3463 409 3549 μένῳ
436 3457 571 3545 ῆτροφῆ
595 3460 698 3525 αὐτοῦ.
743 3461 804 3524 Καὶ
828 3467 892 3535 τοῖς
916 3486 947 3525 τε
963 3461 1099 3542 ποιμέσιν
1121 3455 1260 3535 ύςούτως
1281 3458 1335 3525 διά
1354 3458 1414 3542 νῆν
1436 3465 1487 3524 τῦτ

330 3568 409 3631 λαῶν
424 3561 535 3646 συχνῆν
556 3561 693 3645 ἀσχολίαν
714 3564 765 3628 καὶ
781 3560 836 3644 τῆν
858 3560 1097 3646 ἐκκλησιαστικῆν
1123 3565 1269 3643 διοίκησιν
1286 3564 1339 3628 καί
1358 3563 1486 3642 ἐνδελεχῆ

330 3669 514 3752 λειτουργίαν
530 3668 623 3748 φησίν
638 3663 658 3730 ό
672 3673 757 3740 θεῖος
772 3662 874 3750 λόγος,
910 3669 962 3741 Τίς
980 3669 1129 3746 ποιμαίνει
1144 3667 1290 3747 ποίμνην,
1320 3665 1371 3728 καλ
1391 3667 1486 3730 ἐττοό

331 3773 478 3857 γάλακτος
502 3765 595 3849 αύτῆς
618 3765 674 3833 ούκ
703 3769 814 3844 ἐσθίεις
846 3765 933 3849 ῆτίς
961 3766 1083 3849 φυτεύει
1103 3767 1275 3850 ἀμπελῶνα,
1306 3768 1358 3831 καί
1383 3768 1419 3832 ἐτι
1438 3771 1484 3830 τοῦ

330 3879 451 3957 καρποῦ
466 3868 560 3936 αύτοῦ
575 3868 613 3936 ού
628 3869 856 3952 μεταλαμβάνεις
902 3869 979 3949 Καὶ,
1008 3871 1101 3952 φησί,
1123 3867 1176 3935 τόν
1191 3875 1343 3935 κοπιῦντα
1359 3866 1486 3954 γειργδε

332 3979 379 4040 δεῖ
390 3980 509 4059 πρῶτον
527 3981 585 4040 τοῖν
606 3979 731 4058 καρπῶν
748 3963 994 4055 μεταλαμβάνειν,
1016 3975 1067 4037 ἵνα
1084 3970 1138 4038 τόν
1153 3969 1371 4057 πρεσβύτερον,
1401 3969 1423 4054 ἢ
1439 3969 1485 4035 τόν

333 4079 496 4143 ἐπίσκοπον
513 4075 555 4160 μῆ
576 4074 784 4158 ἐλαττούμενον
808 4080 861 4157 τῆς
877 4076 1030 4158 ἐφημέρου
1047 4081 1163 4160 τροφῆς
1179 4073 1383 4156 καταστήσειε,
1417 4097 1484 4157 προ-
1521 4065 1522 4160 λ

333 4179 513 4264 τρεπόμενος
532 4177 623 4256 λαούς
643 4181 677 4244 ἐκ
700 4181 825 4243 δικαίων
842 4175 944 4242 πόνων
966 4179 1065 4260 νέμειν
1085 4175 1123 4241 τά
1137 4173 1215 4260 πρός
1230 4173 1349 4262 ιροφῆν
1368 4183 1433 4251 τοῖς
1450 4177 1484 4238 λε-

366 4381 389 4436 d
410 4382 581 4450 ἀδιαλῆιτιους
597 4389 650 4436 libri
667 4401 753 4437 οππει.
928 4388 1010 4436 iuvius
1026 4386 1134 4436 αευτελλίκ
1151 4386 1250 4434 inclusit.

368 4451 392 4505 7.
410 4453 480 4522 θεῷ,
496 4457 559 4516 συιδ
572 4457 715 4516 superfluum
729 4455 830 4516 υλδτίυν,
849 4455 893 4505 Pe·
961 4453 985 4506 8.
1004 4455 1069 4503 λλλιεί
1084 4455 1156 4515 υαλςο
1172 4450 1324 4518 δυναμένας
