3072 5002
307 283 445 338 rannac
463 285 526 336 ute.
539 285 584 336 nt.
602 283 685 337 ron.
699 286 719 335 t.
738 283 839 335 naen.
856 283 978 335 cxxiv.
1159 271 1220 334 147

67 403 129 468 dem
153 405 265 468 mutat
285 410 315 467 ιἰι
337 393 428 468 nolu.
483 400 543 469 Sed
565 414 697 468 mortuus
726 404 788 489 ipse
818 402 866 468 via
891 403 970 466 vitae
992 411 1094 466 nostra
1117 421 1223 466 cauasa

66 509 159 571 lectus
174 516 239 570 est:
276 510 313 569 tts
327 511 505 588 qur’mimnt,
534 529 589 570 aon
612 509 671 569 se'be'
688 511 758 587 apsa's
772 509 893 587 amplias
907 509 1019 579 uiuant,
1051 508 1103 566 sed
1125 509 1155 566 ea'
1173 510 1376 585 quincentum

64 633 115 690 pan
140 611 222 672 noda's
238 621 366 672 martures
383 621 427 671 est
444 621 475 671 et
493 613 664 670 resurrem‘t.
713 605 851 692 idemque
866 607 946 672 vitoe
963 605 1155 692 principium,
1188 627 1224 670 ac

65 715 270 785 immorandi,
303 733 361 796 quo
384 731 418 774 sc
442 721 509 775 ante
528 711 625 795 plures
641 731 736 774 annos
752 709 970 788 obstrinxerat,
1005 718 1036 771 ut
1053 707 1095 771 ait
1115 706 1222 788 David,
1236 717 1377 772 Pulsa-⁸⁸2⁴·

65 818 232 876 recordatam
246 825 305 876 est.-
339 817 416 876 Deus
438 818 510 876 emim
535 818 646 876 eretria
666 816 779 876 Chresto
799 813 1376 887 maneamrevomentemsittacenen·

65 937 117 978 sua
140 919 327 978 attrectem
351 939 407 978 non
431 921 589 996 amputans.-
621 919 757 994 Quantam
778 919 807 976 in
822 920 883 996 tirso
896 917 1007 995 placuit
1022 935 1128 976 omnem
1144 915 1224 975 leudi·
1237 923 1315 976 cetu,
1327 922 1358 967 1⁹·

68 1031 131 1080 tare
149 1021 367 1099 plenitudinem,
397 1028 428 1080 et
443 1039 500 1098 per
513 1021 592 1080 illam
607 1021 793 1081 mononem
808 1021 838 1079 r'u
852 1023 942 1098 aprum
958 1021 1067 1092 amara,
1099 1037 1162 1078 aum
1173 1037 1227 1098 pa·

66 1144 123 1184 aem
140 1125 237 1184 erueu
251 1125 392 1200 sangume
405 1125 558 1184 summost.
605 1118 663 1184 flio
682 1119 771 1205 igitur
788 1120 823 1183 ad
844 1130 1006 1205 temporum
1023 1118 1227 1182 administrau-

67 1227 131 1288 dam
152 1223 362 1309 plenitudinem
379 1222 515 1302 aduenit3
549 1222 790 1307 quemadmodum
806 1220 957 1286 Abraamo
975 1221 1141 1306 ceterisque
1158 1242 1226 1284 san·

67 1328 121 1390 atie
147 1327 216 1389 tata
240 1325 311 1389 fides
336 1335 417 1402 erat,
452 1328 491 1387 Ut
511 1329 541 1386 a'n
560 1329 620 1405 tirso
639 1329 816 1387 instauraret
829 1329 939 1399 omnia,
963 1345 998 1386 ae
1013 1327 1133 1386 velutin
1149 1342 1296 1402 sum-toph.
1311 1345 1331 1400 t,
1347 1343 1380 1387 ta.

67 1451 137 1491 nam
159 1431 321 1509 redigeret,
352 1448 425 1509 qaae
444 1431 474 1490 in
497 1429 574 1488 coelo
597 1439 666 1489 sunt
686 1439 825 1489 aeterra.
872 1424 991 1490 Etenim
1012 1447 1065 1513 per
1084 1426 1162 1490 illam
1179 1426 1226 1490 dei

68 1531 237 1618 patientiam
254 1529 401 1596 dissensio
416 1531 556 1614 quaedam
572 1540 603 1594 et
619 1529 770 1593 inimicitia
790 1531 904 1609 luerat3
938 1525 1076 1594 Christus
1097 1549 1170 1594 vero
1196 1529 1227 1593 iu

68 1653 194 1721 corpore
212 1653 359 1717 carneque
384 1653 437 1701 aaa
454 1631 484 1696 in
501 1631 625 1716 gratiam
654 1631 899 1716 concordiamque
914 1632 1059 1712 restituit,
1092 1653 1156 1697 oum
1175 1653 1229 1719 per

69 1757 135 1802 sese
153 1757 245 1801 uuum
262 1737 347 1800 autho
364 1735 497 1800 iecisset.
529 1739 693 1797 Vem'tem'm
709 1756 772 1816 parc
788 1745 903 1809 nostra,
934 1745 964 1795 et
976 1739 1152 1798 eiaterr'ectam
1169 1756 1227 1798 ma·
1240 1754 1330 1813 uate,
1347 1756 1380 1800 n.

69 1845 162 1903 eere'ae
183 1851 308 1920 septam,
340 1840 509 1901 simultatem
534 1839 665 1899 milelr'cet
685 1859 808 1913 omnem,
841 1840 871 1900 in
892 1859 946 1898 sata
962 1859 1049 1900 earne
1062 1841 1169 1913 diruit,
1193 1859 1228 1900 ae

66 1953 281 2023 praeceptorum
297 1944 385 2021 legem
406 1943 467 2002 stem
483 1941 661 2020 dogmatibus
678 1941 815 2014 adoleret,
850 1951 883 2000 ut
896 1941 992 2002 ambos
1010 1945 1039 2002 a'a
1054 1945 1146 2022 serisso
1160 1963 1228 2004 eun-

71 2050 128 2106 dem
156 2050 187 2106 in
211 2065 312 2105 nouum
334 2047 471 2104 homoinem
498 2053 683 2122 componeret.
730 2039 844 2106 Gentes
867 2061 940 2106 vero
964 2042 994 2105 in
1017 2042 1094 2107 idem
1122 2063 1228 2128 corpus

28 2149 31 2156 “
71 2147 260 2223 coalescere,
298 2165 333 2209 ac
358 2144 569 2230 promissorum
593 2145 830 2229 conparticipes
854 2155 884 2208 et
910 2143 1034 2208 heredes
1052 2164 1120 2210 esce
1142 2145 1230 2208 iussit

72 2249 115 2314 his
131 2247 252 2314 verbis:
279 2253 376 2310 Venite
391 2251 430 2309 ad
440 2269 482 2308 me
496 2269 590 2309 omnes
604 2251 657 2329 qut’
668 2247 816 2322 laboratas,
840 2257 870 2308 et
882 2252 996 2308 onerati
1010 2251 1088 2321 esta's,
1113 2269 1166 2328 ego
1184 2269 1230 2308 re-
1255 2250 1341 2347 {lufg-

63 2355 163 2432 feram
188 2373 248 2413 aas.
296 2347 389 2434 igitur
405 2371 468 2411 eum
493 2371 547 2430 ega
564 2371 652 2412 earne
667 2351 823 2414 rindeea'llas
847 2369 950 2423 essem,
979 2359 1110 2412 seruator
1126 2353 1166 2411 ad
1186 2335 1368 2412 mencines.

72 2456 122 2516 sal
144 2457 243 2516 earnes
260 2457 376 2534 peceati
396 2456 488 2533 sperae
507 2457 609 2514 massas
624 2463 682 2526 est,
715 2452 763 2537 qui
787 2462 878 2515 totum
899 2451 954 2516 hoo
972 2452 1121 2534 negotium
1139 2453 1229 2516 conii·

73 2568 169 2638 aeret,
201 2567 233 2620 nt
249 2575 295 2620 me
312 2577 328 2618 a
344 2555 505 2632 servitute,
538 2564 569 2618 ut
591 2575 609 2616 a
633 2554 815 2639 corruptela,
848 2564 880 2618 ut
904 2575 920 2616 a
940 2565 1034 2619 morte
1056 2553 1228 2634 redimeret,

73 2681 106 2723 ae
129 2659 201 2724 milti
222 2656 274 2722 illo
295 2662 422 2732 ausona,
452 2659 642 2738 sancuficatr‘o
665 2678 701 2718 ae
719 2657 987 2739 redemptae-saetas
1010 2667 1064 2719 est.
1110 2654 1227 2722 lustitia
1240 2661 1382 2720 ¹·⁰⁰¹·¹›⁸⁰·

74 2763 200 2846 quidem,
224 2761 301 2845 quod
317 2781 369 2845 per
384 2759 469 2822 tidem
487 2779 568 2822 suum
586 2769 736 2842 peccatum
753 2758 899 2837 dissolvit,
923 2757 1129 2838 sanctificatio,
1153 2760 1230 2844 quod

74 2884 123 2948 per
139 2884 245 2949 aquam
264 2873 296 2926 et
312 2861 444 2947 spiritum
467 2881 503 2925 ao
520 2859 612 2926 verbo
630 2881 685 2926 suo
707 2862 737 2926 iu
755 2861 921 2925 libertatem
944 2860 1090 2942 asseruit,
1113 2862 1229 2926 redem-

74 2964 291 3050 adolerique,
324 2964 399 3048 qnod
415 2964 545 3049 seipsum
564 2984 598 3028 uc
614 2965 677 3029 veri
693 2965 761 3049 agni
779 2960 970 3047 sanguninem,
995 2962 1050 3026 hoc
1069 2972 1114 3028 est
1130 2984 1227 3044 suum,

75 3067 102 3132 in
117 3067 223 3153 capitis
239 3065 297 3131 mei
312 3065 437 3152 pretium
452 3066 603 3145 effuderit,
635 3065 797 3151 piaculum,
822 3086 879 3150 quc
897 3076 928 3128 et
945 3066 1070 3130 mundus
1090 3085 1232 3151 repurga-

76 3179 134 3250 tus,
164 3183 196 3234 et
211 3175 304 3232 amaria
319 3172 396 3232 coelo
410 3181 543 3250 terraque
566 3172 749 3230 reconciliata
771 3179 856 3244 sunt,·
888 3171 952 3230 dam
977 3173 1139 3248 mystm'am
1161 3179 1228 3230 ante
1241 3159 1315 3236 cont
1336 3191 1371 3248 uo,

75 3277 185 3340 saecula
200 3293 235 3334 ae
247 3277 446 3353 generationes
460 3273 599 3334 orcadum
613 3275 774 3333 consutum
790 3271 959 3352 temporn'das
974 3274 1107 3351 ainplem't.
1147 3267 1229 3334 Idem
1269 3249 1293 3288 θ’
1304 3223 1338 3287 'i'

77 3395 145 3440 tero
161 3377 379 3455 marefonnabit
396 3395 498 3455 eorpus
512 3375 680 3435 tumtunm
693 3384 826 3448 nostrae,
858 3384 891 3436 at
906 3375 1049 3457 conforme
1063 3378 1104 3436 sit
1114 3376 1228 3454 glortae
1240 3397 1326 3454 unita,
1338 3397 1373 3442 at.

77 3482 177 3558 ipsam,
209 3481 361 3540 secandam
385 3482 588 3558 operationem,
619 3487 653 3538 ut
671 3481 765 3556 possit
781 3477 921 3539 subri'aere
942 3479 1001 3539 sibi
1018 3480 1131 3540 omnt'a:
1162 3499 1231 3559 quo·
1246 3491 1337 3548 0⁰14,
1350 3491 1371 3535 s.

78 3585 146 3644 mam
168 3587 200 3644 s'a
222 3585 283 3662 ipso
304 3581 417 3642 ladr'tat
436 3583 524 3642 omnes
541 3581 689 3660 pkmludo
711 3581 878 3641 diurnitatis.

157 3679 309 3766 Quocirca
334 3681 495 3768 sapientiae
515 3681 584 3744 illud
610 3701 644 3744 ac
670 3679 832 3745 divinitatis
854 3683 1072 3768 receptaculum
1094 3679 1232 3747 Christus
1258 3690 1369 3759 camut.
1474 3739 1479 3754 ,

79 3791 227 3860 amour,
252 3797 282 3848 et
297 3789 389 3846 amaea
405 3789 434 3846 a'n
451 3805 512 3846 sese
530 3805 591 3844 cam
608 3787 659 3845 dec
675 3786 879 3859 moner'leims,
913 3807 1002 3867 neque
1014 3797 1160 3866 peceatum
1180 3788 1231 3844 sin·
1240 3789 1341 3846 scone,
1352 3788 1384 3834 1⁹·
1427 3861 1430 3866 Ι

75 3900 190 3967 putam,
224 3889 261 3950 ad
280 3886 392 3950 exitum
414 3906 523 3950 amana
545 3885 685 3974 mysteria
704 3887 884 3972 perducens,
916 3885 1084 3950 testamenti
1100 3885 1146 3950 sui
1163 3885 1231 3965 lide,

80 3991 149 4072 quod
168 4011 186 4056 a
203 3990 271 4071 tege
286 3999 317 4052 et
331 3988 480 4074 prophetia
497 3999 646 4053 ostensum
665 3997 752 4052 antea
765 3989 873 4068 luerat,
893 3987 952 4068 dei,
977 3987 1107 4072 inquam,
1131 3986 1180 4050 ille
1200 3987 1234 4050 li-

81 4090 131 4157 lias
147 4093 353 4180 praedicatus,
377 4111 412 4154 ac
429 4089 550 4156 Doridis
572 4090 732 4176 appellatus
746 4100 793 4155 est
805 4091 893 4154 filius.
941 4088 975 4154 Si
992 4090 1107 4173 quidem
1122 4099 1233 4153 utrum·

82 4215 132 4277 que
149 4196 223 4259 deos
239 4204 271 4258 et
287 4194 393 4274 homo,
423 4197 472 4256 dei
482 4206 512 4256 et
526 4195 665 4255 domanam
688 4197 826 4255 medeam
845 4195 921 4274 fia't5
952 4211 1056 4256 verum
1074 4192 1122 4256 dei
1140 4193 1386 4258 tomi-tumne

110 4328 149 4383 22
167 4325 234 4398 πρός
250 4347 285 4399 με
300 4345 348 4384 nan
367 4331 437 4382 natet
452 4333 535 4383 locor.
704 4327 745 4382 26.
765 4325 1015 4395 oeconomorum.

110 4395 151 4452 23.
176 4396 183 4417 ¹
281 4401 401 4461 <emon
706 4397 764 4447 Car.
782 4399 824 4448 nt.
841 4423 875 4434 -
894 4400 917 4449 1.
935 4391 1074 4466 occassione
1091 4396 1233 4453 καταλλάσ-
1271 4424 1278 4438 ,

111 4463 151 4516 ll.
214 4461 248 4522 δι’
266 4472 350 4520 tneor.
385 4469 453 4518 Recte
469 4468 575 4532 sortasse
671 4469 811 4518 ostensor.

112 4533 151 4586 ²5.
168 4534 193 4589 ta
210 4531 319 4607 οὐρανῷ.
338 4539 424 4588 locor.
703 4535 726 4585 2.
743 4533 782 4602 τῷ
800 4534 853 4604 θεῷ
871 4539 954 4587 tneor.

958 4621 1029 4688 10*
