3060 5026
287 169 427 224 rsuonu
444 170 508 224 urs.
520 172 566 224 ur.
582 171 665 224 rou.
682 173 714 224 rr.
733 169 832 225 nane.
847 169 978 223 nxxvrt
1147 157 1211 224 387

49 291 86 356 ab
108 291 160 356 tto
178 302 315 378 suscepta
338 313 374 356 eo
395 313 477 358 amo
494 292 638 378 disputata
661 301 747 370 suut,
780 312 818 356 no
836 291 882 356 eui
902 291 1017 356 veniret
1033 290 1062 356 in
1081 301 1209 356 mentem

48 418 103 482 pro
118 417 155 459 eo
178 395 254 479 quod
274 395 432 480 perfectam
452 416 570 459 carnem
588 391 714 458 induerit
735 413 769 458 ea
788 392 850 477 ipsa
866 413 981 478 quoque
999 415 1073 478 quae
1092 394 1128 458 ad
1146 414 1212 458 car-

48 521 117 562 nem
141 498 290 584 pertinent
315 497 442 565 absurda
467 495 716 580 abhorrentiaque
741 495 938 581 praestitisse.
990 493 1090 560 Nemo
1118 495 1209 576 enim,

49 603 98 687 qui
116 600 233 685 quidem
253 599 393 684 religiose
410 600 445 663 de
462 599 513 664 itta
529 598 656 677 sentiat,
692 599 728 662 de
744 620 782 663 eo
800 597 944 664 eiusmodi
961 597 1095 681 quiddam
1113 597 1211 661 auimo

48 703 218 788 concipiat,
248 714 299 766 aut
315 702 416 766 verbis
433 701 590 788 exprimat.
636 697 763 783 Quodsi
782 722 869 764 nemo
888 700 999 784 estqui
1016 697 1123 764 rationi
1141 721 1212 764 con·

49 806 144 870 traria
161 815 191 869 et
208 803 334 870 absurda
353 802 401 868 iffa
425 803 524 868 carnis
547 803 640 868 officia
660 803 843 888 praestitisse
868 802 949 868 iffnm
972 803 1141 881 existimet,
1175 821 1213 866 ue

48 929 84 972 ea
102 907 219 992 quidem
237 927 343 991 quaea
362 917 459 972 mente
479 905 705 993 proficiscuntur
727 905 839 970 absona
862 915 892 968 ot
910 904 1097 970 abhorrentia
1115 905 1214 990 perfe-

49 1010 130 1074 cisse
155 1009 298 1095 putandus
319 1019 375 1074 est.
423 1005 485 1072 lam
510 1029 582 1073 vero
606 1007 652 1071 dei
676 1007 798 1072 verbum
817 1009 949 1093 perfecte
971 1007 1119 1072 bominem
1143 1028 1212 1072 esse

50 1114 159 1178 factum
185 1132 272 1176 nemo
297 1133 356 1174 uon
381 1109 530 1195 intelligit.
577 1105 652 1175 Cum
675 1120 771 1174 autem
796 1113 956 1194 perfectum
982 1109 1123 1190 dicimus,
1154 1130 1214 1174 non

50 1216 126 1278 dnos
146 1213 256 1278 idcirco
275 1209 412 1279 Christos
427 1211 607 1290 asserimus,
632 1211 679 1276 ref
696 1213 770 1276 duos
789 1233 877 1294 reges
893 1213 938 1276 dei
957 1213 1048 1293 filios,
1073 1213 1126 1276 sed
1141 1233 1214 1276 enn-

50 1317 117 1380 dem
133 1317 232 1394 deum,
257 1327 287 1380 et
304 1316 428 1379 eundem
445 1315 612 1395 hominem,
636 1335 694 1377 non
712 1314 778 1377 ideo
795 1315 872 1399 quod
888 1313 1025 1379 habitarit
1038 1316 1067 1378 in
1082 1316 1212 1397 homine,

50 1418 104 1482 sed
121 1418 197 1502 quod
213 1417 276 1503 ipse
294 1427 373 1480 totus
393 1416 481 1481 homo
494 1417 534 1480 sit
551 1419 655 1481 factus.
701 1415 809 1502 Neque
828 1438 918 1503 porro
935 1436 1046 1481 merum
1066 1417 1146 1482 iffum
1163 1417 1215 1481 bo·

51 1521 161 1584 minem
186 1519 395 1606 progressione
418 1520 541 1604 quadam
567 1520 603 1584 ad
622 1518 784 1583 divinitatis
811 1521 1008 1585 conditionem
1030 1519 1214 1607 processisse

51 1622 220 1700 credimus,
255 1623 307 1686 sed
324 1622 408 1686 deum
426 1642 442 1685 e
459 1621 543 1686 coelo
561 1621 708 1707 delapsum
726 1643 780 1707 pro
796 1621 958 1688 divinitatis
976 1643 1047 1688 suae
1068 1621 1211 1704 potentia,

50 1747 137 1790 suam
157 1723 214 1789 sibi
229 1724 354 1788 bominis
370 1723 520 1788 effinxisse
538 1733 684 1788 naturam.
732 1721 764 1788 fd
784 1726 859 1808 quod
877 1726 1041 1810 scripturae
1059 1725 1107 1790 iffa
1124 1722 1217 1790 verba

52 1829 222 1907 declarant,
256 1829 376 1890 Verbum
391 1848 460 1888 coro
474 1828 582 1909 fuctum
601 1837 654 1888 est.
702 1823 786 1910 Quae
803 1826 913 1891 idcirco
932 1829 971 1891 ite
988 1837 1130 1914 concepta
1147 1837 1369 1894 suntrana-uu.

52 1951 91 1995 ne
114 1929 257 2016 quispiam
280 1929 336 1996 sibi
360 1931 434 1994 forte
456 1928 649 2014 persuaderet
673 1927 797 2014 primum
825 1928 971 1994 hominem
996 1929 1151 2009 extitisse,
1185 1929 1217 1996 in

53 2053 180 2117 eumque
207 2043 310 2118 postea
330 2031 475 2096 infudisse
499 2051 533 2096 se
558 2027 722 2096 Christum.
767 2027 815 2096 Ob
836 2031 864 2094 id
888 2031 1010 2096 verbum
1034 2032 1129 2118 primo
1150 2029 1216 2096 foco

51 2145 277 2202 sacrosanctum
302 2134 489 2219 evangelium
513 2134 627 2217 posuit,
658 2133 762 2198 deinde
786 2131 853 2218 quid
873 2134 909 2198 de
926 2154 1015 2198 carue
1031 2137 1219 2220 profiteretur

52 2237 198 2304 subiecit:
235 2239 370 2312 Verbum,
402 2235 512 2322 inquit,
542 2259 610 2298 earo
625 2238 733 2319 suehtm
751 2247 804 2298 est.
849 2234 920 2300 Non
945 2236 1020 2300 dixit
1042 2233 1123 2302 Catu
1149 2257 1218 2302 ver-

52 2342 123 2406 bum
143 2350 190 2405 est
204 2341 299 2418 facta,
324 2361 382 2423 qno
397 2339 532 2404 nimirum
551 2339 674 2404 verbum
689 2336 822 2423 inprimis
841 2338 1015 2404 ostenderet
1027 2339 1219 2404 descendisse

53 2445 92 2506 de
114 2443 216 2521 coelo,
251 2435 365 2526 sibique
384 2461 504 2505 carnem
531 2461 651 2504 esacro
675 2441 801 2524 virginis
823 2449 908 2504 utero
931 2442 1093 2521 formasse,
1130 2453 1218 2526 atque

54 2565 173 2610 omnem
195 2543 226 2609 in
247 2564 316 2609 sese
340 2545 471 2628 perfecte
494 2554 626 2607 naturam
650 2542 776 2608 bominis
793 2543 992 2629 expressisse.
1039 2539 1116 2608 Cum
1139 2543 1218 2608 enim

54 2647 97 2710 ita
114 2645 259 2730 loquitur,
286 2647 405 2708 Verbum
423 2667 491 2708 euro
513 2647 697 2728 factumest,
730 2667 789 2710 non
806 2646 876 2711 illud
891 2645 1018 2725 indicat,
1051 2645 1173 2710 verbum
1189 2645 1219 2709 in

54 2769 177 2814 caruem
194 2747 286 2813 fuisse
302 2767 498 2828 conversum,
529 2757 580 2812 aut
594 2749 624 2812 iu
642 2769 706 2813 eam
724 2748 843 2812 omnino
858 2749 1031 2830 transiisse,
1064 2747 1129 2814 sive
1145 2749 1220 2814 divi·

54 2852 179 2917 nitatem
195 2849 226 2914 in
243 2871 360 2916 caruem
376 2871 443 2914 esse
460 2861 613 2931 mutatam,
638 2871 740 2916 rerum
759 2872 826 2916 cum
842 2849 995 2915 divinitate
1011 2850 1133 2916 verbum
1150 2872 1219 2937 pro-

55 2954 150 3040 priam
173 2950 299 3018 honrinis
320 2952 518 3038 assumpsisse
540 2964 688 3018 naturam.

144 3053 312 3142 Quinetiam
323 3058 511 3138 procedebat,
542 3056 654 3140 inquit,
678 3061 759 3120 Iesus
775 3067 869 3118 aetate
882 3077 917 3118 ue
930 3060 1078 3138 supr’entair.
1126 3055 1219 3141 utqui
1265 3065 1327 3134 cap.

54 3160 83 3224 si
104 3159 230 3224 bumana
254 3169 352 3223 mente
376 3169 510 3237 careret,
542 3160 703 3244 procedere
728 3155 778 3242 qui
800 3159 913 3244 potuit?
947 3169 1017 3222 uta
1040 3157 1125 3223 nobis
1150 3135 1365 3257 autefffh'q

54 3263 236 3346 disputatum
253 3273 310 3325 est.
357 3258 415 3327 Cui
432 3271 462 3325 et
479 3271 598 3324 sanctus
616 3261 662 3324 dei
684 3259 824 3346 propheta
842 3259 949 3326 Esaias
966 3260 1160 3347 adstipulatur
1176 3262 1221 3326 his

56 3364 181 3428 verbisa
205 3367 280 3426 Ecce
295 3367 548 3446 rittelligetseruus
562 3385 639 3426 meus
651 3366 787 3438 defectus,
813 3368 842 3426 in
857 3387 913 3445 pun
929 3367 1118 3446 mr'hiplncur'.
1164 3361 1220 3430 Ubi
1237 3379 1374 3439 Mser.
1419 3423 1423 3436 ,

56 3488 120 3532 vox
141 3466 192 3530 ilfa
215 3469 396 3548 cistellr'gendi
415 3468 451 3531 ad
471 3467 629 3552 perfectam
655 3465 781 3530 huminis
806 3477 940 3531 naturam
965 3469 1105 3530 refertur.
1151 3465 1222 3531 Non

55 3569 139 3634 enim
160 3569 325 3655 intelligere
347 3569 498 3654 quisquam
517 3579 633 3654 potest,
665 3569 722 3633 nisi
748 3578 845 3633 mente
865 3569 904 3634 sit
922 3569 1088 3654 praeditus,
1120 3589 1175 3633 nec
1191 3570 1222 3632 in

55 3670 215 3736 divinitate
237 3682 334 3756 potest
358 3671 435 3736 istud
459 3671 586 3756 impleri.
633 3669 781 3756 Quoniam
804 3692 857 3736 nec
882 3671 1076 3757 intelligentia
1096 3669 1220 3755 indiget,

55 3795 136 3862 qnae
153 3773 217 3858 ipsa
232 3795 284 3859 per
297 3793 365 3838 sese
378 3774 417 3838 sit
428 3773 640 3860 intelligentia3
664 3794 758 3858 neque
774 3774 919 3859 sapientia
934 3796 1008 3860 opus
1022 3771 1122 3852 habet,
1147 3793 1223 3858 quae

57 3888 108 3944 cst
123 3877 189 3963 ipsa
207 3875 363 3962 sapientia.
408 3873 494 3942 Unde
516 3877 698 3961 intelligendi
715 3874 888 3942 vccabulum
908 3877 942 3940 ad
962 3877 1118 3940 humanam
1139 3895 1224 3939 men-

58 3993 120 4045 tem
138 3979 310 4042 uecessaric
326 3978 465 4064 pertinet.
508 3977 670 4044 Praeterea
688 3979 757 4044 volo
776 3979 845 4044 iffud
866 3979 934 4051 mihi
953 3978 1051 4056 dicas,
1084 3977 1224 4062 quemad·

57 4082 181 4148 modurn
196 4081 310 4144 esurire
327 4081 465 4166 potuerit.
510 4080 588 4146 Nam
606 4081 632 4146 si
647 4081 718 4145 nihif
735 4093 854 4167 praeter
871 4101 988 4144 caruem
1009 4080 1126 4159 babuit,
1152 4101 1224 4165 quo-

57 4185 151 4250 modo
170 4183 256 4248 famis
271 4183 422 4248 recordari
437 4183 549 4269 potuit?
579 4197 630 4250 aut
645 4183 670 4248 si
689 4205 730 4248 ex
751 4184 847 4248 anima
865 4183 929 4246 soba
946 4195 1096 4248 constaret
1112 4194 1143 4249 et
1159 4205 1226 4248 cor·

57 4307 157 4376 pore,
188 4287 229 4350 ita
245 4298 277 4351 nt
294 4285 433 4351 facultate
451 4285 500 4350 illa
522 4297 639 4352 careret
651 4286 764 4363 anima,
797 4305 871 4370 quae
887 4284 1002 4350 ratione
1017 4280 1148 4373 praedita
1165 4297 1223 4367 est,

59 4393 120 4456 boc
142 4400 189 4454 est
204 4389 321 4476 propria
343 4399 441 4454 mente
456 4388 582 4454 hominis
601 4399 631 4454 et
653 4388 844 4476 intelligentia
862 4389 934 4474 (quo
957 4391 1075 4454 numine
1100 4412 1158 4454 non
1175 4392 1225 4456 de·

943 4509 1021 4575 25*
