3072 5002
319 297 360 365 96
590 367 593 374 .
749 313 873 369 ειασςι
889 315 1058 368 εειειιιαιι

320 451 377 496 σαν
393 437 563 516 φωστῆρες,
588 431 773 519 Ἐξαγαγέτοκ
796 429 817 515 ἦ
837 439 892 519 γῆ,
923 435 989 511 καῖ,
1023 431 1203 516 Ποιήσωμεν
1219 429 1391 513 ῦνθραπον.
1427 433 1481 509 Ὣς

321 557 351 599 τε
367 529 385 600 ό
401 533 499 620 πατὴρ
517 542 557 623 τῷ
573 538 630 624 υίρῦ
643 543 724 600 λαλεῖ
729 586 737 613 ,
759 537 810 600 καὶ
826 539 857 602 οῖ
871 537 924 618 μέν
942 536 1025 621 λόγοι
1040 543 1095 602 τοῦ
1113 543 1192 601 θεοῦ
1208 533 1263 614 οῦς
1276 545 1358 601 λαλεῖ
1370 543 1413 626 τῷ
1429 537 1479 626 υίρῖ

320 634 377 702 οῦκ
392 639 465 702 εἰσιν
484 641 551 703 υίοί.
594 635 633 703 ‘0
647 639 679 703 δέ
694 636 776 715 υἱός,
807 637 884 720 πρός
903 635 937 705 όν
951 647 1033 704 λαλεῖ
1046 636 1064 704 δ
1081 637 1195 724 πατήρ,
1226 637 1298 722 μετιῖ
1314 647 1375 705 τοῖν
1391 639 1480 704 ἄλλον

321 737 452 822 εῦσεβσῖς
467 749 597 806 καλεῖται
615 738 721 827 όρτος,
752 741 802 806 καλ
820 739 896 824 ζωὴ,
918 744 970 806 καλ
990 739 1161 820 όνόστασις,
1184 745 1226 808 ἐτι
1241 744 1291 808 καλ
1312 743 1401 828 λόγος
1419 741 1480 808 όνα-

197 860 309 917 mm.
323 841 459 926 μαῖζεται,
489 843 591 928 ἐπειδὴ
614 844 757 928 έρμηνεός
779 847 838 910 ἐστι
864 849 922 910 τοῖν
942 851 997 910 τοῦ
1020 852 1098 910 θεοῦ
1118 843 1320 929 βουλημόεων.
1355 845 1426 910 Ἵνα
1444 843 1480 926 μή

320 938 376 1012 οὖν
401 946 572 1023 ἀπατῶντες
593 946 663 1023 τοῦς
679 945 899 1026 όπλονστέρους
918 945 969 1014 τόν
985 944 1053 1015 υίόν
1070 945 1178 1014 ταότόν
1193 951 1315 1034 λέγωσιν
1329 951 1363 1014 οῖ
1377 952 1480 1033 αίρετι-

319 1051 369 1115 κολ
384 1059 446 1126 τοῖς
460 1049 561 1136 λόγοις
573 1059 636 1127 τοῖς
652 1049 733 1134 παρό
748 1057 801 1115 τοῦ
819 1057 894 1115 θεοῦ
910 1052 1113 1132 λαλουμένοις,
1136 1049 1169 1117 τό
1184 1051 1330 1135 διόφορον
1344 1059 1399 1117 τοῦ
1415 1055 1480 1118 υίοῦ

320 1159 374 1219 τοῦ
397 1160 472 1218 θεοῦ
489 1149 531 1229 οῖς
546 1150 622 1236 πρός
638 1150 674 1219 τό
693 1155 811 1235 δείματα
828 1159 884 1218 τοῦ
900 1159 977 1218 θεοῦ
1001 1151 1231 1231 ῦπαδεικνόυτες
1248 1157 1280 1220 οδ
1292 1157 1418 1239 πατέρες
1435 1152 1481 1219 τόν

320 1254 404 1334 υίόν,
427 1257 523 1339 φημὶ,
545 1255 651 1322 οὐσίαν
667 1256 821 1334 ἐκόλεσαν,
850 1253 946 1331 οῦτας
963 1253 1017 1338 τήν
1033 1254 1184 1342 διαφορόν
1198 1264 1415 1341 παριστῦντες,
1438 1255 1479 1322 ότι

320 1354 338 1425 ό
359 1356 434 1436 θεός
458 1356 501 1424 όν
527 1360 619 1438 ἐστιν,
647 1361 700 1424 καλ
716 1361 749 1424 οἱ
761 1357 843 1444 λόγοι
860 1356 915 1434 οῦς
930 1366 1010 1423 λαλεῖ
1023 1357 1123 1437 ὄντες,
1157 1357 1211 1424 ἄλλ’
1236 1357 1293 1426 οῦκ
1315 1357 1414 1427 οῦσίοι
1432 1365 1480 1425 τοῦ

319 1468 408 1543 θεοῦ,
420 1463 549 1526 λεκτικαλ
565 1463 597 1526 δέ
613 1464 761 1547 ἐνέργειαι.
804 1458 838 1526 ‘O
856 1463 889 1525 δέ
902 1459 969 1537 υῖός
980 1459 1070 1547 λόγος
1084 1460 1127 1527 νῖν
1139 1459 1205 1545 οῦχλ
1222 1463 1351 1550 ἐνέργεια
1364 1463 1481 1545 λεκτικεί

320 1566 381 1630 ἐστι
396 1571 450 1630 τοῦ
466 1571 559 1643 θεοῦ,
581 1561 639 1629 ἄλλ’
655 1564 722 1642 υίός
740 1563 783 1630 τόν
799 1563 887 1630 σῦσία
910 1565 996 1630 ἐστίν.
1041 1567 1084 1628 EI
1103 1562 1159 1650 γόρ
1180 1563 1199 1633 δ
1220 1565 1318 1650 πατὴρ
1342 1563 1402 1644 νῖν,
1434 1567 1480 1631 καλ

253 1701 257 1712 ’
320 1664 387 1744 υλός
401 1664 461 1746 ιδν,
494 1664 536 1732 οῦν
559 1668 592 1732 δέ
609 1666 705 1745 οῦντες
730 1665 828 1742 όυδός
845 1663 886 1744 ός
905 1669 938 1732 ἐκ
955 1673 1009 1732 τοῦ
1030 1673 1107 1733 θεοῦ
1122 1670 1197 1751 ἐχειν
1212 1672 1341 1754 γνησίως
1357 1668 1389 1734 τό
1409 1665 1480 1733 εῖναι

319 1769 407 1854 λόγος
423 1768 604 1852 νοηθήσεται
619 1767 637 1836 ό
653 1770 734 1848 υἱός,
758 1766 811 1854 οόγ
830 1766 870 1847 οῖς
887 1772 919 1834 οί
931 1767 1014 1856 λόγοι
1031 1773 1063 1836 οῖ
1083 1768 1189 1852 1παηιῖ
1207 1777 1283 1836 θεοῦ
1299 1769 1479 1855 λαλοῦμενοκ

319 1869 444 1938 Ἐκεῖνοι
466 1871 521 1958 γόρ
538 1870 571 1938 τό
590 1869 666 1938 εῖναι
684 1875 716 1939 ἐν
730 1879 770 1961 τῷ
784 1879 919 1938 λαλοῦντι
935 1874 1069 1955 ἔχουσιν,
1098 1870 1165 1939 δ’δέ
1178 1871 1211 1939 τό
1231 1870 1307 1940 εῖναι
1325 1880 1367 1963 τῷ
1381 1875 1414 1940 ἐκ
1431 1879 1480 1939 τοῦ

321 1973 433 2055 πατρός
447 1983 656 2063 γεγεννῆσθαι,
678 1977 730 2041 καλ
743 1973 865 2042 ιίκοόειν
880 1981 934 2040 τοῦ
951 1973 1073 2058 πατρός,
1096 1977 1147 2040 καῖ
1164 1973 1325 2062 ῦπουργεῖν
1338 1983 1380 2065 τρῖ
1392 1977 1480 2062 παερλ

320 2082 385 2163 ἐγει.
436 2077 552 2163 Ταότην
573 2069 630 2145 οῦν
650 2076 705 2162 τήν
726 2075 890 2144 ῦπόστασιν
909 2074 1013 2144 οῦσίαν
1035 2075 1178 2145 ἐκόλεσαν
1200 2081 1232 2145 οί
1251 2081 1383 2166 πατέρες.

184 2413 302 2486 ιςφημ,
394 2387 527 2473 Ὅμοιον
542 2379 599 2455 οὖν
619 2396 748 2472 νοοῦμεν
767 2386 819 2455 τόν
834 2386 901 2453 υίόν
920 2393 961 2477 τῷ
975 2389 1064 2475 πατρλ
1080 2385 1156 2453 κατεῖ
1172 2385 1286 2469 πόντα,
1317 2388 1481 2473 μαχόμενοι

322 2493 369 2560 καί
399 2490 476 2578 πρός
500 2489 555 2574 τόν
579 2498 636 2557 νῦν
659 2493 863 2574 ἐπιφυομίνην
889 2493 1000 2576 α’ίρεσιν
1030 2499 1086 2584 ἐτη
1110 2493 1256 2582 ἐκκλησίᾳ.
1299 2487 1337 2556 Ἡ
1352 2489 1410 2577 γόρ
1430 2498 1483 2556 νῦν

321 2599 444 2682 αἵρεσις,
466 2592 540 2660 κατεῖ
557 2594 610 2677 μέν
624 2593 767 2678 βοῦλησιν
781 2595 833 2658 καλ
849 2592 904 2677 τόν
916 2596 1063 2681 ἐνέργειαν
1077 2593 1273 2676 όποφαίνεται
1288 2590 1363 2660 εῖναι
1378 2592 1483 2677 όμοιον

319 2697 372 2765 τόν
389 2695 457 2765 υίόν
480 2703 521 2788 τρῖ
543 2697 647 2782 παερλ,
678 2695 753 2762 κατό
775 2697 808 2762 δέ
834 2694 893 2762 ’τό
919 2694 1061 2780 όνόμοιον
1077 2693 1153 2763 εῖναι
1171 2696 1224 2764 τόν
1243 2694 1310 2762 υῖδν
1327 2703 1371 2784 τῷ
1386 2698 1484 2782 πατρί,

321 2798 362 2877 οῖς
377 2799 648 2880 κατασκευάζεσθαι
666 2798 749 2886 παραῖ
765 2805 826 2865 ταῖν
839 2805 894 2864 νῦν
911 2805 1023 2866 καινοῦν
1041 2803 1213 2885 αέρετικαῖν,
1243 2797 1289 2866 ότι
1307 2797 1328 2884 ἦ
1344 2800 1399 2881 μέν
1415 2799 1485 2884 βοό-

319 2912 403 2988 λησις
417 2910 472 2970 τοῦ
488 2907 558 2969 υίοῦ
576 2903 626 2968 καλ
643 2899 664 2987 ἦ
680 2905 811 2988 ἐνέργεια
831 2908 886 2969 τοῦ
902 2905 972 2968 υίοῦ
990 2899 1079 2987 όμοία
1097 2910 1131 2994 τῇ
1149 2901 1288 2986 βουλήσει
1304 2910 1359 2970 τοῦ
1375 2902 1484 2984 πατρός

320 3008 371 3073 καλ
388 3014 424 3098 τῇ
442 3009 570 3094 ἐνεργείᾳ
587 3011 641 3072 τοῦ
658 3003 787 3091 πατρός,
810 3001 901 3080 αῦτός
919 3006 950 3071 δέ
968 3002 986 3070 ό
1004 3003 1069 3083 υίός
1086 3001 1230 3087 α’νόμοιος
1245 3011 1287 3094 τρῖ
1302 3011 1401 3087 πατρί.
1426 3007 1483 3070 Καί

323 3108 373 3176 διό
388 3116 476 3175 τοῦτο
489 3107 543 3193 τόν
558 3110 612 3192 μέν
624 3108 765 3196 βοόλησιν
780 3115 835 3172 τοῦ
853 3111 922 3173 υίοῦ
936 3110 988 3174 καλ
1004 3106 1060 3191 τήν
1075 3110 1222 3194 ἐνέργειαν
1235 3109 1395 3191 βοόλονται
1412 3104 1483 3174 εῖναι

320 3325 421 3383 λονται
441 3315 548 3400 ὅμοιον
569 3312 644 3380 εῖναι
661 3319 704 3403 τῷ
720 3314 826 3398 πατρλ,
856 3311 960 3397 ἐπειδὴ
975 3317 1217 3397 διαβεβαιοῦνται
1234 3311 1275 3397 μή
1291 3311 1367 3380 εῖναι
1383 3317 1415 3380 ἐκ
1433 3320 1484 3380 τοῦ

324 3425 402 3484 θεοῦ
418 3421 630 3506 γεγεννημένον
644 3415 698 3483 τόν
713 3414 790 3499 νίόν,
814 3413 885 3481 όλλαῖ
899 3415 993 3500 μόνον
1009 3423 1115 3500 κτίσμα
1131 3413 1206 3483 εῖναι
1222 3414 1326 3496 αὐτόν,
1348 3419 1400 3482 καλ
1417 3423 1483 3482 τοῦ·

322 3545 374 3586 τον
395 3523 546 3606 διαφέρειν
564 3527 624 3586 ταῖν
644 3527 759 3586 λοιπαῖν
782 3517 965 3603 κτισμάτων,
994 3518 1040 3586 ότι
1060 3545 1092 3586 τε
1112 3517 1244 3606 ῦπερέγει
1269 3521 1405 3606 μεγέθει,
1436 3520 1483 3585 καί

322 3623 368 3690 ότι
386 3630 503 3708 πρῶτος
519 3629 577 3688 τοῖν
593 3617 736 3690 όπόνταν
755 3618 876 3706 ῦπέστη,
898 3625 949 3688 καλ
966 3621 1013 3690 ότι
1030 3619 1174 3712 ῦπουργρῖ
1191 3619 1271 3711 αῦτρῖ
1287 3623 1430 3708 ἐχρήσατο
1445 3625 1485 3698 εές

322 3724 456 3810 τὴντῶν
480 3731 594 3790 λοιπόν
617 3727 812 3811 δημιουργίαν
826 3722 844 3792 ό
858 3724 948 3805 θεός,
972 3725 1091 3810 ἐπειδὴ,
1114 3728 1207 3807 φασίν
1223 3729 1255 3792 οῖ
1274 3728 1427 3812 αίρετικολ,
1450 3722 1484 3790 τό

323 3831 377 3914 μέν
404 3826 473 3894 ίίλλα
499 3826 536 3894 δι’
552 3831 621 3893 υῖοῦ
644 3823 663 3893 ό
683 3826 756 3904 θεός
775 3831 883 3910 ἐποίει,
913 3825 1004 3895 αῦτόν
1027 3831 1060 3895 δέ
1082 3827 1120 3895 οῦ
1135 3827 1185 3894 διό
1202 3847 1298 3908 τινος,
1321 3825 1381 3895 ἄλλ’
1396 3826 1485 3904 αῦτός

323 3931 414 3999 αῦτόν
443 3929 642 4017 αῦτοόργησε,
673 3932 725 3994 καλ
749 3927 929 4015 ῦπερέγονεα
958 3933 1077 4017 μεγέθει
1105 3933 1156 3997 καλ
1187 3930 1313 4016 δυνόμει
1342 3929 1484 3998 οῖποῖντυν

322 4036 449 4118 ἐποίησε.
493 4032 553 4100 Διό
575 4040 661 4099 τοῦτο
684 4031 778 4099 αῦεόν
797 4033 913 4100 ἐκόλεσε
935 4037 1080 4120 μονογενῆ
1100 4031 1175 4101 υίόν.

184 4151 251 4219 Κεφ.
265 4145 306 4206 ιό.
407 4135 506 4221 Ἡμεῖς
522 4137 555 4202 δέ
572 4139 605 4203 οδ
624 4143 677 4220 τῆς
701 4143 867 4218 καθολικῦγς
883 4137 1037 4219 ἐκκλησίας
1052 4138 1085 4203 ἐκ
1103 4144 1163 4203 τοῖν
1178 4141 1273 4204 θείαν
1287 4144 1414 4225 γραφοῖν
1431 4134 1483 4220 τήν

200 4281 251 4328 μ..
264 4268 310 4314 ιιι,
324 4235 485 4327 δμσλογίαν
497 4247 550 4325 τῆς
562 4244 687 4316 πίστεως
701 4237 917 4324 παρειληφότες
929 4237 1025 4317 οῦτας
1039 4241 1151 4324 ἔχομεν,
1175 4239 1220 4308 ότι
1234 4237 1253 4305 ό
1266 4237 1363 4325 πατὴρ
1377 4235 1482 4324 δμοίου

355 4447 380 4502 3.
397 4445 465 4512 παρὰ
482 4451 549 4500 codd.
572 4464 626 4502 πει.
652 4455 762 4514 uterque,
787 4453 808 4500 ιλ
829 4449 884 4502 east.
955 4449 1013 4500 θιν.
1032 4449 1103 4501 xm.
1121 4477 1155 4489 -
1198 4449 1220 4502 1.
1237 4449 1270 4519 τῇ
1286 4443 1399 4502 οπίῦνπ
1415 4455 1447 4502 ut
1458 4451 1482 4498 υ

319 4521 395 4583 μεσπι.
430 4513 474 4572 διὰ
491 4521 528 4569 ιλ
544 4519 627 4571 Ριιαυ.
920 4519 956 4568 ιθ.
977 4521 1058 4569 Poma.

948 4587 973 4637 ’λ
992 4587 1122 4640 Camarina
1146 4587 1199 4654 (ςυί
1215 4589 1282 4638 vertit
1304 4585 1375 4638 ῖυιει
1399 4599 1481 4639 euen-
