3082 5006
155 919 265 978 man.
513 900 597 960 νον
616 900 683 960 ων
699 813 849 960 mohs
869 899 1045 960 mm
1065 897 1208 958 Ηττον

572 1054 613 1141 Ε
645 1051 692 1138 Π
722 1051 741 1136 1
772 1051 809 1138 Φ
840 1053 875 1138 Α
904 1051 953 1138 Ν
982 1051 1002 1136 I
1034 1049 1078 1140 O
1110 1047 1151 1138 Τ

388 1263 607 1335 ΚΑΤΑ
661 1261 823 1332 ΤΩΝ
874 1261 1337 1332 ΔΙΡΕΣΕΩΝ

499 1442 628 1498 νουσα
646 1441 800 1498 moros
819 1441 892 1497 νον
908 1439 1043 1498 κοινοῖ
1061 1441 1218 1498 Rumon

312 1691 442 1763 ΠΕΡΙ
469 1691 573 1762 ΤΟΥ
599 1681 957 1760 *ΣΧΙΣΜΑΤΟΣ
983 1688 1093 1760 ΤΩΝ
1119 1691 1415 1781 ΑΥΔΙΑΝΩΝ,

567 1803 794 1900 πεντηκοστὴ,
820 1802 844 1901 ή
869 1807 932 1879 καλ
957 1803 1159 1902 ἐπτακοοτή.

142 1961 210 2031 Κεφ.
226 1958 260 2016 α’.
361 1955 530 2034 Αὖθιανολ,
554 1957 652 2020 ελτουν
665 1953 824 2032 ’.ίλδιανολ,
847 1948 944 2038 τάγμα
961 1955 1042 2018 είσίν.
1090 1953 1182 2020 Οὔτοι
1198 1955 1230 2021 δὲ
1248 1955 1280 2022 ἐν
1298 1979 1445 2040 μοναστη-

277 2061 353 2144 ρίοις
368 2055 422 2142 τήν
434 2063 606 2141 κατοίκησιν
623 2057 777 2138 κέκτηνται
791 2051 1028 2142 α’ναγωροῦντες,
1050 2057 1147 2142 τάγμα
1163 2053 1245 2135 ὄντες
1262 2059 1293 2124 ἐν
1308 2059 1446 2142 ἐρημίαις

277 2185 308 2226 τε
324 2162 375 2226 καλ
399 2165 604 2244 πλησιαίτερον
626 2157 757 2237 πόλεων,
788 2160 820 2224 ἐν
835 2161 1022 2243 προαστείοις
1037 2183 1067 2224 τε
1083 2161 1136 2224 καλ
1158 2159 1230 2226 ὅποι
1252 2157 1306 2237 τάς
1329 2162 1446 2227 ἐαυτεῖν

278 2261 381 2346 μονάς,
399 2260 465 2344 ήτοι
484 2261 633 2345 μάνδρας,
665 2263 789 2344 ἔχουσιν.
836 2251 933 2337 Οὗτος
954 2257 1103 2337 όΑόόιος
1117 2263 1231 2328 τοιίτων
1255 2259 1383 2348 όρχηγός
1398 2289 1445 2348 γε-

278 2368 397 2452 γένηται
414 2365 446 2429 ἐν
461 2363 581 2446 χρόνοις
595 2359 720 2445 Ἀρείου,
743 2359 873 2444 ὁπηνίκα
890 2363 1097 2448 συνεκροτήθη
1115 2362 1190 2429 κατά
1207 2361 1322 2446 Ἀρείον
1335 2361 1357 2446 ή
1372 2364 1446 2431 σόν-

278 2471 350 2542 οθος
367 2473 426 2530 τόν
441 2462 533 2531 αὐτὸν
557 2463 755 2530 καθελόντων.
793 2457 850 2530 Ἦν
864 2463 896 2530 θλ
914 2461 931 2531 ό
946 2461 1023 2551 άνήρ
1043 2461 1103 2532 άπό
1120 2473 1172 2548 τής
1190 2467 1296 2549 Μέσης
1311 2474 1371 2532 τῶν
1389 2493 1446 2534 πο-

277 2574 379 2650 ταμῶν
396 2563 584 2650 όρμοίμενος,
616 2567 766 2650 διαφανής
789 2592 835 2644 τις
853 2565 929 2633 κατά
952 2565 1007 2651 τήν
1030 2569 1139 2634 ἐαυτοῦ
1159 2572 1303 2655 πατρίδα,
1334 2567 1385 2635 διά
1409 2567 1445 2635 τό

279 2669 444 2750 άκραιφνές
460 2676 513 2734 τοῦ
529 2673 599 2753 βίον
619 2671 671 2736 καλ
694 2667 770 2735 κατά
794 2667 870 2736 θεόν
894 2668 982 2753 ζήλου
1007 2672 1060 2735 καλ
1083 2674 1222 2747 πίστεως·
1253 2669 1289 2748 ός
1304 2669 1448 2750 πολλάκις

278 2769 432 2854 θεώμενος
451 2769 489 2837 τά
510 2773 541 2837 ἐν
559 2780 623 2848 τοῖς
641 2774 806 2854 ἐκκλησίαις
824 2770 985 2857 γενόμενα,
1019 2775 1061 2849 είς
1083 2772 1245 2859 πρόςωπον
1269 2773 1448 2840 ἐπισκόπων

279 2897 310 2938 τε
327 2874 379 2939 καλ
399 2875 606 2959 πρεσβυτέρων
633 2877 836 2961 Ιἐλεγκτικῶς,
847 2869 994 2939 άντετίθει
1014 2883 1077 2951 τοῖς
1093 2874 1242 2952 τοιούτοις
1256 2877 1363 2962 λόγων,
1397 2877 1447 2942 Οὔ

278 2975 334 3061 χρή
349 2983 442 3043 ταῦτα
462 2975 558 3052 οὕτως
573 2977 730 3062 γενέσθαι,
751 2974 807 3044 οιίκ
824 2973 934 3057 όφείλει
950 2983 1042 3042 ταῦτα
1058 2977 1154 3053 οὕτως
1169 2975 1368 3061 πράττεσθαι·
1402 2975 1448 3056 οἱς

157 3122 208 3170 μγ,
220 3111 265 3156 ⁸12.
280 3077 355 3165 άνήρ
377 3077 553 3162 άληθεόων,
584 3080 633 3144 καλ
655 3075 747 3145 όπσῖα
771 3087 853 3158 φιλεῖ
872 3074 934 3145 vind
958 3085 1017 3146 τῶν
1039 3077 1214 3162 φιλαλήθως
1236 3081 1449 3166 ἐλευθεροστο-

279 3180 415 3264 μοόντων
433 3182 569 3266 ἀνδρῶν,
604 3187 686 3246 ’τῶν
706 3179 830 3264 μάλιστα
852 3178 904 3247 τόν
920 3185 988 3263 βίον
1011 3178 1160 3264 α’κρότατα
1183 3184 1338 3264 βιούντων.
1385 3181 1447 3248 Διό

277 3289 400 3349 τοιαῦτα
424 3279 519 3369 όρῶν,
552 3279 594 3358 οἷς
621 3291 782 3367 προεῖπον,
813 3283 845 3349 ἐν
867 3292 931 3360 ταῖς
954 3285 1121 3365 ἐκκλησίαις
1143 3291 1241 3350 λαλεῖν
1263 3283 1446 3370 ἠναγκάζετο

279 3385 356 3470 πρός
372 3390 504 3474 ίλεγγον,
527 3387 577 3451 καλ
592 3383 649 3451 οόκ
664 3384 786 3452 ἐσιεόπα.
831 3388 877 3450 Er
889 3411 955 3449 τινα
968 3384 1025 3470 γάρ
1041 3381 1099 3450 είδε
1114 3392 1176 3451 τῶν
1188 3384 1447 3470 φιλοχρηματοόν-

277 3515 337 3555 των
351 3496 405 3555 τοῦ
421 3488 549 3570 κλήρου,
571 3485 592 3570 ή
609 3491 787 3566 ἐπίσκοπον,
809 3485 831 3569 ἢ
847 3486 1063 3568 πρεσβύτερον,
1086 3485 1106 3570 ἢ
1122 3487 1223 3575 ἕτερόν
1239 3516 1305 3555 τινα
1322 3495 1376 3554 τοῦ
1392 3515 1448 3554 κα-

278 3589 383 3670 νόνος,
412 3587 533 3666 κόνεως
553 3591 724 3675 ἐφθίγγετσ.
769 3591 830 3654 Καλ
848 3591 877 3653 εί
889 3586 968 3674 ἐόρα
984 3587 1050 3655 τινά
1066 3591 1210 3682 ἐντραφῇ
1229 3593 1280 3657 καλ
1295 3589 1444 3682 σπατάλη,

277 3692 299 3777 ἤ
315 3719 381 3760 τινα
402 3691 667 3777 παραγαράτεοντα
687 3689 724 3756 τά
740 3693 825 3777 ἐντῷ
844 3692 1072 3781 ἐκκλησιαστικιγῖ
1089 3689 1255 3780 κηρύγματι
1271 3695 1323 3759 καλ
1337 3700 1448 3782 θεσμῷ

277 3802 332 3877 τῆς
351 3795 523 3876 ἐκκλησίας,
554 3791 595 3876 μή
612 3795 712 3879 φέρων
730 3788 749 3858 ό
766 3789 840 3877 άνήρ
863 3792 1074 3880 προεβάλλετο,
1103 3790 1145 3871 οός
1161 3797 1253 3878 ἔφην,
1275 3793 1328 3862 τόν
1344 3793 1444 3880 λόγον.

280 3899 342 3962 Kal
370 3889 410 3979 ἦν
438 3902 526 3962 τοῦτο
556 3904 619 3972 τοῖς
646 3894 688 3980 μή
709 3891 761 3961 τόν
788 3898 857 3978 βίον
886 3897 1136 3980 δεδοκιμασμίνον
1165 3899 1280 3981 ἔχουσιν
1304 3899 1444 3981 ἐπαχθίς.

276 3995 423 4080 ’Τβρίζετο
441 3998 498 4064 ’δὲ
513 3999 610 4064 ἕνεκεν
628 3997 746 4077 τούτου,
770 3999 821 4062 καλ
837 3994 1012 4085 άντελίγετο,
1036 4000 1178 4081 ἐμισεῖτο,
1200 4002 1287 4085 ίφερε
1302 4003 1444 4066 κλαίωνν·

278 4097 401 4181 ίόμενός
423 4125 453 4165 τε
475 4102 527 4166 καλ
553 4098 732 4184 ὠθούμενος
754 4101 805 4166 καλ
826 4097 1053 4185 ἀτιμαζόμενος,
1083 4101 1139 4178 ἕως
1158 4101 1268 4188 χρόνον
1289 4105 1395 4168 ίκανυῦ
1411 4103 1445 4168 ἐν

312 4354 478 4429 *σχήματος
500 4361 568 4412 codd.
591 4375 647 4412 τινα.
672 4365 693 4410 τί
712 4361 748 4411 ed.
765 4362 842 4422 μτίιισ.
911 4357 969 4410 θεν.
989 4361 1007 4409 λ.
1028 4385 1062 4400 -
1081 4357 1102 4412 l.
1121 4356 1251 4422 ίλεκτιιιὸς
1266 4361 1334 4412 codd»
1352 4367 1445 4414 ποιπιί

277 4426 372 4546 πῦἑνγιῶα
395 4438 490 4480 sectum
508 4428 676 4480 λιιιλίαοστασι
700 4431 768 4480 verm
787 4430 843 4479 Gor·
876 4430 932 4479 τσλλ.
948 4431 1024 4492 μνίου.
