3042 5016
280 319 418 372 ranann
436 319 499 372 ma.
509 319 553 372 tn.
572 319 938 375 remuneramur.
1126 307 1185 372 321

42 436 228 521 Quamobrem
250 451 284 504 ut
302 439 380 504 illius
405 440 519 505 animus
545 439 701 526 opinioque
728 441 801 520 lert,
834 451 884 504 aut
905 439 993 503 lilium
1018 440 1104 504 deum
1122 461 1190 506 esso

41 553 134 626 negat,
167 543 325 607 etnomini
350 541 406 628 ipsi
432 543 605 608 calumniam
629 544 715 622 iacit,
749 543 816 606 dum
837 539 1024 608 Christianus
1049 544 1191 629 appellari

39 647 124 730 cupit,
155 657 207 710 aut
225 647 310 712 deum
336 647 535 732 essequidenu
553 646 641 710 lilium
668 655 765 731 putat,
798 647 850 710 sed
868 644 986 710 minime
1006 667 1128 729 rerum,
1159 657 1192 711 ιιι

38 767 72 810 ex
91 748 153 812 eius
171 749 319 812 sententia
343 749 416 812 deus
441 750 514 813 alius
532 749 572 813 sit
591 769 697 827 verus,
733 748 808 812 alius
828 770 886 813 non
904 768 1005 812 verus.
1053 746 1190 834 Quuapro·

37 860 94 933 pter
106 871 172 914 cum
189 851 314 915 alterurn
330 851 415 916 alteri
429 851 582 931 subiiciat,
613 862 643 915 ct
660 850 793 937 spiritum
811 861 943 915 sanctum
962 852 992 914 in
1017 851 1123 915 minori
1147 862 1190 915 at·

37 973 86 1035 que
103 953 238 1017 interiori
255 953 326 1017 sede
342 954 485 1035 collucet,
516 973 641 1018 necesse
660 965 707 1018 cst
723 965 754 1018 ut
770 965 821 1017 aut
837 953 980 1016 minorem
997 952 1086 1017 alium
1104 954 1189 1016 dcurn

38 1067 209 1138 eognoscat,
246 1067 314 1137 aut,
349 1058 375 1122 si
398 1057 519 1121 trinitati
536 1077 719 1142 nequaquam
745 1058 999 1121 annumerandum
1023 1055 1188 1138 existimet,

37 1178 149 1241 prorsus
168 1181 185 1222 a
201 1155 440 1224 Christianorum
469 1181 593 1224 numero
615 1161 817 1244 segregandus
836 1159 875 1224 sit
891 1159 995 1223 infelix
1020 1158 1190 1240 homuncio,

38 1271 114 1345 atque
129 1261 166 1325 ad
184 1261 337 1346 gentilium
365 1263 540 1342 factionem,
575 1263 622 1326 vel
641 1257 878 1326 Sadducaeorum
905 1282 1026 1347 prorsus
1051 1262 1191 1346 ablegan-

38 1364 94 1428 dus.
143 1363 199 1430 Est
217 1364 295 1428 enim
313 1387 331 1430 a
350 1365 455 1451 spiritu
479 1376 582 1430 sancto
611 1363 714 1428 borum
739 1364 834 1430 instar
856 1364 982 1430 alienus.
1027 1364 1076 1429 Ab
1096 1365 1191 1450 genti·

37 1465 97 1530 lium
118 1489 193 1532 vero
217 1454 351 1554 partibus
375 1481 498 1533 eatenus
522 1479 598 1547 stat,
630 1469 696 1532 dum
721 1490 809 1532 unum
835 1489 902 1532 esse
922 1478 1026 1532 censet
1044 1489 1189 1532 summum

38 1569 133 1649 lcum,
170 1572 293 1636 alterum
317 1571 479 1652 minorem,
511 1593 613 1636 verum
641 1593 747 1649 unauna,
780 1571 904 1635 alterum
928 1593 988 1636 non
1007 1591 1129 1652 rerumq
1161 1571 1191 1635 id

40 1673 108 1754 quod
127 1671 238 1738 Graeci
255 1675 449 1754 cantitentur,
482 1674 530 1760 qui
549 1695 636 1738 ununu
655 1674 795 1738 maiorem
816 1675 920 1756 deum,
956 1674 1100 1738 minorum
1118 1693 1192 1758 gen·

37 1773 99 1838 tium
116 1785 237 1841 ceteros
255 1777 413 1862 appellant.
460 1774 568 1841 Sed
539 1777 674 1840 nimirum
694 1777 846 1862 perspicue
863 1723 944 1840 illuln
959 1797 1110 1841 sacrarum
1127 1777 1192 1840 lite·

35 1896 125 1942 rarum
150 1879 302 1943 ucruvincit
325 1881 505 1960 auctoritas,
536 1900 611 1964 quae
637 1900 702 1942 curn
724 1879 761 1942 de
781 1890 864 1965 patre
891 1880 1068 1966 loquuntur,
1100 1885 1187 1955 Beue,
1208 1900 1319 1947 numm

34 1979 182 2064 inquiunt,
205 2005 289 2045 cemus
304 1996 366 2059 cst
391 1983 479 2047 lilium
498 2002 614 2068 quoque
629 1982 728 2046 rtudem
748 2001 815 2046 esse
833 1984 918 2045 deum
934 1993 1084 2048 asserunt
1129 1980 1188 2046 Po·
1201 1954 1326 2101 plaic.

34 2086 513 2171 stremocuuadespirituoancto
531 2085 708 2172 loquuntur,
739 2091 871 2167 speratum
887 2089 1015 2148 verutatas
1030 2085 1188 2170 appellant
1204 2036 1335 2153 ¹1⁰i'iiii’⁹

35 2181 129 2270 ltaque
156 2186 274 2253 trinitas
300 2209 372 2253 vere
396 2187 512 2253 notis
504 2209 533 2251 tn
556 2193 695 2270 supientia
717 2201 748 2251 et
765 2193 929 2251 dubitaturum
946 2191 1097 2251 altitudine
1115 2210 1189 2251 nun·
1175 2163 1264 2258 ·niil.
1270 2161 1305 2269 ii',
1310 2210 1345 2256 ιι

35 2292 129 2351 datur.
217 2305 219 2312 ’

114 2387 157 2456 ll.
204 2389 448 2478 PergitAc'tinsa
480 2397 635 2456 Etolesu
651 2397 779 2470 Chresto,
812 2393 923 2479 inquit,
953 2417 1002 2477 qua
1018 2398 1120 2456 massus
1135 2405 1188 2456 est.

33 2487 93 2557 Nec
118 2495 223 2580 puduit
246 2497 339 2582 ipsunt
364 2495 517 2578 aurigenito
539 2496 586 2560 dei
612 2517 718 2561 nomen
743 2495 918 2575 detrahere,
951 2517 1036 2580 quem
1062 2498 1139 2560 nudo
1157 2517 1192 2560 aa

35 2595 152 2684 simplici
172 2598 318 2662 vocabulo
342 2599 521 2679 declaravitp
552 2599 580 2663 id
598 2600 673 2684 quod
693 2599 722 2662 iu
743 2598 945 2685 superioribus
964 2597 1106 2686 capitibus
1125 2620 1193 2685 pro·

33 2698 123 2764 lessus
140 2711 207 2780 est,
239 2722 305 2765 cum
324 2701 402 2765 illius
423 2703 513 2766 decus
531 2723 565 2766 ac
582 2703 752 2787 dignitatem
774 2701 901 2766 nominis
921 2703 980 2767 lilio
998 2702 1192 2788 appellatione

35 2803 91 2866 sola
109 2803 272 2868 concessit.
319 2801 453 2868 Eundem
474 2815 571 2868 tamen
597 2815 666 2870 ante
684 2805 803 2870 saecula
821 2805 1030 2870 subsistentem
1048 2806 1141 2870 luisse
1157 2825 1192 2868 aa

34 2906 145 2987 genitae
165 2925 273 2970 revera
288 2907 471 2971 substantiae
490 2907 628 2972 extitisse
648 2919 761 2972 narrat.
807 2909 900 2973 Addit
916 2909 1040 2988 deinde,
1074 2912 1193 2970 Consen-

33 3009 103 3069 caltt
125 3031 177 3071 vos
196 3009 233 3070 nd
249 3013 400 3090 inpietate.
449 3007 532 3075 Solet
560 3011 639 3074 enirn
664 3009 809 3095 flagitiosa
834 3032 967 3096 quaeque
990 3011 1096 3075 mulier
1122 3031 1193 3074 non·

34 3110 137 3175 ricinus
155 3121 349 3176 antevertens
368 3133 468 3177 mores
485 3133 556 3177 suus
573 3113 638 3178 aliis
654 3114 849 3200 exprobrare.
896 3112 947 3180 Sic
968 3115 1074 3178 Attius
1090 3113 1192 3199 impie·

34 3213 98 3278 tatis
121 3235 197 3279 suae
222 3213 452 3299 magnitudinem
479 3237 539 3279 non
563 3216 697 3280 sentiens
720 3217 798 3302 pium
826 3237 894 3282 esse
919 3237 952 3281 se
969 3237 1005 3281 ac
1022 3216 1192 3304 religiosum

35 3317 213 3398 arbitraturq
245 3329 279 3382 ut
295 3318 344 3403 qni
361 3318 450 3382 animi
469 3318 572 3382 delirio
588 3319 723 3384 laborant
738 3319 783 3383 sui
800 3341 833 3385 se
849 3331 999 3405 compotes
1016 3341 1051 3383 au
1069 3320 1193 3405 prudeu-

36 3427 93 3498 tes,
118 3432 239 3484 ceteros
255 3432 353 3486 mente
368 3431 468 3508 captos
489 3419 673 3486 existimant.
720 3419 799 3486 ldeun
815 3443 905 3508 porro
920 3443 1004 3503 eum,
1027 3427 1062 3485 In
1080 3425 1193 3484 Christo

33 3523 108 3598 leco,
142 3521 290 3603 dixisset,
320 3528 461 3588 ιιιιιιιιιιιι
484 3535 611 3588 nostrum
639 3522 768 3589 adiicere
787 3545 846 3589 non
869 3535 915 3588 est
932 3543 1040 3606 ausus,
1073 3523 1125 3589 sed
1145 3544 1194 3586 ca-

35 3624 177 3705 tillando,
211 3629 362 3689 Suluutorc
377 3639 476 3690 acano
491 3627 577 3691 dixit.
623 3631 679 3690 Per
704 3650 783 3710 quem
805 3631 904 3710 gloria
930 3634 1020 3691 omnu's
1037 3633 1134 3710 patri,
1165 3636 1195 3686 et

36 3749 124 3804 nane,
159 3739 192 3790 et
205 3751 331 3811 semper,
356 3734 385 3792 e'n
404 3733 519 3793 saecula
535 3731 730 3807 ramulorum,
754 3737 857 3794 Amen.
904 3728 962 3798 Ubi
979 3731 1076 3817 quud,
1101 3733 1195 3792 Omnis

33 3833 145 3908 ploratu,
180 3832 315 3916 scripsit,
347 3832 676 3913 ideooonsiliuleeit,
709 3844 741 3898 ut
759 3835 796 3898 ab
814 3856 850 3899 eo
870 3834 982 3900 bonore
999 3853 1035 3898 ac
1051 3830 1146 3918 gloria
1162 3831 1194 3894 li·

37 3931 101 3997 lium
127 3933 319 4000 excluderet.
364 3931 450 4019 Quod
472 3935 588 4021 quidem
612 3958 699 4002 nemo
728 3936 793 4024 pius
813 3960 848 4002 ac
867 3958 968 4002 ueram
990 3937 1075 4000 lidem
1100 3934 1194 3999 sancti

37 4037 157 4124 spiritns
180 4037 324 4102 beneficio
347 4049 524 4104 consecutus
546 4040 691 4105 admittet.

116 4143 169 4206 lll.
217 4139 298 4205 llaec
312 4141 454 4206 adversus
471 4140 552 4207 Aelii
570 4143 706 4227 dogmata
723 4141 896 4227 disputanda
914 4141 1093 4226 putarimus,
1119 4159 1195 4225 quae

35 4242 80 4307 ille
97 4243 254 4309 dialectica
279 4245 416 4309 facultate
435 4254 465 4307 et
480 4244 704 4329 argumentandi
721 4243 882 4307 subtilitate
900 4243 1093 4328 humanisque
1111 4264 1196 4330 prae·

37 4345 130 4432 stigiis
154 4348 250 4414 lretus
275 4345 419 4434 capitibus
443 4358 555 4434 septem
576 4369 612 4413 ac
634 4346 756 4433 triginta
778 4343 929 4411 disseruit.
975 4344 1023 4412 Ea
1039 4367 1113 4412 veru
1129 4367 1195 4411 oum

70 4515 109 4570 13.
131 4512 233 4572 deleat
251 4515 288 4578 ιις
304 4519 372 4569 codd.
388 4531 460 4584 mss„
478 4521 513 4570 ult
526 4533 601 4582 supro
670 4515 708 4572 tt.
727 4519 794 4570 atta
808 4519 880 4583 uatpo
895 4514 1017 4586 ιιιριάριι

35 4584 163 4650 peſtremo
198 4580 243 4640 olel
260 4585 298 4646 ale
314 4588 379 4637 editt.

85 4671 179 4727 οιιιιιι
191 4667 326 4714 ιιιιιιιιιι
336 4665 398 4714 ιιι
952 4674 991 4741 21
