3082 5006
282 297 418 350 rossan
436 297 691 350 urs.1u.rou.r.
710 298 809 351 uasa.
829 299 938 350 uxxtr.
1147 286 1187 350 dt

110 413 255 480 Ceterum
280 439 317 481 an
340 417 455 481 libellus
478 416 534 480 iste
559 428 641 482 recto
663 438 697 480 se
719 417 843 496 babeat,
876 438 988 499 necue,
1021 419 1122 501 legant
1139 418 1187 504 qui
1205 415 1267 487 ΒΨ·
1281 415 1324 473 IV·

32 529 165 602 possunt,
203 520 297 604 etqui
315 529 449 583 exactam
476 539 577 582 eorum
603 519 725 604 quaein
745 541 781 584 eo
801 520 910 606 scripta
932 531 1000 585 suut
1024 519 1189 605 intelligen-

33 623 95 684 tiam
120 621 235 684 babere
261 632 383 706 possunt
411 622 514 705 ecquid
540 620 570 683 in
593 643 629 685 eu
654 621 717 686 vitii
744 622 783 684 sit
809 622 949 686 iudicent.
1000 620 1083 687 Nihil
1109 623 1187 688 euim

34 734 232 809 praeterquam
258 723 333 808 quod
359 722 468 788 scimus
491 734 521 786 et
541 724 577 786 ad
594 744 648 786 uus
673 722 816 808 perlatum
841 733 887 788 est
908 743 1082 788 asseverare
1105 725 1188 788 volu·

35 847 100 889 uns.
146 825 196 889 dc
214 825 285 888 licet
300 824 372 888 nibil
388 826 417 888 in
436 847 472 888 eo
492 825 591 888 libello
610 847 674 889 non·
690 835 801 888 castum
827 847 861 890 ac
879 827 1025 891 sincerum
1050 825 1106 903 sit,
1140 825 1189 891 rel

35 949 67 990 ex
81 927 142 1012 ipsu
165 927 357 991 nibilominus
378 938 551 1012 argumento
570 927 618 1012 qui
638 927 714 992 bntrc
733 927 834 1011 legunt
850 939 902 991 aut
918 928 1038 992 audiunt
1055 928 1187 1012 cogitare

37 1031 132 1094 debent
148 1053 211 1094 non
230 1031 339 1093 lrustra
354 1051 409 1093 nec
427 1039 538 1093 temere
555 1031 590 1092 od
610 1028 685 1092 hauc
703 1028 782 1093 illum
800 1030 974 1094 delcudeudi
993 1031 1038 1094 sui
1057 1030 1188 1094 necessi·

37 1143 113 1194 tatem
129 1142 291 1195 uenturum
311 1130 402 1196 luisse
423 1132 478 1195 nisi
503 1132 641 1196 nonnulla
665 1131 836 1217 protulisset
861 1152 934 1216 quae
959 1131 1109 1196 turbarum
1134 1133 1188 1196 uli·

39 1235 93 1316 qnid
108 1235 313 1314 excitassent,
347 1245 377 1297 et
393 1254 429 1297 eo
448 1233 593 1297 bominem
619 1233 814 1297 adduxissent
829 1243 862 1298 ut
877 1233 1019 1298 dictorum
1039 1235 1187 1299 reddenda

39 1336 101 1398 ratio
124 1336 292 1400 rideretur.
339 1333 456 1399 Etenim
474 1335 536 1399 beri
554 1336 623 1400 illud
641 1335 734 1420 putuit
751 1346 782 1400 ut
798 1346 865 1421 post
880 1356 1012 1399 errorem
1031 1355 1084 1421 per
1102 1336 1187 1400 libel-

42 1439 87 1499 lun
101 1459 167 1501 sese
187 1448 351 1502 excusaret
367 1459 402 1500 ac
425 1437 605 1523 corrigeret,
638 1448 688 1501 aut
706 1447 737 1502 ut
752 1438 854 1501 eodem
878 1437 927 1502 illu
949 1436 1046 1502 libello
1066 1438 1105 1502 ita
1121 1458 1187 1502 scr·

41 1541 159 1603 nauibus
177 1540 243 1605 suis
261 1541 357 1605 lucum
385 1543 511 1619 laceret,
541 1550 574 1604 ut
592 1560 666 1624 quae
688 1549 775 1604 antea
798 1539 923 1605 dixisset
945 1541 1080 1604 consultu
1101 1539 1187 1605 dissi·

42 1644 165 1720 uularet,
191 1663 230 1706 ue
247 1642 276 1705 iu
292 1642 423 1706 ordinem
441 1640 642 1728 redigeretur,
677 1641 713 1704 ab
733 1641 878 1707 communi
896 1641 1098 1728 episcoporum
1115 1664 1187 1708 eou-

43 1763 112 1806 sessu
137 1755 167 1808 et
190 1765 306 1807 corrone
329 1744 490 1832 depositus.
542 1741 708 1828 Utcumque
732 1764 765 1808 se
787 1765 836 1808 res
857 1743 980 1823 babeat,
1018 1745 1090 1810 baec
1117 1755 1186 1810 suut

46 1848 152 1927 praede
167 1843 316 1910 lllarccllo
332 1868 504 1932 comparare
520 1845 677 1931 potuimus.
723 1844 769 1910 De
787 1869 844 1930 quo
861 1868 926 1911 eum
943 1846 1099 1932 aliquando
1115 1847 1185 1911 bea-

45 1955 91 2010 tum
104 1971 204 2034 papam
223 1949 423 2012 Athanasium
438 1948 689 2033 interrogassem,
715 1949 876 2013 cuiusmodi
893 1969 959 2012 eum
976 1949 1184 2030 arbitraretur,

45 2047 81 2110 ille
95 2071 183 2135 neque
201 2051 340 2136 purgavit
355 2049 519 2130 bominem,
544 2071 638 2135 neque
653 2071 726 2115 veru
743 2052 876 2136 asperius
890 2050 1020 2129 notavit,
1043 2052 1095 2115 sed
1112 2053 1185 2114 leui-

46 2154 238 2232 marcidum,
273 2174 332 2215 uon
355 2152 474 2216 multum
491 2152 528 2216 ab
546 2151 731 2236 improbitate
753 2153 942 2218 abhorruisse
963 2152 1140 2238 significavit
1154 2163 1185 2216 et

48 2249 178 2346 inleomur
203 2256 271 2320 loco
294 2256 342 2340 qui
365 2276 397 2320 se
421 2265 594 2341 purgassent
615 2255 726 2322 babuit.

113 2353 198 2423 Libet
215 2369 313 2424 autern
329 2357 375 2420 bic
395 2379 429 2422 ea
445 2357 592 2422 subiicere
611 2357 730 2442 quaein
747 2353 882 2421 Marcelli
899 2357 1017 2442 scriptis
1031 2377 1048 2420 a
1064 2355 1184 2438 quibus·
1210 2353 1271 2424 ⁰⁸1²·
1287 2353 1319 2408 V·

48 2453 97 2518 dan
114 2461 271 2526 observata
298 2471 383 2537 sunt,
418 2481 491 2544 quae
509 2461 556 2524 isti
575 2459 814 2546 reprehendenda
832 2469 1026 2546 putaveruut3
1059 2460 1185 2523 undeet

49 2553 71 2617 iu
92 2563 204 2626 eundem
233 2562 343 2627 invecti
369 2563 539 2627 conlutandi
567 2562 662 2648 gratia
684 2563 876 2648 scripserunt.
923 2559 1107 2648 Quamquam
1134 2562 1186 2628 alii

50 2677 88 2737 pru
100 2681 130 2724 en
144 2665 218 2748 quud
237 2665 286 2750 qui
303 2665 445 2729 adversus
461 2663 541 2728 illuru
557 2665 743 2729 commentati
761 2674 830 2728 suut
845 2673 947 2750 postea
965 2663 1129 2729 contrarias
1145 2665 1182 2728 ad

51 2773 126 2840 panos
145 2767 353 2846 desciverunt,
387 2766 490 2830 borum
510 2765 641 2853 ipsorum
659 2767 877 2832 lucubrationes
894 2767 1022 2830 relutare
1047 2765 1182 2852 aggressi

51 2875 110 2930 sunt
151 2865 182 2932 ln
198 2868 305 2955 quibus
330 2867 464 2953 vulgatas
479 2869 544 2934 illas
561 2869 721 2934 divisiones
739 2870 880 2933 Acacium
898 2868 976 2932 inter
992 2880 1023 2931 et
1038 2865 1181 2932 Basilium

54 2957 161 3033 Galatam
183 2983 213 3035 ot
236 2969 398 3056 Georgium
418 2967 618 3035 Laodiccnum
645 2972 790 3035 relutaudi
809 2970 912 3036 Aeacii
936 2991 1042 3035 caussa
1065 2970 1182 3053 scriptis

54 3070 209 3138 mandarunt.
265 3071 321 3136 llic
346 3083 393 3136 est
420 3074 497 3136 euim
520 3073 569 3138 ille
592 3074 639 3160 qni
661 3071 837 3136 Marcellum
862 3094 900 3136 ex
924 3073 1075 3158 ipsiusmet
1098 3069 1181 3136 libris
1219 3128 1222 3134 .

56 3173 171 3254 coarguit.
225 3173 312 3260 Quae
343 3196 397 3238 nos
425 3175 492 3239 ideo
518 3175 740 3262 proposuimus,
775 3194 812 3238 uc
840 3175 993 3238 veritatem
1020 3172 1115 3258 aliqua
1141 3194 1182 3238 ex

55 3281 117 3350 porte
138 3278 322 3358 praeteriisse
348 3276 509 3343 uideamur.
558 3273 703 3360 Quoniam
729 3297 824 3361 neque
848 3278 883 3341 de
906 3277 1112 3340 emendatione
1130 3276 1182 3340 de·

56 3387 197 3459 speramus,
229 3401 285 3444 nco
304 3378 340 3443 iis
360 3381 497 3444 assentiri
517 3378 652 3444 volumus
667 3378 714 3463 qui
731 3390 886 3464 utcumque
910 3401 926 3442 a
945 3379 1070 3444 veritate
1087 3379 1182 3443 disce·

56 3469 117 3538 dunt.
155 3478 238 3566 Quae
263 3493 426 3566 sequuntur
449 3482 539 3566 igitur
563 3501 602 3546 ex
616 3480 721 3547 Aeacii
747 3482 959 3546 commentario
977 3491 1081 3546 contra
1098 3478 1182 3546 Mar-

57 3573 135 3642 olon
154 3584 366 3669 excerpsimus.

59 3789 104 3828 orn
117 3781 173 3837 inter
187 3799 213 3840 ct
226 3787 343 3839 Racilium
361 3787 476 3840 Galatam
493 3799 519 3840 et
534 3789 583 3840 Ge·
617 3797 705 3840 contro
723 3787 800 3840 lactas
820 3787 953 3840 divisiones
971 3789 1045 3840 etiarn
1061 3788 1111 3840 boc
1134 3805 1179 3839 ex·

59 3844 130 3928 θ’βὶῑψ
149 3850 313 3908 laodicenum
337 3869 409 3908 ortae
432 3867 529 3917 esseut,
558 3857 583 3907 in
618 3868 773 3924 presserunt,
801 3857 925 3926 producto
949 3857 974 3908 iu
989 3858 1097 3908 medium
1114 3861 1183 3908 Aca-o

60 3925 96 3960 su,
109 3934 208 3994 ¹tutorum
230 3925 328 3994 scriptis
352 3925 384 3976 ud
406 3924 585 3978 confutandum
619 3925 666 3979 cio.
693 3925 743 3976 Sed
756 3937 781 3976 et
795 3925 908 3977 Basiliam
919 3925 1041 3986 Galatam,
1057 3935 1084 3975 et
1100 3925 1181 3978 Geor·

61 3979 147 4036 loocrun
160 3993 193 4043 usi
207 4002 275 4044 sunt.
311 3995 438 4046 Curnurius
451 3998 519 4044 vertit
532 3995 585 4043 Ve-
619 3993 685 4062 ςὶιιιπ
702 3994 858 4045 Laodicaeae
873 3994 1017 4061 episcopum
1039 3993 1180 4044 constitue·

60 4058 98 4096 ΝΕ
110 4053 134 4103 cb
148 4057 196 4111 aliis
212 4078 309 4113 rursum
326 4060 522 4113 demonstratum
539 4071 586 4122 est,
619 4073 678 4114 runt
692 4061 725 4112 ud
736 4062 841 4114 eundem
852 4061 966 4112 Acacimn
976 4061 1181 4129 redarguendum.

63 4115 111 4176 l⁰⁰tl
132 4125 285 4209 redarguendi
312 4130 392 4195 gratia
418 4129 588 4198 produxerunt
654 4129 678 4182 3.
695 4125 1179 4196 ductuumdfiuccudd.mts.cttdprtne

62 4193 83 4228 ἢ
96 4201 143 4250 ‘1⁰¹0
155 4193 183 4246 ab
195 4197 254 4265 ipsis
269 4207 356 4249 contra
368 4197 436 4248 illum
451 4198 589 4264 composita
621 4193 842 4260 ἅντιωντάξαντας
858 4200 895 4248 ed.
912 4200 993 4250 Petunt.

62 4261 110 4309 tunt,
124 4265 219 4329 eoquod
232 4265 279 4334 ipsi
293 4264 336 4333 qui
349 4277 436 4319 centra
445 4263 514 4316 illum
527 4265 586 4318 ocri·
656 4265 680 4318 d.
698 4263 833 4333 peroptime
844 4268 911 4319 dudd.
922 4281 976 4318 mat·
989 4273 1091 4333 ultum
1110 4269 1180 4335 btuu-

64 4327 138 4375 ΜΗ
152 4343 231 4394 postea
250 4335 275 4386 in
293 4333 361 4384 cliuol
379 4334 466 4386 mutati
477 4335 585 4386 luerunt
620 4334 697 4403 μένας
712 4336 775 4386 editt

65 4386 123 4452 ltqoe
140 4395 162 4447 ld
176 4399 220 4468 ipsi
236 4403 263 4454 in
284 4402 333 4453 suis
356 4403 466 4470 ipsorum
487 4401 586 4472 scriptis
