3058 5014
304 263 441 317 rinnau
459 265 521 316 cte.
532 258 577 316 tu.
595 263 677 316 rom.
687 263 706 314 1.
724 261 956 315 nannmxxvr:
1149 251 1209 316 ιιι

55 383 178 470 genitum
196 395 254 450 est:
301 383 502 470 Quamobrem
527 403 599 448 vera
622 403 657 446 ac
676 383 812 463 sincera,
844 403 929 468 quam
954 383 1028 447 deus
1047 382 1214 448 hominibus

54 488 231 572 impertitur,
255 488 449 571 intelligentia
467 486 747 552 consubstantialem
763 505 830 550 esse
848 485 922 571 patri
940 485 1028 549 lilium
1046 487 1211 572 profitetur,

55 610 87 652 nc
102 590 126 652 si
144 590 294 654 dissimilis
319 591 387 654 illos
404 591 552 654 essentiae
571 589 748 664 constituat,
780 588 986 652 excellentiori
1005 588 1046 652 illi
1065 609 1099 652 ac
1115 588 1214 652 since·

53 691 182 756 nissimae
201 693 374 778 perfectioni
391 692 545 758 divisionis
564 691 672 776 aliquid
691 691 821 755 inducat.
867 687 944 756 Cum
960 691 1009 754 ille
1028 689 1103 776 ipse,
1129 691 1213 756 cuius

53 793 103 856 ista
124 793 269 860 beneficio
294 795 435 881 percipit,
471 815 487 857 a
511 795 647 880 genitore
672 814 705 858 re
732 813 802 856 vera
826 791 864 856 sit
888 794 1021 878 genitus,
1054 803 1084 857 ct
1106 794 1213 858 intelli-

51 899 173 981 gentiam
190 919 326 979 omnem,
350 919 420 984 prae
444 897 621 962 excellentia
638 917 711 975 sua,
736 896 801 959 sine
818 895 876 960 ulla
895 896 1115 980 comparatione
1132 906 1213 960 tran-

54 1002 183 1064 scendet.

129 1103 212 1167 satit
231 1099 328 1189 Caput
341 1099 431 1166 xlv.
479 1097 513 1166 Si
537 1101 669 1187 ingenita
686 1111 791 1165 natura
814 1101 999 1186 generationi
1025 1101 1144 1164 minime
1162 1121 1212 1164 ce·

51 1205 111 1284 dat,
143 1207 286 1270 habemus
305 1207 382 1291 quod
400 1206 548 1269 volumus.
595 1202 650 1269 Sin
671 1202 854 1287 generationi
872 1204 975 1283 cedat,
1008 1203 1211 1288 generationis

51 1309 221 1373 affectiones
243 1309 340 1372 divina
363 1309 527 1372 substantia
551 1307 783 1393 praestantiores
806 1317 904 1370 erunt.

130 1407 257 1476 Conlut.
275 1407 366 1474 XlV.
392 1407 416 1473 l.
433 1408 509 1474 Esse
526 1409 640 1494 aliquas
655 1409 684 1472 in
702 1409 757 1472 deo
772 1409 945 1472 affectiones
961 1409 1072 1488 dicere,
1089 1408 1211 1473 sacrile-

51 1533 112 1594 gum
131 1523 227 1577 estet
243 1512 375 1599 impium.
421 1510 562 1576 Divinum
584 1511 690 1598 quippe
709 1531 817 1575 numen
837 1513 924 1576 nullis
943 1523 989 1575 est
1007 1511 1212 1576 allectionibus

52 1615 226 1695 obnoxium,
260 1625 290 1678 et
317 1615 362 1680 loia
384 1615 519 1679 comitibus
545 1615 681 1700 superius
707 1626 754 1678 est
778 1635 853 1700 quae
879 1615 1019 1701 peculiari
1043 1614 1212 1698 cognitione

52 1737 83 1779 ac
99 1717 282 1803 cogitatione
304 1717 590 1803 comprehendimus.
638 1715 740 1802 Quare
764 1717 840 1802 quod
864 1718 899 1781 ab
917 1718 1007 1782 Atilio
1031 1718 1210 1803 propositum

51 1831 109 1900 cst,
144 1821 277 1884 funditus
304 1831 468 1885 evertetur.
523 1818 602 1884 Nam
628 1839 703 1905 quae
727 1820 812 1883 uobis
840 1841 905 1885 cum
930 1820 1088 1884 allectione
1115 1819 1211 1905 aliqua

51 1923 232 2007 contingunt,
256 1925 312 1987 deo
329 1923 395 1987 siue
415 1923 471 1986 ulla
490 1921 648 1986 affcctione
667 1922 860 1987 conveniunt.
906 1919 1057 2006 Siquidem
1077 1922 1107 1985 in
1125 1921 1210 1986 nobis

51 2025 120 2088 velle
143 2026 241 2112 ipsum
266 2027 370 2112 purtim
395 2024 514 2088 allectio
533 2025 674 2108 quaedam
689 2035 754 2104 est,
789 2047 847 2088 non
862 2023 992 2109 excrnpli
1008 2045 1114 2088 caussa
1132 2025 1211 2089 velle

51 2126 122 2210 pium
138 2149 209 2192 esse
226 2129 313 2207 dico,
347 2129 398 2192 sed
418 2127 525 2212 aliquid
541 2128 684 2192 eiusmodi
702 2127 778 2191 velle
798 2129 897 2192 lacere
917 2128 993 2213 quod
1014 2137 1137 2190 naturae
1161 2147 1210 2192 ca·

50 2239 122 2312 ptum
139 2240 279 2316 superat,
305 2252 341 2295 eo
359 2231 436 2315 quod
456 2230 598 2294 voluntati
614 2229 736 2314 obsequi
753 2229 871 2293 minime
895 2230 1056 2316 possimus,
1080 2229 1163 2293 velut
1179 2229 1209 2294 in

50 2331 161 2397 lumine
182 2334 304 2412 volare,
335 2345 386 2396 aut
408 2333 437 2396 in
463 2341 562 2397 adrem
587 2333 675 2412 larci,
710 2343 761 2396 aut
785 2333 919 2418 profundi
936 2353 1030 2398 venas
1053 2333 1207 2416 indagare,

50 2446 141 2500 terrae
166 2436 286 2500 fundum
309 2435 509 2521 investigare,
542 2445 571 2498 et
588 2436 616 2498 id
636 2457 730 2520 genus
753 2436 819 2501 alia.
867 2432 1012 2520 Quicquid
1027 2446 1125 2500 autem
1143 2457 1208 2499 cum

50 2536 137 2622 aliqua
153 2537 312 2604 allectione
328 2548 449 2602 naturae
466 2557 550 2602 meae
567 2537 687 2602 insitum
709 2549 771 2618 cst,
817 2539 885 2603 illud
903 2559 989 2602 omne
1005 2539 1077 2602 citra
1095 2539 1209 2623 passic-

49 2661 109 2704 nem
127 2643 210 2706 inest
229 2642 258 2705 in
277 2643 345 2705 deo.
381 2640 460 2704 llinc
478 2641 617 2726 estquod
637 2661 837 2727 quaecumque
856 2641 920 2707 vult
938 2642 1080 2728 perlicere
1098 2652 1207 2727 potest,

50 2744 183 2826 qouniam
203 2755 307 2808 natura
324 2744 389 2808 eius
404 2743 548 2808 uoluntati
565 2764 623 2808 non
642 2745 820 2823 reluctatur,
854 2756 954 2808 nostra
977 2765 1050 2808 vero
1072 2745 1103 2808 iu
1123 2745 1208 2808 nobis
1345 2758 1349 2767 “

48 2845 111 2929 ipsis
129 2857 293 2932 repugnat,
325 2846 441 2930 quoties
459 2847 611 2910 voluntate
627 2847 662 2910 ad
680 2847 708 2910 id
725 2848 903 2910 intendimur
919 2849 994 2932 quod
1010 2847 1071 2910 lieri
1088 2848 1208 2910 omuino

47 2969 99 3012 non
118 2960 231 3035 potest.
278 2947 390 3013 Verum
411 2950 486 3034 quod
507 2950 592 3012 deum
610 2949 738 3014 diximus
757 2971 831 3035 quae
849 2950 922 3014 velit
936 2949 1032 3014 omnia
1052 2950 1206 3036 perlicere,

48 3063 164 3116 nonest
183 3051 259 3135 quod
275 3051 381 3136 aliquis
404 3051 524 3115 obiiciat
544 3053 643 3116 lacere
659 3052 739 3116 illum
760 3052 847 3115 etiam
867 3073 940 3135 quae
957 3053 1052 3116 minus
1070 3054 1205 3116 deceant.

47 3149 238 3239 Nequaquam
255 3175 339 3217 vero.
384 3152 462 3218 Nam
487 3153 536 3217 illa
558 3155 622 3218 vult
646 3175 720 3238 quae
745 3155 857 3238 reipsa
882 3155 970 3234 iacit,
1003 3155 1118 3219 ratione
1134 3175 1207 3220 suae

48 3255 194 3339 dignitatis
220 3257 335 3337 habita,
369 3258 443 3320 adeo
468 3265 500 3320 ut
524 3276 620 3340 neque
644 3258 781 3342 potestati
804 3259 958 3338 voluutas,
984 3278 1080 3343 neque
1101 3259 1207 3322 volun·

48 3360 91 3421 tati
119 3361 160 3424 sit
188 3361 339 3425 contraria
368 3370 517 3446 potestas3
552 3379 610 3423 non
634 3360 709 3445 quod
741 3362 839 3425 lacere
870 3372 1014 3446 nequeat,
1047 3361 1099 3425 sed
1129 3361 1206 3446 quod

48 3481 98 3524 non
120 3463 225 3528 libeat.

125 3562 169 3628 ll.
207 3561 366 3628 Praeterea
383 3575 536 3651 postquam
556 3563 623 3629 talis
647 3575 694 3630 est
709 3566 895 3631 affectionum
920 3567 949 3631 in
973 3568 1029 3632 dao
1048 3565 1207 3630 constituta

48 3670 195 3748 vacuitas,
226 3691 290 3733 oum
318 3670 347 3732 in
374 3668 459 3733 nobis
477 3667 644 3752 ceterisque
662 3671 770 3734 crectis
788 3671 879 3734 rebus
894 3673 996 3736 eadem
1014 3671 1061 3734 illa
1078 3689 1143 3733 cuin
1161 3668 1206 3730 nl·

48 3771 218 3836 lectionibus
241 3771 396 3835 coniuncta
421 3771 498 3849 sint,
530 3771 555 3833 si
572 3771 607 3834 ad
623 3771 703 3836 illum
723 3773 838 3837 modum
858 3774 1001 3860 quippiam
1020 3772 1116 3835 ausimo
1134 3791 1206 3834 con·

47 3874 183 3958 cipiatnr,
215 3873 271 3938 alia
297 3895 400 3938 rursus
424 3873 543 3938 allectio
571 3895 610 3938 ex
634 3875 677 3938 rei
701 3877 825 3940 veritate
848 3877 1013 3940 confitenda
1037 3873 1142 3952 luerit,
1176 3884 1207 3938 ct

48 3990 105 4056 post
131 3960 209 4040 hanc
229 3978 324 4063 ipsam
343 3977 454 4056 alters,
488 3977 631 4061 tertiaque
653 3978 800 4042 similiter.
846 3977 912 4043 Nos
928 3978 1042 4062 quidem
1063 4000 1121 4043 rron
1140 3979 1205 4044 sine

49 4077 199 4144 affectione
216 4101 393 4165 generamus
414 4090 465 4144 ant
488 4080 653 4164 gignimur,
689 4092 845 4166 propterea
869 4083 945 4165 quod
971 4091 1075 4145 natura
1103 4092 1205 4146 nostra

49 4193 265 4268 ceterarumque
282 4204 381 4246 rerum
399 4204 473 4268 quae
491 4183 615 4268 gignunt
633 4193 684 4246 aut
703 4183 739 4247 ab
757 4183 822 4246 aliis
839 4183 999 4268 gignuntur
1019 4185 1204 4270 partitionem

48 4283 184 4360 admittit,
207 4307 241 4350 ac
260 4286 487 4370 profluentest,
520 4285 741 4363 etcollatatur,
775 4286 1039 4368 autccutraltitur‚
1070 4289 1204 4354 etmolis

48 4386 252 4454 incrementum
270 4389 317 4452 vel
336 4387 557 4455 diminutionem
578 4385 697 4477 patitur,
721 4410 756 4452 ac
773 4399 874 4453 cetera
891 4390 918 4454 id
933 4411 1027 4476 genus
1043 4413 1117 4480 quac
1136 4415 1202 4460 cunt
