3042 5016
252 327 390 382 raanan
407 329 473 381 ura.
486 329 531 380 nr.
547 327 630 380 rona.
644 329 675 380 n.
692 327 792 380 naen.
805 327 939 380 cxxvu.
1116 317 1175 381 att

33 468 145 533 unquam
169 448 281 512 audiitf
309 449 374 533 quis
391 448 508 527 docuit,
540 447 695 511 didicitsel
740 452 1177 529 NcmcSr'onegrcda'torocr·
1203 461 1306 517 asnaa

31 553 84 614 don
105 555 227 627 domnini,
258 564 289 612 et
307 555 355 614 lec
373 553 676 614 dcr'ecHr'ercsolsm.
723 551 765 614 At
790 551 863 614 haec
888 553 965 615 uude
989 553 1180 636 prodierunt?

31 652 147 737 Quinam
165 655 253 719 inferi
272 654 340 718 iilud
357 664 545 728 eructarunt,
577 651 828 717 consubstantiale
849 653 994 720 divinitati
1013 655 1096 718 verbi
1112 676 1179 718 cor·

29 778 73 842 pus
90 755 159 820 iilud
175 778 242 822 esse
260 756 336 841 quod
357 775 374 819 a
391 753 489 822 Maria
505 756 635 841 genitum
653 758 720 820 esti
743 767 792 820 aut
814 756 934 820 verbum
956 757 1051 843 ipsum
1064 757 1095 821 in
1114 778 1179 820 car·

29 879 102 937 nem,
128 881 213 938 ossa,
238 858 376 943 capillos,
400 880 434 922 ac
452 869 543 923 totum
561 859 687 942 denique
705 880 812 944 corpus
834 879 902 923 esse
920 879 1116 938 conversum,
1150 869 1180 923 et

27 971 154 1046 asuapte
171 973 274 1026 natura
291 962 453 1026 mutatum?
497 959 573 1044 Quis
590 962 710 1025 onrninc
731 961 766 1026 de
782 957 961 1026 Christianis
978 963 1069 1026 audiit
1088 962 1177 1026 filium

27 1064 65 1126 dei
82 1065 180 1150 speeie
198 1085 233 1128 ac
252 1063 368 1128 fictione
385 1063 449 1128 scia
466 1084 591 1149 eorpus,
622 1085 681 1127 non
704 1075 808 1128 natura
829 1065 980 1147 gessisse?
1024 1062 1100 1148 Quis
1120 1075 1177 1129 tam

26 1167 122 1252 impius
144 1167 198 1231 fnit
214 1177 245 1230 ut
259 1168 413 1252 ipsammet
430 1166 561 1229 eiusdem
581 1164 763 1230 divinitatem
781 1165 983 1230 circumcisam
1002 1187 1069 1230 esse
1090 1178 1178 1251 atque

26 1268 215 1354 imperfectam
242 1291 259 1333 c
282 1271 414 1354 perfecta
439 1268 581 1332 redditam
607 1268 697 1333 fuisse
720 1267 844 1333 sentiret
870 1289 905 1332 ac
929 1269 1061 1332 diceret?
1102 1266 1177 1332 item

24 1369 84 1434 iilud
109 1371 224 1457 ipsum,
249 1372 324 1454 quod
344 1372 373 1434 in
392 1372 472 1455 digno
488 1371 624 1434 suffixum
643 1381 704 1450 est,
738 1392 796 1435 non
817 1392 923 1457 corpus
940 1370 1093 1452 extitisse,
1125 1372 1178 1436 sed

25 1474 210 1538 substantiam
228 1473 319 1561 ipsam
338 1485 464 1538 naturae
485 1473 576 1537 totius
595 1473 749 1558 opificem?
792 1471 868 1557 Quis
887 1493 952 1537 cum
970 1474 1048 1537 istud
1065 1474 1175 1554 audiat,

24 1598 104 1640 noue
122 1574 241 1656 Maria,
274 1577 326 1640 sed
344 1597 384 1641 ex
401 1576 517 1662 propria
535 1575 699 1640 substantia
719 1576 765 1639 dei
788 1575 909 1640 verbum
929 1575 1091 1640 obnoxium
1110 1598 1177 1662 pas-

23 1679 91 1742 sioni
108 1679 166 1743 sibi
182 1701 288 1764 corpus
306 1680 476 1758 effinxisse,
501 1673 704 1744 Christianum
719 1680 766 1764 qni
783 1679 856 1744 haec
873 1679 982 1742 dixerit
997 1679 1177 1744 arbitretur?

24 1778 90 1862 Quis
105 1784 295 1846 execrandae
313 1781 390 1845 illius
409 1779 567 1866 impietatis
590 1791 693 1846 auctor
717 1793 781 1861 est,
817 1793 847 1846 ut
869 1781 1011 1846 eiusmodi
1033 1783 1177 1866 quaedam

22 1884 111 1948 animo
133 1884 292 1970 concipere
318 1895 369 1947 aut
394 1885 489 1968 eloqui
510 1882 629 1946 minime
648 1885 838 1949 formidaret?
871 1906 955 1962 eum,
987 1883 1035 1969 qui
1053 1885 1178 1948 domini·

22 2007 79 2050 cum
95 2007 112 2050 e
128 1985 229 2050 Maria
247 2007 353 2073 corpus
372 2005 439 2051 esse
457 1996 555 2051 natum
576 1997 710 2068 asserat,
745 2009 803 2052 non
826 1987 1004 2066 trinitatem,
1035 1989 1087 2050 scd
1105 2009 1178 2071 qua·

23 2090 186 2154 tenuitatem
211 2089 356 2155 divinitati
381 2089 531 2153 tribuere?
574 2089 660 2153 Adeo
682 2099 713 2153 ut
736 2090 783 2175 qni
800 2090 840 2154 ita
857 2089 989 2153 sentiunt
1004 2109 1122 2153 carnem
1141 2089 1177 2153 il·

21 2191 87 2270 iam,
119 2212 208 2278 quam
234 2191 362 2256 salvator
385 2214 401 2257 e
420 2189 516 2256 Mario
539 2190 655 2274 virgine
677 2193 826 2278 suscepit,
863 2212 903 2256 ex
921 2192 986 2278 ipsa
1011 2191 1176 2256 substantia

21 2293 154 2360 trinitatis
172 2315 240 2359 esse
262 2296 421 2358 fateantur.
468 2291 528 2356 iam
549 2314 621 2357 vero
641 2294 785 2358 undenam
804 2314 902 2379 parem
926 2294 992 2358 hoio
1010 2315 1044 2357 ac
1061 2315 1177 2378 germa-

20 2417 77 2460 nam
95 2397 277 2483 impietatem
294 2417 434 2461 evomere
450 2396 498 2460 aiii
513 2396 627 2481 quidam
644 2397 673 2458 in
690 2399 817 2462 animum
835 2397 1028 2476 induxerunt,
1053 2396 1094 2460 uti
1110 2417 1176 2460 cor·
1205 2479 1209 2484 ι

19 2500 177 2584 pusipsum
195 2521 253 2563 non
271 2500 423 2564 divinitate
442 2498 524 2564 verbi
544 2499 710 2579 recentius,
745 2501 797 2564 sed
816 2511 1024 2581 coaeternum,
1057 2521 1092 2564 ac
1110 2522 1177 2587 per·
1293 2493 1296 2502 ’

20 2613 99 2682 petuo
116 2624 184 2666 curn
200 2603 250 2666 iiio
268 2603 455 2667 coniunctum
473 2601 610 2667 extitisse
628 2601 784 2681 definiant,
809 2602 1041 2687 quandoquidem
1058 2603 1094 2667 ab
1112 2604 1176 2690 ipsa

18 2705 158 2788 sapientia
176 2706 366 2770 constitutum
383 2706 450 2768 estf
492 2702 631 2768 Potuitne
650 2701 828 2770 Christianis
844 2704 879 2768 ab
895 2705 1061 2770 homiuibus
1077 2707 1107 2769 in
1123 2706 1176 2770 du·

19 2803 88 2870 bium
105 2808 229 2886 vocari,
254 2819 417 2872 utrumnam
434 2801 568 2872 dominus
587 2818 690 2872 noster
707 2807 742 2870 de
758 2805 854 2870 Maria
870 2807 985 2892 virgine
1002 2820 1088 2874 natus
1106 2808 1177 2872 sub-

19 2913 117 2974 stantia
139 2921 304 2995 naturaque
322 2911 369 2974 dei
387 2910 463 2974 iilius
477 2909 629 2989 extiterit,
661 2910 821 2973 secuudum
847 2929 966 2973 caruem
992 2933 1064 2975 vero
1082 2931 1098 2974 e
1115 2908 1177 2976 Da·

19 3011 86 3077 nidis
115 3015 228 3099 stirpe,
260 3033 294 3077 ac
318 3025 528 3077 sacrosanctae
556 3011 678 3096 virginis
706 3032 794 3076 carne
822 3016 996 3097 susceptus?
1046 3011 1175 3097 Quinam

18 3133 98 3196 porro
124 3127 207 3182 tauta
229 3117 395 3182 temeritate
413 3127 443 3179 et
462 3115 583 3180 audacia
605 3117 740 3193 fuerunt,
772 3124 806 3177 ut
821 3110 971 3179 Christum
990 3115 1070 3180 ilium
1094 3137 1177 3182 asse·

19 3231 111 3284 rorent
128 3222 179 3306 qui
196 3221 332 3284 incarne
350 3239 472 3305 passus,
496 3219 572 3282 etin
591 3236 708 3280 crucem
726 3226 808 3280 actus
826 3226 890 3296 est,
922 3239 981 3280 non
999 3239 1067 3284 esse
1085 3219 1177 3283 domi-

18 3339 77 3383 num
102 3344 141 3386 ac
164 3322 363 3400 salvatorem,
399 3332 429 3384 et
455 3322 558 3399 deum,
594 3317 743 3404 patrisque
768 3319 878 3384 filium?
929 3318 1065 3403 Quonam
1090 3332 1175 3406 pacto

21 3416 202 3489 Christianos
225 3424 364 3511 appellari
381 3443 414 3488 se
432 3422 535 3487 volunt
559 3421 607 3506 qui
627 3421 656 3484 in
673 3434 806 3486 sanctum
833 3421 979 3488 hominem
1006 3423 1126 3509 perinde
1144 3434 1178 3488 ut

17 3521 41 3584 io
66 3526 197 3612 aliquem
222 3529 258 3590 de
281 3527 487 3613 prophetarum
519 3546 641 3589 numero
671 3525 819 3611 delapsum
849 3545 916 3590 esse
943 3526 1082 3611 verbum,
1116 3548 1175 3590 aron

17 3623 168 3707 ipsummet
191 3629 338 3694 hominem
366 3631 472 3693 factum
496 3648 562 3691 esse
584 3627 773 3712 prohtentur,
807 3649 871 3692 cum
891 3650 930 3693 ex
949 3627 1047 3694 Maria
1068 3649 1175 3714 corpus

18 3725 176 3810 induisset,
201 3733 252 3795 sed
272 3731 396 3797 aiterum
413 3751 481 3796 esse
497 3727 664 3810 Christum,
696 3730 819 3795 aiterum
840 3730 885 3796 dei
902 3732 1009 3811 filium,
1041 3733 1175 3817 quiante

16 3823 139 3898 hieriam
164 3845 195 3898 et
216 3843 286 3898 ante
309 3834 428 3898 saccula
452 3833 549 3896 omnia
574 3832 648 3896 filius
667 3853 707 3900 ex
729 3843 814 3919 patre
831 3836 991 3920 prodierit?
1034 3834 1083 3897 An
1101 3853 1174 3897 vero

18 3925 174 4001 Christiani
192 3958 260 4002 esse
279 3947 402 4023 possunt
421 3935 469 4020 qui
493 3935 580 3999 alium
598 3956 666 4001 esse
682 3937 785 4018 deum,
818 3938 896 4002 ahiud
914 3948 943 4002 et
958 3938 995 4001 ab
1011 3937 1061 4002 illo
1078 3936 1175 4000 diver·

19 4053 73 4100 sum
97 4039 150 4102 dei
174 4039 295 4104 verbum
319 4038 509 4125 praedicant?

92 4139 182 4206 Haeo
205 4142 234 4206 in
253 4141 312 4206 ihis
339 4141 558 4206 commentariis
584 4142 810 4208 continebantur
838 4142 1024 4230 pronuntiata
1042 4142 1172 4224 diverse,
1201 4155 1264 4228 cap.
1280 4158 1313 4212 v.

47 4262 81 4312 Υ).
98 4260 196 4329 σοφίας
213 4264 239 4313 Β.
645 4261 683 4314 18.
702 4259 784 4328 ἕτερον
800 4265 828 4314 Β.

45 4328 82 4380 13.
101 4328 197 4383 murco
215 4331 242 4380 Β.
645 4327 683 4381 19.
702 4325 765 4382 εἶναι
781 4329 929 4396 Χριστιανοὶ
945 4325 1062 4384 δύνανται
1079 4329 1103 4382 ai
1119 4331 1147 4382 B.

45 4393 82 4448 ld.
99 4393 169 4450 cisoa
184 4394 230 4462 τὴν
246 4401 274 4450 Β.
643 4397 685 4448 20.
705 4393 768 4452 cisat
784 4397 827 4452 τὸν
843 4396 904 4463 υἱὸν,
921 4397 967 4452 καὶ
983 4391 1055 4452 ἄλλοι
1070 4395 1113 4452 ads
1128 4399 1174 4455 τοῦ

45 4466 81 4515 15.
98 4469 152 4525 τῆς
171 4459 260 4524 odctac
274 4465 323 4533 τῆς
341 4465 432 4535 σοφίας
449 4469 476 4518 Β.
611 4467 635 4520 b.
654 4467 675 4518 h·
693 4467 721 4518 tt.

45 4530 81 4582 ra
98 4533 131 4586 bb
149 4527 203 4600 ἄρα
220 4536 245 4585 Β.
646 4533 705 4584 Car.
718 4535 749 4586 V.
767 4563 798 4574 -
826 4536 848 4586 f.
866 4529 1016 4606 ἀδιαφόρως
1030 4537 1099 4590 mod.
1114 4551 1171 4596 mat.

45 4598 80 4656 li·
99 4600 147 4658 καὶ
164 4617 214 4654 non
231 4604 299 4654 babet
315 4605 366 4656 cad.
384 4605 482 4672 ithedtp.
610 4609 705 4667 curcur
722 4608 744 4655 rt
760 4605 795 4655 cd.
813 4607 889 4668 princ.
