3042 5016
182 224 187 237 ¹
288 265 960 321 Pauaattbte.ttt.t·oM.1.tta1ttt.Lxxv1.
1141 255 1203 320 ata

48 403 170 468 unquam
195 381 251 448 boe
278 385 457 451 asserueris.
503 383 607 470 Quare
631 409 697 451 cum
724 387 761 452 iis
786 408 860 472 qnae
886 387 1055 473 procreavit
1077 407 1094 450 ε
1113 387 1204 452 nihilo

47 485 147 552 similis
169 495 200 551 et
221 487 354 574 aequalis
375 508 443 552 esse
467 499 610 573 nequeat,
642 492 744 554 eadem
769 511 833 554 cum
858 489 903 555 sui
930 489 1119 554 dissimilibus
1145 490 1205 575 pati

46 589 123 654 nulla
145 591 262 656 ratione
287 589 414 676 poterit3
447 590 553 676 quibus
571 591 627 656 boc
647 593 805 672 convenit,
837 603 870 657 ut
885 613 902 656 e
920 592 1010 658 nibilo
1028 604 1087 658 torn
1104 592 1140 655 nb
1155 593 1205 657 illc

45 692 106 777 ipsa
125 691 266 777 producta
282 693 360 772 sint,
386 716 471 779 quam
488 715 564 779 quae
583 695 657 780 ipsis
676 695 793 771 insunt,
818 695 923 780 quibus
939 715 992 781 per
1010 693 1203 780 privationem

45 795 179 859 accidunt
205 794 367 860 contraria.
414 795 497 860 llaec
521 797 598 860 enirn
625 797 723 860 omnia
744 795 862 861 minime
889 797 1035 883 aseipsis
1057 797 1203 876 existunt,

44 898 95 961 sed
110 917 151 962 ex
170 897 296 982 benigna
313 898 410 962 dantis
427 899 602 983 largitione3
636 899 740 982 quibus
764 898 852 963 ctiam
875 909 975 986 utpote
992 919 1008 964 ε
1026 899 1116 964 nihilo
1138 921 1205 984 prn-

44 998 138 1064 ductis
156 998 214 1085 pati
237 999 344 1084 aliquid
363 1001 525 1084 contingit,
557 1023 622 1064 cum
643 1000 680 1066 iis
699 1002 771 1087 ipsis
789 1001 877 1066 rebus
896 1003 1065 1088 privantur,
1096 1021 1205 1084 quaen

43 1101 184 1186 largitore
208 1101 257 1166 illc
274 1103 508 1167 communicatae
532 1103 667 1183 luerentq
701 1104 749 1188 qui
767 1125 862 1188 neque
881 1105 940 1190 pati
959 1103 1066 1188 aliquid
1094 1114 1203 1189 potest,

43 1214 72 1268 et
87 1225 104 1268 a
122 1205 202 1269 nullo
217 1205 276 1270 alio
293 1205 381 1270 babet
397 1216 429 1270 ut
442 1205 499 1284 sit,
533 1226 629 1291 neque
655 1207 765 1291 privari
787 1206 846 1272 ullo
864 1207 951 1271 modo
971 1216 1078 1290 potest.
1125 1202 1205 1290 Qua-

42 1317 164 1392 propter
177 1329 243 1370 cum
258 1307 390 1393 aequalis
407 1307 465 1372 illis
485 1329 543 1372 non
562 1308 601 1372 sit
616 1309 711 1387 filius,
741 1307 781 1372 uti
798 1329 893 1395 neque
909 1319 1010 1394 pater,
1034 1329 1129 1392 neque
1145 1309 1205 1394 spi·

41 1410 115 1474 ritus
134 1421 274 1490 sanctus,
305 1431 339 1474 ac
357 1410 492 1474 diversus
509 1411 548 1476 sit
564 1411 601 1476 ab
620 1411 686 1476 istis
704 1411 798 1490 lilius,
830 1412 935 1496 quibus
955 1431 1020 1474 cunr
1037 1413 1137 1476 eadem
1154 1432 1206 1496 ap·

40 1511 201 1597 pellationc
224 1511 343 1578 minime
369 1513 556 1592 continetur,
587 1514 639 1578 sed
662 1513 802 1578 eximium
823 1535 930 1578 nonen
957 1512 1043 1578 babet
1058 1523 1088 1576 ει
1104 1513 1206 1578 excel·

39 1614 123 1693 lens,
158 1625 191 1680 nt
205 1615 362 1701 ipsummet
385 1615 492 1679 bonum
518 1615 554 1679 ab
572 1637 609 1680 eo
632 1616 679 1700 qui
703 1617 859 1701 ipsummet
885 1616 1005 1703 perinde
1028 1615 1136 1680 bonurn
1160 1627 1207 1679 est

40 1719 208 1803 protectum
225 1719 357 1794 dicatur,
389 1737 532 1801 quaenam
549 1739 617 1784 esse
634 1729 732 1803 potest
751 1740 815 1784 euna
839 1717 876 1784 iis
893 1739 968 1803 qnae
985 1717 1148 1803 oppositam
1167 1737 1207 1781 ex

40 1821 171 1884 aduersu
200 1819 394 1904 privationem
421 1819 528 1883 babent
554 1819 740 1884 commistio?
794 1818 1024 1904 Supervacanea
1048 1819 1207 1904 igiturest

38 1922 125 1988 Astii
139 1922 334 2007 privationem
358 1921 444 1986 nobis
467 1922 635 1987 invehentis
660 1923 767 1987 oratio.
813 1921 892 1987 Nam
912 1915 1061 2008 ingenitus
1084 1922 1156 1986 deus
1171 1943 1206 1986 ae

38 2025 161 2109 genitus
179 2024 256 2088 iilius
275 2045 333 2088 non
350 2045 390 2088 cx
407 2035 572 2088 creatarum
590 2045 687 2089 rerum
703 2025 867 2109 privatione
884 2026 1056 2110 dignitatem
1073 2023 1208 2088 obtinent

37 2147 144 2205 suam,
176 2130 228 2192 sed
249 2147 288 2190 ex
308 2147 345 2190 en
366 2128 442 2212 qnod
459 2136 565 2213 sponte
584 2147 657 2206 sna,
690 2129 895 2213 peculiariter,
930 2149 965 2191 ac
982 2146 1119 2212 peraeae
1136 2125 1206 2190 sub·
1303 2213 1304 2216 Ἴ

37 2229 168 2293 suetiae
190 2249 263 2294 suae
289 2228 493 2316 divinitatique
518 2230 665 2314 congruit.
720 2227 765 2294 ita
792 2253 856 2296 cunr
881 2250 991 2313 expers
1014 2227 1077 2292 irae
1100 2227 1207 2293 dicitur

36 2333 135 2410 deus,
169 2353 228 2395 nou
248 2332 276 2394 id
296 2331 332 2395 ab
355 2333 399 2397 ira
417 2331 480 2418 ipsa
502 2333 626 2418 petitur,
659 2333 710 2397 sed
728 2353 767 2397 ex
784 2353 821 2397 eo
838 2333 915 2417 quud
934 2333 980 2396 ira
998 2351 1050 2417 per
1068 2349 1136 2394 sese
1153 2351 1207 2394 va·

36 2446 96 2499 eat.
151 2429 203 2498 Sic
229 2433 317 2498 etiam
341 2434 490 2520 ingenitus
513 2435 693 2520 appellatur,
727 2435 803 2520 quod
823 2435 935 2500 existat
953 2455 970 2498 a
988 2433 1105 2519 seipso,
1137 2433 1207 2497 licet

35 2536 199 2601 abeodem
222 2535 354 2620 ingenito
375 2535 452 2601 lilius
477 2537 516 2602 sit
536 2537 599 2620 ipse
619 2538 748 2621 genitus.
796 2535 897 2622 itaque
920 2539 1030 2600 trustra
1055 2544 1102 2600 est
1117 2555 1206 2621 appo-
1319 2623 1323 2632 Ι

35 2639 92 2701 rita
108 2638 163 2702 illa
182 2637 326 2722 vocabulo
351 2639 488 2724 negatio,
522 2661 587 2703 uum
605 2641 641 2704 ad
660 2660 727 2704 eum
746 2641 925 2704 transfertur
946 2639 995 2724 qui
1012 2658 1078 2702 eum
1097 2637 1206 2702 ceteris

35 2741 83 2804 rel
103 2761 150 2805 ex
168 2740 262 2826 ipsius
278 2741 326 2824 qui
345 2741 523 2805 mentionem
543 2741 627 2806 buius
652 2741 720 2806 lecit
736 2742 874 2828 opinione
897 2741 1061 2827 comparari
1078 2760 1137 2804 non
1156 2761 1207 2824 po·

34 2851 108 2907 test.
146 2841 220 2908 Non
240 2843 317 2906 enim
337 2853 437 2908 cetera
452 2843 610 2929 adaequari
626 2865 691 2908 eum
707 2844 808 2928 genito
825 2855 960 2928 possunt,
985 2864 1039 2908 nec
1056 2842 1207 2927 ingenitur

32 2965 123 3010 auam
144 2967 213 3010 eum
232 2944 342 3010 creatis
368 2946 457 3012 rebus
480 2945 673 3010 substantiam
699 2944 906 3010 communicat.
953 2942 1040 3030 Quod
1065 2944 1206 3010 nonulla

32 3047 246 3134 praepotentis
270 3047 472 3113 imbecillitate
490 3047 554 3112 lieri
577 3050 734 3134 putandum
755 3059 819 3127 est,
836 3048 903 3112 *sed
921 3067 958 3111 eo
971 3046 1109 3112 videlieet
1127 3047 1205 3132 quod

31 3149 190 3214 imbecilla
207 3160 307 3214 cetera
324 3149 359 3213 ad
378 3159 599 3235 praepotentem
615 3171 708 3235 osque
722 3149 845 3235 provebi
864 3160 1029 3234 nequeant,
1062 3148 1099 3213 ob
1119 3150 1205 3216 unius

31 3253 79 3317 dei
98 3263 136 3318 et
157 3251 195 3316 ab
211 3250 276 3338 ipso
293 3251 480 3336 procedentis
499 3250 643 3336 unigeniti
669 3253 718 3316 dlii
744 3274 809 3317 cum
830 3250 933 3338 spiritu
955 3262 1059 3316 sancto
1076 3251 1206 3336 singula·

31 3375 95 3419 mm
120 3355 315 3419 maiestatem
338 3375 373 3418 ac
395 3353 617 3440 praestantiam.

120 3455 212 3522 Aelii
230 3451 327 3542 Caput
343 3453 419 3521 XX.
454 3453 530 3521 Cum
548 3456 729 3541 privationes
746 3456 911 3522 ablationes
928 3457 989 3522 sint
1003 3455 1205 3537 affectionum,

31 3561 110 3644 qnod
134 3561 173 3624 in
190 3559 246 3624 deo
264 3569 311 3624 est
325 3559 508 3644 ingenitum,
533 3559 580 3622 rel
599 3557 764 3622 affectionis
780 3557 907 3645 privatio
925 3569 988 3639 est,
1020 3559 1070 3624 vel
1088 3559 1207 3624 allectio

29 3660 204 3748 privationi
227 3660 387 3725 contraria.
442 3661 534 3744 igitur
552 3661 576 3726 si
594 3661 759 3726 allectionis
778 3662 903 3747 privatio
925 3673 988 3741 est,
1012 3660 1157 3747 quomodo
1177 3658 1207 3724 id

30 3767 108 3848 qnod
130 3785 199 3829 non
214 3762 294 3828 inest
311 3764 367 3828 deo
384 3775 522 3848 tanquam
541 3764 611 3828 insit
629 3764 786 3830 tribuitur?
829 3765 910 3830 Atei
928 3764 1046 3828 allectio
1064 3762 1205 3846 quaedam

29 3879 74 3932 est
99 3867 296 3954 ingenitum,
330 3867 460 3953 genitam
483 3866 675 3930 substantiam
702 3867 834 3932 existere
858 3879 946 3946 ante,
981 3889 1015 3932 ac
1033 3867 1113 3930 velut
1137 3864 1207 3927 sub·

30 3972 128 4036 §terrm
149 3987 282 4036 neeesse
297 3982 362 4049 est,
393 3982 425 4034 ut
441 3969 598 4034 allectione
616 3968 664 4032 illa
683 3969 718 4032 ad
736 3987 801 4034 eam
822 3971 981 4034 accedente
1005 3965 1135 4051 ingenita
1154 3987 1207 4030 no-

29 4075 184 4140 minetur.
232 4070 266 4136 Si
291 4092 364 4134 sero
386 4071 486 4156 garnita
512 4070 674 4136 substantia
699 4070 849 4154 ingenitae
866 4071 1012 4156 particeps
1032 4069 1105 4146 luit,
1136 4069 1207 4134 alie·

65 4247 106 4298 12
126 4247 207 4296 Ltbrt
221 4245 306 4294 babent
323 4237 507 4310 αὐτογέννητον.
645 4237 737 4302 ἕξεως,
755 4231 774 4306 ἦ
791 4237 841 4304 ἵξις
857 4237 1010 4306 στερήσεως.
1043 4233 1111 4291 Ἀλλ’
1124 4237 1148 4292 el
1162 4236 1208 4305 μὲν

65 4317 86 4365 1.
103 4315 164 4368 τῶν
181 4313 249 4363 omn
262 4327 346 4376 supro,
361 4315 447 4364 insuto
461 4303 545 4364 adroic
559 4316 611 4374 pon
645 4305 765 4374 στέρησις
786 4305 868 4366 ἐστιν,
893 4321 953 4372 quoe
964 4309 1076 4360 Petuntur
1092 4321 1122 4357 ea
1137 4321 1208 4372 supe·

31 4379 119 4446 ἕξων.
643 4379 744 4428 rioribus
759 4378 883 4440 suppleuit.

60 4454 86 4504 2
106 4453 203 4516 Sam
221 4451 292 4513 eulpa
309 4445 392 4511 ἕξεων.
427 4449 453 4500 ln
469 4449 536 4500 codd.
556 4461 611 4498 arse.
679 4443 703 4498 3.
721 4439 758 4505 ὣς
773 4441 863 4510 apaedo
879 4447 943 4496 obest
959 4459 1041 4509 supra

29 4529 50 4572 et
80 4525 109 4572 ta
144 4519 213 4570 ertit.
240 4521 316 4580 princ.
346 4517 510 4570 drmdnomu
541 4517 613 4567 uerbo
680 4509 704 4565 4.
721 4509 739 4580 εἰ
756 4509 863 4581 γεννητή
879 4527 963 4578 suma.

928 4600 1001 4668 18*
