3072 5002
317 335 453 390 eauunn
473 337 718 392 nannenus.
737 339 835 392 naen.
847 338 967 391 uxxru.
1170 319 1211 392 89

62 457 182 542 quoniam
201 459 315 522 verdum
332 461 520 543 mansuetum
537 471 589 522 est.
624 460 701 524 ldem
718 470 815 524 antem
832 458 920 523 homo
934 479 993 524 uon
1014 469 1089 538 erat,
1109 468 1211 546 quata-

60 583 106 626 oos
120 573 284 626 ceterorum
303 582 385 625 more
402 574 488 625 iratus
505 584 563 626 non
580 564 692 640 luerat,
727 562 782 626 hoo
798 573 843 626 est
857 583 873 624 e
889 561 965 624 uirili
982 573 1066 639 satra,
1091 572 1121 626 et
1138 562 1211 628 utri·

61 685 140 750 nsque
156 665 364 728 eortiuuotioue
379 686 484 730 sextis.
531 667 573 728 lta
590 666 683 743 lilius,
715 665 762 750 qni
780 665 899 729 eaerntla
923 665 1082 736 ,antecessit
1097 664 1208 745 orunia,

60 769 201 846 deusest,
225 779 370 851 quantenus
389 769 434 831 dei
450 768 544 847 lilios,
568 767 688 854 perinde
705 778 791 853 atque
807 768 894 832 horim
911 778 973 845 ost,
997 780 1142 853 qrrateuus
1159 768 1211 833 ho·

60 870 134 933 urinis
151 870 247 948 filium
283 871 335 934 sed
353 893 411 935 riou
432 870 507 935 idrru
527 881 575 936 est
591 870 711 936 nomino
730 891 795 934 enm
813 870 869 934 deo
887 880 988 956 patre,
1020 892 1037 934 a
1055 893 1112 957 qrro
1126 871 1211 956 geni·

59 983 98 1036 tus
115 985 178 1048 est3
211 975 452 1058 quemadmodum
476 995 534 1038 nort
554 974 629 1037 idem
648 985 694 1038 est
712 996 776 1038 enm
793 973 910 1038 lioruine
925 984 1068 1058 quatenns
1085 973 1151 1038 sine
1167 973 1211 1036 vi·

58 1075 96 1138 rili
113 1087 177 1140 sutn
195 1087 243 1140 est
258 1097 294 1140 ae
313 1077 462 1162 uoluptate
486 1090 676 1162 propagatus.
724 1073 802 1140 ldem
827 1081 923 1140 eurur's
944 1081 1058 1158 peceati
1072 1080 1206 1140 mlnr'lr'tu·
1219 1093 1348 1154 niusa

57 1183 136 1242 dinem
160 1181 280 1254 holuit,
313 1181 546 1264 qnandoquidem
575 1181 697 1258 firmem,
732 1179 829 1256 sitim,
862 1201 1047 1246 aosoornurn
1073 1180 1101 1242 iu
1120 1201 1212 1244 rarrrs

56 1283 203 1360 toleravit,
238 1283 341 1367 qnilnu
366 1281 573 1348 allectionibus
597 1284 632 1346 ud
658 1283 834 1366 pruearnlnur
863 1303 986 1368 corpora
1011 1282 1208 1347 concitantur.

57 1381 155 1450 Verum
173 1387 242 1449 lieet
262 1384 359 1448 oarriis
373 1385 548 1449 offertiones
562 1385 704 1450 eirtsmodl
723 1385 901 1464 sustineret,
927 1385 1046 1450 minime
1061 1398 1157 1449 tanuen
1175 1384 1211 1450 alt

55 1487 85 1550 iis
99 1491 132 1552 ad
151 1489 331 1571 pemrandnor
351 1487 492 1574 irnpnlsns
509 1498 567 1554 εει.
613 1485 726 1552 Eudrrn
745 1489 830 1550 modo
848 1489 960 1552 liliosa
981 1498 1062 1572 patre
1079 1488 1210 1572 gerritus,

55 1611 84 1653 aa
95 1591 137 1655 dei
153 1595 247 1654 turma
266 1592 415 1676 praeditus
429 1589 621 1676 aequalisque
635 1592 690 1654 deu
709 1591 869 1656 diuinitatis
887 1595 1081 1678 proprietates
1098 1589 1210 1670 habuit,

55 1703 144 1778 utpote
161 1695 298 1779 eorporis
319 1695 479 1758 seeundum
497 1693 656 1758 essentiam
673 1715 800 1778 expers,
833 1715 867 1758 ao
885 1693 958 1777 patri
978 1691 1130 1756 divinitate
1149 1693 1211 1778 ipsa

56 1807 80 1858 et
96 1797 269 1883 incorporea
294 1797 463 1861 seruditione
489 1807 519 1860 et
542 1796 657 1860 notione
676 1796 798 1874 similis3
829 1797 950 1882 perinde
973 1795 1130 1860 adsimilis
1148 1805 1214 1860 erat

56 1902 163 1978 earnis,
200 1900 517 1984 quatennsoaroluit,
553 1909 583 1964 et
601 1899 698 1962 rrarnis
718 1899 872 1984 passiones
889 1897 1031 1984 suscepit.
1076 1896 1147 1964 Non
1168 1909 1212 1961 ta·

55 2024 112 2067 meu
135 2005 213 2068 idern
239 2012 286 2066 est
308 2003 445 2082 orrnuiuo,
479 2002 616 2086 qrrouuiam
635 2023 690 2086 qnia
708 2003 780 2066 dens
799 2013 864 2080 est,
896 2023 953 2064 non
974 2003 1067 2066 torma
1087 2002 1132 2066 dei
1152 2013 1211 2078 est,

53 2107 206 2170 reddense
241 2127 295 2168 neo
318 2105 542 2190 aequalisdeo,
574 2108 626 2168 sed
646 2106 735 2183 deus,
768 2091 863 2190 oeque
883 2104 1050 2190 principalis
1070 2115 1210 2191 utputer.

55 2205 320 2292 Quernadmodnna,
344 2209 421 2292 quiid
439 2212 473 2272 ad
492 2208 717 2293 propensionem
738 2208 766 2272 iu
787 2219 938 2293 peceatum
957 2209 1100 2294 pertinet,
1126 2206 1212 2270 hortm

55 2323 187 2389 nonest,
220 2311 272 2374 sed
292 2311 409 2374 actione
426 2311 534 2374 ltouiioi
556 2310 672 2374 similis.
719 2314 798 2390 (luae
813 2316 885 2374 endu
897 2313 1084 2392 suerlpoter,
1117 2314 1211 2372 eodem
1226 2329 1366 2387 tinemuta.

52 2415 161 2494 suntet
171 2417 273 2497 filiae.
322 2411 404 2499 Ergo
426 2413 470 2478 hin
493 2415 604 2499 absqne
633 2414 744 2499 pennoti
768 2415 907 2478 illeoriira
930 2413 1066 2478 similiter
1087 2423 1175 2498 atque
1193 2413 1214 2476 ii

54 2517 95 2598 qui
115 2539 206 2581 caure
234 2518 356 2601 praediti
382 2527 450 2581 srrut
474 2517 661 2580 iuuitalratur.
708 2517 877 2581 Absnrdnnr
902 2527 949 2580 est
968 2516 1045 2579 enim
1070 2515 1149 2580 illurn
1176 2515 1212 2580 nli

54 2621 171 2684 naturali
189 2631 268 2686 statn
285 2623 322 2684 ad
337 2641 403 2682 error
419 2618 468 2704 qni
486 2629 602 2702 praeter
617 2630 749 2683 araturam
769 2630 832 2698 est,
857 2639 925 2684 esse
942 2620 1132 2705 perdnetnnr,
1158 2618 1214 2684 lroo

54 2733 91 2784 est
109 2723 201 2786 sutirum
224 2723 351 2787 honrinis
368 2743 385 2784 e
404 2724 458 2786 deo
478 2725 584 2786 lartum
603 2723 638 2787 iis
656 2745 778 2807 qnorum
797 2722 940 2786 naturalis
964 2732 1011 2785 est
1031 2722 1086 2786 isto
1104 2732 1212 2801 status,

54 2825 229 2890 naturalibos
245 2825 362 2910 inquam
378 2825 559 2904 ltouriuibus,
585 2825 613 2889 iu
631 2848 666 2888 eo
684 2827 759 2912 qirotl
783 2835 900 2910 praeter
915 2835 1048 2889 oratorem
1063 2846 1145 2889 snam
1163 2825 1214 2890 ha·

53 2926 131 2992 lebat
144 2928 272 2992 similem
293 2927 402 3006 luisse,
436 2929 464 2991 in
485 2949 521 2992 eo
542 2951 614 2994 veru
630 2931 706 3014 quand
732 2927 786 3014 ipsi
809 2928 941 2992 naturale
958 2938 1005 2992 est
1021 2927 1164 2991 rraturalis
1179 2928 1214 2990 il·

52 3027 102 3092 lum
128 3031 223 3117 patris
249 3052 306 3094 uon
331 3051 398 3094 esse
421 3030 567 3108 similem,
600 3053 664 3095 euru
688 3031 832 3116 originem
856 3033 928 3094 deus
953 3031 1046 3094 adeo
1072 3031 1211 3094 traxerit.

53 3132 114 3196 lllud
132 3155 207 3196 uero
235 3133 319 3219 plane
343 3144 476 3214 constat,
509 3133 558 3218 qni
583 3135 707 3198 similem
732 3133 862 3198 essentia
884 3133 958 3218 patri
977 3133 1067 3198 lilium
1090 3143 1212 3216 negant,

52 3255 82 3297 ue
99 3235 191 3302 filium
211 3237 328 3320 quidem
343 3235 422 3298 illum
444 3237 620 3314 lateri,„sed
638 3250 803 3301 ereaturam
822 3239 982 3311 intotonat,
1007 3246 1119 3321 patrem
1141 3255 1214 3299 vero

52 3357 102 3400 non
129 3349 261 3423 patrem,
294 3339 346 3402 sed
371 3348 549 3402 creatorem.
595 3336 712 3426 erippe
735 3338 934 3403 similitudinis
961 3339 1023 3423 ipsa
1048 3337 1128 3401 notio
1155 3359 1213 3402 uon

51 3459 82 3502 eo
100 3442 191 3506 filium
218 3441 337 3505 adducit
359 3450 391 3504 nt
411 3441 487 3504 idem
513 3441 633 3505 onrnino
660 3462 724 3504 cum
752 3454 834 3526 patre
856 3441 912 3519 sit,
943 3443 995 3506 sed
1013 3450 1047 3506 nl
1063 3443 1156 3508 eidem
1175 3443 1216 3508 sit

51 3545 173 3608 essentia
192 3542 315 3622 similia,
347 3553 377 3606 et
396 3555 426 3606 ut
443 3544 480 3606 ab
499 3543 563 3628 ipso
582 3545 746 3628 procedens
764 3565 901 3607 arcanam
923 3543 1065 3628 quandam
1083 3567 1148 3610 enm
1164 3546 1214 3611 illo

49 3647 269 3726 peruraoitatem
287 3645 430 3710 obtineat.
474 3643 572 3724 Nam,
598 3657 629 3711 ut
645 3646 721 3711 idem
739 3647 835 3710 denno
852 3657 999 3732 repetam,
1025 3651 1214 3732 quemadmo-

50 3747 108 3810 dum
132 3771 201 3812 enm
225 3747 352 3813 hominiis
378 3769 414 3812 ae
433 3748 531 3813 earnis
551 3750 663 3835 peceati
685 3750 904 3814 similitudinem
928 3761 1067 3833 gereret,
1101 3773 1159 3816 non
1177 3773 1214 3815 eo

50 3849 185 3916 deductus
202 3862 250 3916 εει
266 3851 342 3916 idem
361 3862 391 3915 nt
410 3872 475 3916 oum
494 3851 610 3917 homine
628 3875 751 3940 prorsus
772 3855 867 3933 leret,
892 3855 944 3917 εει
964 3863 994 3917 nt
1010 3866 1132 3918 naturae
1149 3874 1215 3918 ear-

52 3953 91 4016 nis
107 3965 189 4019 eeset
206 3955 330 4033 similis,
362 3965 394 4019 nt
410 3976 447 4020 ea
467 3954 504 4018 iis
522 3977 598 4040 quae
622 3958 764 4021 haetenus
788 3957 864 4022 dieta
885 3967 955 4020 sunt
974 3967 1106 4040 apparet.
1152 3953 1214 4020 Eo·

50 4057 108 4120 lem
124 4059 212 4121 modo
231 4057 422 4143 lilinspatri,
453 4079 544 4142 aquo
564 4060 763 4143 genitnsest,
796 4059 926 4124 essentia
948 4059 1053 4122 sinaitis
1079 4079 1161 4122 suam
1179 4059 1214 4123 il·

52 4157 100 4220 lam
118 4161 279 4225 essentiam
306 4182 364 4224 nou
383 4161 418 4224 ad
439 4161 620 4225 identitatem
640 4183 706 4226 enm
725 4172 824 4248 patre,
856 4162 908 4224 sed
942 4161 977 4224 ad
994 4159 1212 4228 similitudinem

51 4263 197 4343 perdurat.

128 4363 264 4450 Quodsi
294 4367 358 4450 qnis
383 4367 481 4431 mundi
505 4366 668 4453 sapientiae
695 4365 827 4446 deditos,
863 4388 947 4451 quam
973 4367 1045 4432 deus
1069 4367 1212 4432 stultitiae
1232 4387 1339 4458 capx.

79 4533 102 4584 5.
121 4537 237 4598 aesertpat
251 4533 313 4596 θεὸς
326 4552 356 4588 ee
370 4539 485 4588 emendat.
502 4542 610 4592 cormorii·
677 4535 702 4590 6.
720 4537 765 4590 ael
781 4534 843 4594 εἶναι
864 4542 948 4592 viltam
964 4545 998 4594 est
1013 4541 1049 4594 ed.
1067 4543 1149 4592 Puteo.
1169 4543 1214 4592 co·

49 4606 111 4668 “law
126 4607 228 4658 Pauus
264 4607 330 4658 len'
346 4607 433 4658 mour
445 4603 512 4670 itale·
642 4609 688 4661 ιιι.
704 4613 774 4672 renel·
947 4639 956 4652 ·
