3060 5026
303 207 367 270 400
629 214 635 225 ’
727 219 852 274 amm
867 221 1041 274 EPIPHANH

303 331 413 416 θτίτητι
430 335 463 399 δέ
478 333 697 420 σαφηνιζόμενα
712 336 948 404 πεπιστεύκασιν.
993 337 1041 402 Οιί
1056 335 1149 420 μόνον
1162 335 1219 426 γιίρ
1232 340 1296 406 ἐκεῖ
1306 345 1392 405 τοῦτο
1406 341 1450 422 βα·

304 438 385 514 θέας
405 440 535 523 είρηταε,
556 434 628 504 ἄλλό
648 442 698 504 καί
721 437 792 505 όίλλα
813 439 917 507 πολλό.

168 556 295 628 Κεφρη,
389 535 438 604 ’Em
452 539 484 606 δέ
501 547 543 629 τῷ
558 540 682 626 παρόντι
708 549 804 631 καιρρῦ
820 541 871 608 διδ
892 540 948 626 τὴν
963 547 1124 626 συντομίαν
1140 543 1232 626 μόνον
1251 543 1284 610 ἐν
1298 537 1452 624 όπομνὴσει

305 644 459 728 γεγένημαι
478 651 521 732 τῷ
534 641 627 732 λόγῳ,
657 641 740 722 δ’ποις
759 652 870 731 γνοῦσιν
886 648 918 711 οί
933 649 1086 727 θεοσεβεῖς
1105 643 1152 711 ότι
1177 645 1268 710 παντί
1292 645 1451 731 βουλομένη

305 742 493 830 ὑπερβαίνειν
507 744 580 823 τοῦς
593 744 686 831 ὅρους
702 753 756 830 τῆς
771 744 860 833 υίγίας
875 753 952 813 θεοῦ
968 749 1123 830 ἐκκλησίας
1139 747 1191 812 καί
1203 745 1397 833 παραδόσεως
1409 752 1453 827 τῆς

305 855 495 936 προφητικῆς
516 850 568 915 καί
593 846 801 932 οίποστολικῆς,
823 849 949 926 πίστεώς
963 875 993 916 τε
1008 852 1059 916 καί
1076 853 1265 926 διδασκαλίας
1278 847 1333 932 τήν
1349 851 1451 926 ἐλπίδα,

306 950 368 1020 ἇπό
386 958 439 1034 τῆς
452 959 522 1036 μιᾶς
538 947 712 1028 όποθέσεοος
726 959 780 1017 τοῦ
798 959 910 1038 μικροῦ
924 954 976 1019 καί
989 953 1121 1036 βραχέας
1141 955 1232 1038 λόγου
1252 950 1326 1018 κεινοί
1344 950 1378 1017 τό
1392 949 1451 1016 α’κα·

306 1062 404 1141 ριαῖον
419 1056 471 1120 καί
483 1051 571 1138 τυρόν
588 1056 621 1121 έν
635 1052 814 1138 παρεκβάσει
828 1053 984 1141 γινόμενος
1000 1053 1193 1140 φρονήματος
1216 1057 1259 1132 είς
1279 1051 1390 1132 πολλός
1405 1061 1453 1118 λοι·

307 1154 365 1223 πόν
379 1162 566 1238 κενοφωνίας
584 1158 637 1222 καί
655 1154 803 1242 σφαλερός
823 1153 968 1234 όπονοίας
990 1154 1177 1243 όλογισμδς,
1205 1160 1258 1223 καί
1274 1159 1315 1232 είς
1336 1151 1453 1240 ἆναρμό

282 1243 287 1254 ’
306 1279 395 1336 στους
417 1261 469 1324 καί
490 1261 574 1337 ξένας
587 1258 735 1342 ζητήσεις,
765 1261 818 1325 καί
836 1257 1022 1346 ἀπεράντους
1038 1263 1238 1346 γενεαλογίας,
1261 1257 1336 1325 κατιέ
1352 1257 1389 1324 τό
1403 1254 1452 1322 ῦπό

305 1371 358 1431 τοῦ
377 1362 546 1428 ἀποστόλου
563 1363 703 1448 εἰρημένα
708 1412 717 1442 ,
740 1361 927 1447 τραπήσεται.
970 1359 1060 1428 Είναι
1078 1361 1134 1449 γδρ
1150 1367 1240 1428 τοῦτο
1253 1359 1364 1444 εὔηθες
1377 1359 1453 1437 πολδ,

305 1467 357 1532 καί
372 1465 446 1550 μήτε
460 1470 559 1552 χρείαν
577 1467 644 1549 έχον
659 1465 829 1549 ἑρμηνείας,
858 1466 947 1530 παντί
965 1466 1059 1547 σαφές
1078 1467 1141 1531 ἐστι
1160 1473 1204 1556 τρδ
1225 1465 1346 1532 σύνεσιν
1365 1489 1454 1544 κεκτη·

306 1569 402 1658 μένῳ,
433 1567 480 1634 ὅτι
502 1567 575 1634 οὐδέ
598 1569 744 1635 ἐπιδέεται
766 1563 913 1650 ζητήσεως
937 1564 1099 1652 ἡτοιαύτη
1120 1573 1227 1650 σοφία,
1249 1570 1301 1634 καί
1319 1564 1455 1640 ῦπόθεσις

67 1679 73 1696 “
190 1725 195 1738 ,
305 1669 474 1756 τοῦλόγου.
520 1672 563 1734 El
577 1668 633 1757 γόρ
650 1668 826 1756 ἐγειρόμεθα
843 1669 932 1736 πόλιν
950 1672 1186 1754 περιτέμνεσθαι,
1208 1673 1266 1737 τίοι
1279 1677 1322 1760 τρῦ
1333 1661 1455 1758 λόγριοό

308 1772 528 1858 προειλὴφαμεν
541 1770 576 1838 τό
588 1774 829 1858 περιτέμνεσθαις
864 1769 943 1860 Ἀρα
958 1765 1014 1838 οῦν
1025 1771 1100 1839 κατό
1112 1780 1201 1839 τοῦτο
1222 1769 1456 1859 1ιίναγτεαιότεροι

173 1897 225 1946 με·
235 1885 296 1932 ¹⁰⁸¹·
310 1871 396 1958 ἡμῶν
412 1873 605 1961 τυγχάνουσιν
620 1879 652 1941 οί
666 1874 847 1941 διπεντεῦθεν
863 1873 897 1942 τό
920 1877 1028 1940 τέλειον
1049 1873 1233 1961 ἐπιγνόντες,
1266 1877 1317 1942 καί
1333 1881 1455 1962 προειλη·

308 1975 398 2058 φότες
414 1984 601 2044 τελειοῦσθαι
619 1980 651 2044 ἐν
668 1985 706 2068 τῇ
720 1977 785 2044 τότε
801 1977 944 2069 μελλούσῃ
965 1976 1128 2061 τελειότητι.
1174 1983 1245 2044 Ποῦ
1262 1971 1321 2045 οῦν
1335 1975 1370 2045 τό
1386 1971 1455 2060 παρό

306 2089 348 2168 τῷ
365 2079 519 2171 δποστόλρι
536 2081 689 2168 εἰρημένον
703 2079 764 2162 ότι,
788 2079 864 2146 'Edu
876 2082 1110 2168 περιτέμνησθε,
1135 2079 1266 2164 Χριστός
1282 2077 1365 2163 όμῦς
1380 2077 1455 2145 οῦδέι

308 2181 470 2267 εόφελήσει,
492 2185 559 2262 καί,
585 2187 701 2260 (Υίτινες
717 2186 750 2250 ἐν
765 2182 849 2272 νόμρο
869 2186 1061 2261 δικαιοῦσθε,
1091 2187 1144 2266 τῆς
1158 2181 1279 2269 γόριτος
1300 2185 1454 2262 ἐξεπέσατε·

306 2288 358 2352 καί
374 2295 440 2374 ποῦς
454 2284 488 2352 τό
503 2283 584 2371 παρό
601 2293 643 2376 τῷ
658 2290 752 2375 κυρίιγ
769 2287 942 2369 εἰρημένον,
972 2283 1022 2351 Ἐν
1036 2281 1092 2371 γαίρ
1107 2293 1143 2376 τῇ
1160 2284 1319 2352 όναστόσεε
1335 2283 1402 2352 οῦτε
1415 2309 1455 2368 γα

308 2397 429 2473 μοῦσαν,
459 2385 528 2454 οὔτε
548 2392 755 2474 γαμίσκονται,
785 2386 856 2454 ἄλλό
873 2387 1017 2475 ίσιέγγελοί
1033 2390 1096 2454 είσι.
1144 2385 1184 2456 Τό
1202 2389 1249 2468 δέ,
1281 2389 1455 2472 Καθόσεεθε

309 2492 358 2556 ἐπί
385 2498 439 2574 τῆς
466 2491 611 2574 τραπέζης
638 2498 693 2557 τοῦ
723 2489 835 2578 πατρός
861 2517 922 2575 μου
959 2493 1112 2567 ἐσθίοντες
1137 2493 1189 2558 καί
1216 2495 1370 2573 πίνοντες,
1404 2489 1454 2566 καί,

297 2591 396 2658 Ὅταν
418 2589 490 2660 αότό
513 2598 572 2659 πίω
595 2592 699 2660 καινόν
721 2590 790 2678 μεθ’
803 2591 889 2676 τίμιόν
905 2595 937 2660 ἐν
952 2599 989 2683 τῇ
1003 2598 1134 2682 βασιλείᾳ
1149 2599 1209 2660 τῶν
1223 2593 1375 2681 οῦρανοῦν,
1396 2585 1455 2677 μιαί

310 2693 487 2781 προςθήιιης
502 2702 556 2761 τοῦ
574 2695 699 2778 Καιυόν,
721 2699 771 2762 καί
788 2694 832 2773 τό,
854 2695 920 2762 Ἐπί
938 2702 990 2778 τῆς
1005 2697 1150 2781 τραπέζης
1162 2703 1216 2780 τῆς
1229 2700 1390 2779 βασιλείας,
1409 2697 1455 2762 ἐτε-

309 2825 364 2885 ρον
378 2798 430 2864 τόν
444 2805 515 2864 νοῦν
528 2804 670 2883 σημαίνει.
716 2802 777 2865 Καί
792 2795 849 2886 γιίρ
866 2801 918 2865 καί
934 2797 1022 2866 αῦτοί
1039 2823 1151 2881 φαμεν,
1183 2798 1394 2882 μεμαθηκότες
1407 2791 1455 2862 όπδ

308 2908 369 2966 τοῦυ
384 2906 477 2968 θείων
493 2899 605 2988 λόγων,
633 2900 797 2986 μεταίληψίν
817 2928 882 2967 τινα
897 2899 1031 2985 πόματος
1046 2903 1098 2967 καί
1114 2899 1272 2988 βροίματος
1287 2899 1455 2988 οίμβροσίου,

308 3006 377 3089 περί
392 2997 434 3070 dv
449 3007 561 3090 είρηται
579 3003 641 3085 ὅτι,
654 3004 695 3069 uA
711 3002 870 3087 όφθαλμδς
883 3001 939 3070 οῦκ
956 3000 1036 3084 οίδε,
1057 3006 1110 3070 καί
1126 2995 1180 3081 οῦς
1197 3003 1255 3070 οῦκ
1270 3001 1396 3087 ἤκουσε,
1416 2999 1456 3068 καί

309 3109 359 3173 ἐπί
376 3110 502 3193 καρδίαν
516 3103 685 3193 όνθροίπου
698 3103 755 3172 οῦκ
773 3104 881 3190 όνέβη,
903 3106 924 3172 δι’
940 3104 1098 3192 ἡτοίμασεν
1115 3104 1220 3183 δθεός
1234 3115 1297 3184 τοῖς
1313 3105 1456 3194 ιίγαπῦσιι

265 3263 269 3272 .
311 3207 411 3276 αὐτόν.
453 3208 539 3275 Ἀλλαί
562 3207 698 3294 φησιδτι
720 3210 912 3295 πρῶτονμὲν
930 3211 963 3276 ἐν
986 3212 1279 3300 τῇγιλιονταετηρίδι
1299 3217 1364 3275 τιῦν
1383 3227 1456 3290 φασι·

310 3318 372 3378 νῦν
388 3311 647 3396 μεταλαμβάνομεν
666 3309 760 3396 ἡδέων
777 3311 849 3378 όίνευ
863 3310 1000 3396 παμότου
1016 3313 1067 3377 καί
1084 3310 1194 3397 λύπης,
1224 3311 1297 3396 μεταί
1314 3313 1349 3378 δέ
1361 3311 1412 3398 τήν
1424 3333 1456 3392 μ·

309 3419 542 3500 λιονταετηρίδα,
571 3414 636 3480 τότε
659 3403 916 3499 μεταλαμβόυομεν
940 3407 984 3481 όν
1000 3419 1129 3501 είρηται,
1159 3412 1235 3480 κατδ
1251 3413 1285 3482 τό
1302 3415 1455 3502 είρημίνθι

238 3517 240 3533 ’
302 3515 341 3582 “A
363 3516 525 3602 ὀφθαλμός
545 3515 601 3584 οῦκ
624 3513 701 3596 οίδε,
724 3519 775 3582 καί
797 3509 852 3594 οῦς
872 3517 930 3583 οῦκ
951 3515 1087 3602 ἤκουσεν.

165 3749 232 3821 1⁸42
243 3747 290 3805 λγ,
390 3721 562 3800 Ἀντίθετος
575 3724 608 3788 δέ
626 3725 702 3790 ἐστιν
718 3720 737 3789 ό
751 3723 839 3808 λόγος
853 3721 930 3809 πρός
943 3721 998 3808 τήν
1013 3730 1113 3790 πᾶσαν
1126 3729 1181 3805 τῆς
1194 3729 1312 3808 γραφῆς
1328 3723 1455 3804 θεαρίσν·

310 3829 353 3892 El
368 3825 425 3912 γόρ
442 3822 461 3892 ό
476 3823 570 3908 νόμος
585 3823 693 3892 ου’δένα
711 3829 870 3906 ἐτελείωσε,
892 3826 987 3910 νόμον
1003 3828 1036 3892 δέ
1051 3825 1123 3910 μετὰ
1138 3824 1299 3892 οίνιίστασιν
1312 3821 1458 3907 φαίόπειτ

309 3927 568 4015 προςιαττόμεθα,
597 3931 647 3996 καί
672 3927 719 3995 ότι
741 3927 825 4015 ῦγιος
847 3927 940 4012 νόμος
959 3926 978 3996 ό
997 3927 1048 3996 διαί
1064 3930 1205 4006 Μωσέως
1220 3925 1281 3995 όπό
1297 3933 1405 4013 κυρίου
1417 3927 1456 3988 δε·

310 4034 378 4108 θείς
397 4030 587 4119 παιδαγωγός
601 4035 642 4108 είς
661 4029 791 4118 Χριστόν
805 4028 879 4114 ἡμῖν
899 4034 1035 4118 γέγονεν,
1065 4029 1107 4110 τίς
1120 4029 1333 4118 ὑποδεέστερος
1349 4036 1407 4096 τῶν
1420 4049 1456 4090 τε·

310 4137 486 4218 λειουμέυιυν
503 4143 545 4223 τῷ
562 4140 686 4218 μείζονι,
708 4137 759 4200 καί
773 4134 940 4224 τελειοτάτη)
957 4133 1114 4222 προςιέγειν
1131 4135 1371 4218 πεπιστευμένος,
1395 4135 1455 4212 Χρε-

311 4244 383 4302 στοῦ
404 4238 438 4302 ῦέ
460 4245 517 4304 τοῦ
538 4241 647 4304 τελείου
672 4238 828 4318 ἐλθόντος,
857 4238 909 4304 καί
926 4236 1088 4319 δεσπότου,
1120 4239 1171 4304 καί
1196 4233 1455 4324 παρειληφότοςίτ

316 4391 602 4472 ,ΟιπΧΧΧἮΙι-
618 4387 869 4461 1.8ενι’ριι”ἆιαγκαι·
902 4397 1144 4458 υιιίςολαοειιίίῦτί.
1177 4387 1456 4462 διαγκαιστίρεεεῦθέ·

310 4473 392 4525 οτεροι
412 4475 455 4522 pro
478 4458 671 4528 ἀναγκαιότερον
689 4459 870 4530 (διαγκαιότε-
903 4469 970 4514 οαίυε
986 4469 1020 4514 ταί
1036 4465 1155 4516 Ρείαολυι.

311 4543 352 4594 ρος
361 4529 468 4580 πεπαίνει
478 4531 514 4580 εδ.
524 4533 606 4583 Ριίαυ.
619 4533 697 4583 Coton.
705 4533 798 4599 τηνεί),
808 4533 871 4596 quod
982 4551 986 4558 ·
