3042 5016
285 265 563 344 ripuariorum.
580 287 663 342 rous.
679 287 711 339 u.
726 285 828 339 uana.
844 285 977 338 uxxm.
1145 271 1207 338 359

43 407 85 472 iis
104 427 181 493 quae
197 407 246 473 vel
263 407 373 474 abillis
392 409 441 474 vel
460 407 496 472 ab
516 407 582 472 aliis
600 405 781 485 audivimus,
813 415 845 469 ut
861 405 1004 468 adversus
1021 423 1074 468 eos
1094 403 1208 470 scribe·

44 530 149 574 remes
165 511 276 576 inducti
290 511 400 590 simus,
424 511 521 575 sedet
539 509 656 573 aliunde
674 507 787 593 planum
805 508 910 572 lactum
929 505 984 584 sit,
1017 505 1088 570 nihil
1106 527 1160 570 nos
1175 507 1206 571 iu

42 613 130 699 ipsos
147 613 327 679 calumniose
351 613 528 692 contulisse,
559 611 696 696 deinceps
720 620 886 695 susceptam
903 609 932 672 in
948 609 1014 672 illos
1034 608 1206 694 disputatio·

42 737 115 780 uem
133 727 280 803 repetam,
303 736 339 780 ue
355 716 405 780 vel
418 714 620 780 tenuissimam
637 713 674 776 de
691 712 776 778 uobis
796 711 958 776 calumniae
977 720 1081 774 contra
1097 712 1206 778 tratres

42 818 386 905 nostrossuspiciouem
405 819 581 903 relinquam.
626 813 808 900 Quamquam
834 813 968 898 equidem
996 813 1051 878 hoc
1076 812 1207 900 ipsorum

42 941 156 986 caussa
171 921 327 986 etiamnum
346 941 462 1006 precor,
489 930 519 984 ut
533 939 608 1004 quae
624 916 777 982 molestiae
793 915 924 981 nonnihil
941 915 1026 980 uobis
1041 915 1204 997 attulerint,

41 1024 205 1108 aliquando
230 1023 397 1108 corrigent,
430 1041 467 1086 ne
491 1031 522 1085 et
536 1020 576 1086 illi
595 1020 689 1084 nostri
706 1031 737 1085 et
751 1019 865 1084 illorum
886 1039 940 1084 nos
955 1017 1095 1083 iacturam
1117 1018 1222 1084 lacian

42 1147 125 1190 mus.
172 1123 238 1189 lloo
262 1127 339 1190 enim
361 1144 578 1209 saepenumero
592 1143 646 1208 per
665 1122 778 1207 legatos
799 1122 836 1185 ab
854 1120 891 1184 iis
906 1120 1118 1207 postulavimus
1138 1121 1206 1186 hor·

42 1229 160 1312 tatique
183 1249 300 1308 sumus,
333 1239 363 1292 et
389 1229 464 1290 idem
487 1226 645 1312 impetrare
672 1225 759 1288 modo
783 1223 951 1304 studemus,
984 1233 1016 1287 ut
1038 1225 1118 1288 omui
1135 1245 1206 1290 con-

42 1329 181 1394 tentione
196 1329 325 1408 sublata,
350 1329 547 1416 apostolorum
567 1328 813 1412 evangelistarum
831 1347 866 1390 ac
883 1337 995 1411 patrum
1011 1326 1119 1392 divinis
1136 1347 1206 1391 sau·

41 1431 194 1498 otionibus
209 1431 357 1513 insistant,
376 1453 409 1496 ac
426 1433 572 1510 sincerae,
596 1427 720 1508 solidae,
743 1430 937 1494 inconcussae
955 1438 985 1492 et
1001 1429 1205 1514 undecumque

41 1533 226 1600 iustissimae
249 1534 316 1598 fidei
338 1533 550 1620 professionem
572 1542 762 1598 conservent.

132 1632 274 1702 Ceterum
293 1635 410 1700 memini
428 1635 483 1700 boo
498 1657 515 1700 e
533 1634 704 1720 quibusdam
721 1654 760 1698 ex
782 1633 897 1698 illorum
915 1655 1007 1719 grege
1024 1633 1120 1698 minus
1137 1655 1205 1700 esse

40 1751 209 1818 narratum,
228 1736 378 1805 Christum
394 1737 542 1804 domiuum
557 1759 616 1802 non
630 1737 704 1801 banc
719 1747 848 1801 nostram
861 1738 1056 1823 assumpsisse
1071 1757 1203 1818 carnem,

40 1843 95 1907 sed
115 1842 226 1908 diversi
242 1842 362 1926 generis
378 1841 477 1906 aliam.
523 1838 610 1925 Quod
627 1838 737 1904 utinam
757 1861 796 1904 ex
813 1840 927 1904 affectu
951 1839 1087 1906 laudandi
1110 1840 1204 1905 buno-

38 1944 188 2029 randique
214 1945 368 2012 lactarent.
414 1941 491 2008 Nam
514 1953 545 2007 et
568 1963 622 2006 nos
642 1951 776 2006 sanctum
800 1941 868 2006 illud
890 1963 958 2006 esse
977 1963 1084 2029 corpus
1110 1942 1204 2006 illiba·

39 2057 167 2131 tumque
180 2046 320 2126 dicimus3
341 2045 448 2131 quippe
465 2044 541 2130 quod
557 2047 666 2108 nullum
684 2065 805 2126 unquam
817 2056 963 2126 peccatum
980 2049 1127 2120 commisit,
1151 2051 1357 2112 noel-Potin

39 2156 71 2212 r'n
88 2155 153 2212 eius
169 2171 218 2211 cre
232 2153 313 2211 dolus
330 2154 458 2212 obventus
477 2159 537 2224 cst,-
572 2148 647 2230 quod
673 2147 788 2232 quidem
812 2167 898 2212 nemo
919 2169 977 2210 uon
998 2146 1136 2232 iutelligit
1154 2148 1204 2232 qui

40 2253 77 2314 de
96 2247 219 2316 Christo
244 2251 290 2336 pie
309 2251 480 2338 profiteatur
494 2271 528 2312 ac
544 2247 663 2312 sentiat.
710 2247 823 2312 Verum
843 2249 897 2312 etsi
916 2270 1019 2336 purum
1041 2249 1204 2334 integrum·

39 2375 100 2439 que
119 2373 226 2438 eorpus
243 2352 338 2431 illius,
363 2354 438 2438 quod
459 2351 633 2437 assumpsit,
657 2351 733 2416 idem
751 2371 820 2415 esse
837 2373 902 2414 cum
923 2361 1026 2415 nostro
1044 2354 1202 2433 fateamur,

39 2468 89 2521 est
116 2456 173 2518 hoo
190 2455 283 2541 ipsum
302 2466 398 2519 tamen
417 2454 447 2518 in
465 2453 568 2532 nobis,
601 2453 781 2538 quiquidem
798 2454 1001 2540 peccavimus,
1034 2453 1202 2520 conditione

38 2581 75 2622 ac
90 2558 235 2642 dignitate
254 2556 374 2622 multum
394 2557 534 2634 inlerius,
558 2577 617 2620 non
635 2557 710 2640 qnod
729 2557 855 2620 alienum
873 2556 910 2620 ab
928 2557 977 2620 illo
996 2557 1036 2621 sit
1052 2567 1082 2620 et
1095 2556 1203 2621 abhor-

38 2683 135 2739 rens,
169 2664 220 2724 sed
244 2661 319 2745 quod
345 2670 463 2745 peecata
490 2668 589 2722 sunta
608 2657 693 2724 uobis
715 2659 879 2742 delictaque
896 2659 1106 2744 quamplurima
1123 2681 1203 2725 rom-

37 2765 145 2828 missa.
188 2759 289 2848 Quare
312 2783 370 2826 non
393 2762 470 2826 aliud
496 2781 531 2824 no
551 2781 606 2824 nos
631 2761 805 2826 habemuse
825 2758 1202 2847 Cbristocorpusassum-

37 2879 122 2953 ptum
136 2875 202 2944 est,
232 2865 285 2929 scd
308 2865 384 2928 idem
407 2864 526 2928 omniuo
551 2885 657 2949 corpus
677 2875 722 2929 est
744 2865 820 2949 quod
840 2865 869 2928 iu
887 2865 936 2930 illo
951 2874 1100 2928 servatum
1119 2875 1150 2928 et
1165 2864 1201 2928 ah

38 2969 122 3033 omni
146 2967 323 3052 contagione
339 2966 517 3032 vindicatum
540 2976 597 3030 est.
952 3032 954 3038 ¹

126 3067 290 3134 Praeterea
316 3079 386 3132 sunt
409 3069 486 3132 iuter
509 3068 576 3132 illos
598 3067 686 3152 aliqui
706 3069 741 3131 ad
765 3068 820 3132 hoc
838 3089 930 3154 usque
950 3080 1064 3154 tempus
1079 3081 1202 3134 couten-
1247 3081 1309 3146 cap.

39 3172 132 3238 tionis
149 3171 227 3236 avidi
245 3191 281 3234 ac
297 3171 483 3256 perabsurdis
500 3171 687 3257 opinionibus
701 3170 820 3250 irretiti,
845 3194 902 3236 uon
919 3172 1072 3238 doctrinae
1087 3183 1201 3258 patrum
1245 3149 1303 3204 xv·

38 3277 253 3354 inhaerentes,
285 3277 461 3356 nequefidec'
480 3285 566 3356 ceput
585 3277 754 3348 relabentes,
787 3297 824 3336 eac
845 3297 899 3358 quo
923 3297 1003 3338 omne
1022 3299 1125 3358 eorpus
1144 3283 1271 3358 perttpt.
1286 3286 1309 3343 a,
1322 3283 1355 3332 te.

36 3399 192 3459 compages
210 3389 238 3439 et
252 3381 364 3440 miruolo
379 3380 585 3458 suppeditatum
600 3387 630 3437 et
641 3388 865 3456 coagrneatntum
885 3389 1010 3458 nugetur
1031 3384 1202 3442 incremento

37 3486 103 3556 dei,
139 3489 172 3543 ut
195 3479 320 3563 apostoli
346 3479 446 3543 verbis
472 3488 555 3556 utar,
587 3478 639 3542 sed
665 3498 752 3542 aures
774 3499 844 3544 suas
866 3481 1028 3546 alienorum
1053 3482 1202 3546 bominum

39 3581 262 3646 narrationibus
297 3581 460 3667 perturbari
493 3581 655 3667 patientes,
693 3601 751 3644 nou
784 3579 918 3646 dissimili
948 3605 983 3647 ao
1012 3583 1200 3664 Valentinus,

38 3683 158 3750 Marcio
175 3681 428 3769 Manichacusque
444 3684 578 3762 ratione,
610 3683 734 3746 eonhotu
752 3687 910 3769 quaedam,
929 3688 964 3750 iu
983 3687 1124 3753 bonorem
1142 3687 1201 3750 sci-

38 3788 110 3852 licet
127 3783 253 3864 Christi,
278 3788 428 3852 mendacia
447 3807 500 3872 pro
516 3786 597 3850 veris
614 3785 797 3869 dogmatibus
815 3788 984 3854 obtrudunt.
1031 3786 1107 3855 Cum
1121 3790 1200 3854 eninr

37 3887 157 3952 anobis
182 3887 304 3956 audiunt
320 3886 469 3954 Christum
493 3900 595 3954 nostro
623 3889 714 3954 luisse
739 3912 863 3976 corpore
886 3894 1068 3978 praeditum,
1101 3892 1200 3958 statim

36 4131 165 4192 proposuit
184 4131 246 4180 bono
261 4125 355 4194 Ἡμεῖς
378 4125 407 4182 δὲ
429 4127 475 4182 stul
494 4123 557 4182 adad
575 4126 604 4184 τὸ
640 4129 709 4198 quod
722 4130 777 4198 ipse
788 4131 911 4198 suscepit,
935 4141 962 4182 at
978 4149 1039 4200 prae
1062 4132 1107 4184 allo
1122 4131 1200 4202 ipsius

39 4199 120 4264 scipsa
137 4195 248 4265 λέγομεν,
267 4191 328 4260 ὅπερ
343 4195 387 4249 acl
401 4192 463 4250 adad
479 4198 516 4266 aqi
528 4193 604 4264 ripaei-r
638 4216 702 4265 puro
720 4217 838 4266 corpore,
856 4200 881 4250 in
900 4200 972 4251 nobis
992 4201 1033 4268 qui
1053 4203 1200 4270 transgressi

39 4269 134 4334 εῖΑηφι
150 4267 198 4332 (vel
215 4262 277 4319 odat
293 4265 331 4333 τῷ
348 4261 423 4332 ἡμῶν
439 4263 468 4320 τὸ
489 4268 566 4332 σῶμα
583 4269 602 4318 λ,
637 4283 730 4327 sumus,
748 4285 798 4317 nou
817 4268 884 4348 quod
902 4269 1010 4320 alienum
1027 4281 1070 4322 aut
1087 4271 1148 4322 alius
1165 4271 1200 4324 eit

38 4331 103 4458 {tt
130 4329 531 4457 *hlh‘ahlll‘ldlla‘h‘l
551 4333 604 4454 [ll
637 4334 1044 4457 ⁸⁰ttltlt⁸⁰t⁰'tt÷l¹‘⁰¹⁵⁰³
1060 4357 1129 4460 ⁰⁸⁸}ss
1152 4341 1200 4392 ⁸⁰⁶

38 4421 135 4524 κπειικῖο
144 4479 202 4522 erret
229 4472 282 4522 Nos
297 4421 389 4520 ¹hulcus
406 4421 512 4520 rhliumsi
536 4440 603 4520 idem
637 4419 812 4526 acommoda
829 4425 1028 4546 susspecta.orum
1055 4425 1102 4462 m
1128 4426 1200 4463 om

39 4557 94 4592 asse
113 4555 171 4592 oum
187 4550 274 4594 nocuo
300 4555 389 4611 corpus
413 4538 474 4592 illud
491 4538 602 4604 dicimus,
782 4543 783 4548 ’
