3082 5006
304 290 346 354 44
731 301 855 356 amer!
873 301 1047 356 ΕΡΙΡΗΔΝΠ

304 416 347 497 όός
360 438 449 502 φησι,
477 412 512 484 ‘0
526 414 613 503 λόγος
628 416 701 504 σάρξ
719 415 889 504 γενόμενος,
919 418 974 504 οδχ
992 415 1033 496 σός
1051 416 1142 497 αάτός
1161 415 1299 499 δπονοεῖ,
1325 417 1460 507 λόγονίτ

304 519 419 605 πατρός
444 518 630 606 προελθόντα
652 523 703 588 ιιαί
725 523 768 598 είς
788 520 886 606 σάρκα
909 523 1174 606 μεταβεβλημένον·
1206 521 1285 589 οὕτω
1310 521 1367 607 γάρ
1390 522 1460 590 ιιατά

303 622 359 707 την
373 622 567 708 ἠπατημένον
581 624 676 691 αὐτοῦ
693 626 811 692 ἐννοιαν
829 623 989 710 διηγήσατο
1005 627 1074 710 περί
1090 631 1145 691 τοῦ
1160 624 1245 710 ὅρου.
1278 628 1321 690 Et
1337 626 1371 692 δέ
1388 628 1462 692 ἐστιν

302 723 398 810 Ἀδάμ
412 725 471 812 πρό
490 734 545 794 τοῦ
561 723 636 794 είναι
652 725 706 795 τόν
718 725 826 814 λόγον,
859 725 942 814 Ξάρα
957 725 1006 794 διά
1021 731 1102 804 τίνος
1118 724 1137 794 ό
1153 725 1245 805 αιίιός
1259 724 1353 811 Ἀδάμ
1371 730 1462 794 ιιέιιτι-

303 851 386 909 σται,
415 831 466 896 ιιαί
492 828 590 896 πάντα
616 828 654 896 τά
678 829 737 917 πρό
755 828 849 898 αὐτοῦ
873 835 1016 914 πείσματα
1037 837 1091 897 τοῦ
1107 837 1201 909 θεοῦς
1232 828 1347 916 ηἰιρός
1363 827 1462 896 είναό

304 932 401 1018 πατὴρ
425 936 539 1017 είρηιιε,
571 935 752 1017 Ποιήσωμεν
772 931 954 1019 ἄνθρωπον,
999 933 1045 1000 Οὐ
1062 932 1118 1020 γάρ
1136 938 1180 1011 τίς
1203 940 1297 1000 ’ποτε
1318 931 1397 1018 πρός
1412 931 1461 999 τόν

304 1034 478 1103 ἐνδιάθετον
501 1033 596 1102 αότοῦ
618 1034 725 1123 λόγον,
754 1034 844 1120 ἢτόν
865 1034 1054 1121 προφορικόν
1068 1038 1241 1104 ἐπιτείνεται
1259 1035 1314 1121 τήν
1334 1041 1462 1120 συμβου-

302 1143 381 1218 λίαν,
411 1135 482 1204 du&
504 1135 583 1224 πρός
605 1137 658 1204 τόν
679 1141 814 1222 ἐμφυτον
832 1141 884 1204 ιιαί
909 1137 995 1225 άγιον
1016 1137 1111 1205 αὐτοῦ
1130 1137 1218 1226 λόγον
1232 1146 1286 1223 τῆς
1304 1139 1462 1223 μελλούσης

302 1250 357 1309 τοῦ
372 1239 541 1328 άνθροόιιου
556 1243 751 1327 δημιουργίας
766 1250 895 1308 ποιεῖται
912 1240 967 1325 τόν
982 1239 1054 1324 μετά
1077 1239 1174 1325 πάσης
1188 1247 1299 1324 σοφίας
1317 1243 1461 1329 ἐξήγησιν,

297 1347 354 1410 λ’να
368 1343 515 1428 μάθωμεν
538 1345 568 1422 ἐξ
587 1341 679 1428 άργῆς
704 1340 780 1411 είναι
803 1343 855 1411 τόν
877 1348 971 1412 παῖδα
985 1341 1063 1430 πρός
1079 1342 1131 1412 τόν
1152 1345 1248 1411 αὐτοῦ
1264 1346 1395 1430 πατέρα,
1416 1347 1463 1412 λ’νυ

303 1446 344 1531 μή
367 1445 421 1513 τόν
444 1444 586 1531 ἡμίτομον
607 1451 727 1529 ιιτίστην
740 1449 919 1533 πρόσφατον
934 1453 1117 1531 νομίσαμεν,
1145 1445 1218 1514 ἀλλά
1241 1445 1296 1514 οδν
1311 1449 1404 1530 πατρί
1420 1444 1462 1512 άεί

303 1547 475 1636 όπάρχοντα
498 1547 557 1634 πρό
577 1557 637 1616 τοῖν
660 1549 794 1618 αίοίνων·
826 1549 867 1628 νίς
889 1552 940 1617 ιιαί
956 1547 1094 1634 ’ίωάννης
1113 1559 1259 1638 μαρτυρεῖ
1277 1551 1387 1637 λέγων,
1412 1550 1464 1616 Ἐν

303 1649 378 1744 άργῇ
398 1644 436 1734 ἦν
457 1647 476 1718 ό
497 1649 599 1738 λόγος,
620 1655 673 1720 ιιαί
695 1650 714 1720 ό
731 1651 821 1740 λόγος
842 1645 882 1737 ἦν
903 1652 980 1738 πρός
1001 1652 1080 1720 4τόν
1100 1653 1184 1720 θεόν.

166 1776 234 1846 Κεφ,
248 1772 281 1833 η,
396 1754 471 1832 ιὮς
484 1779 577 1839 φησιν
593 1753 709 1833 ἀότός
723 1754 741 1823 δ
757 1754 897 1843 άγάρτης.
942 1758 1002 1821 Καί
1019 1753 1109 1834 αάτός
1127 1783 1205 1839 φημι
1221 1752 1297 1823 είναι
1308 1753 1363 1822 τόν
1380 1754 1464 1842 λόγον

302 1855 354 1925 άπ’
367 1855 473 1944 άργῆς,
505 1855 565 1924 ἄλλ’
584 1859 639 1944 οὐχ
660 1858 728 1926 υἱόν
748 1867 826 1927 θεοῦ
846 1859 1065 1947 γεγεννημένον.
1110 1861 1172 1924 Ιίαί
1197 1861 1224 1924 εί
1243 1857 1284 1941 μη
1305 1859 1387 1926 ἐστιν
1401 1858 1463 1934 υίός

302 1968 393 2042 θεοῦ,
415 1961 541 2044 μάταιος
556 1959 650 2030 αότοῦ
665 1959 683 2028 ό
698 1960 806 2042 πόνος,
838 1965 970 2046 8μοιταία
982 1957 1078 2028 αάτοῦ
1091 1962 1141 2027 ιιαί
1157 1958 1178 2044 ἦ
1195 1966 1386 2048 προαίρεσις,
1414 1962 1458 2026 ιιαί

302 2061 324 2148 ἦ
342 2066 441 2146 ἐλπίς,
469 2067 521 2130 ιιαί
540 2061 562 2146 ἦ
584 2063 709 2132 διάνοια.
757 2065 837 2132 Οίιδέ
859 2063 918 2151 γάρ
938 2062 1227 2150 περισσότεροντῶν
1253 2063 1461 2150 άρνησαμίνυν

303 2165 395 2236 αότδν
411 2165 563 2236 Ἰουδαίων
579 2160 668 2246 οὗτος
682 2170 765 2254 λέγει.
814 2167 859 2234 Οό
877 2165 933 2254 γάρ
954 2170 1030 2254 λέγει
1045 2169 1113 2252 περί
1135 2163 1230 2233 αὐτοῦ
1244 2164 1277 2233 τά
1299 2163 1462 2254 εόαγγέλιον

301 2269 364 2353 ότι,
391 2269 441 2337 Ἐν
455 2269 531 2362 άρχῇ
544 2263 584 2355 ἦν
600 2268 736 2358 όλόγος,
758 2272 811 2338 ιιαλ
828 2267 847 2337 ό
860 2268 947 2358 λόγος
962 2263 1000 2355 όγν
1015 2273 1047 2338 ἐν
1064 2277 1105 2359 τῷ
1119 2277 1199 2358 θεῷ,
1221 2267 1298 2350 ἀλλ’,
1327 2266 1364 2335 ‘O
1380 2269 1462 2356 λόγος

217 2407 221 2416 ·
300 2368 339 2458 ἦν
357 2373 435 2461 πρός
448 2372 500 2441 τόν
515 2375 597 2442 θεόν.
643 2377 704 2439 Καὶ
721 2372 758 2440 οὐ
775 2375 850 2460 λέγει
868 2372 915 2440 ὅτι
935 2375 966 2440 ἐν
989 2380 1030 2463 τῷ
1046 2379 1110 2462 θεῷ
1127 2365 1165 2457 ἦν
1183 2371 1287 2456 μόνον,
1306 2369 1381 2438 άλλά
1393 2370 1463 2447 θεός

300 2469 340 2560 ἦν
357 2473 375 2544 ό
389 2475 484 2563 λόγος.
523 2474 599 2541 Ἀλλ’
613 2479 646 2543 ἐν
661 2484 702 2566 τῷ
721 2474 876 2567 άνθροίιιρι
894 2477 948 2559 μίν
967 2476 1056 2563 λόγος
1072 2476 1245 2552 ἐνδιάθετος
1260 2473 1306 2542 άεί
1322 2478 1376 2542 ιιαλ
1393 2501 1462 2556 προ-

301 2576 429 2661 φοριτιός
449 2576 593 2665 δπάργων
621 2569 804 2646 οόδάναται
827 2581 965 2667 λίγεσθαι
985 2576 1165 2665 άνθρωπος,
1195 2576 1269 2644 άλλά
1293 2576 1462 2664 άνθροίπσυ

300 2681 395 2767 λόγος.
434 2684 504 2747 ⁴131
520 2679 577 2750 οόιι
591 2673 630 2766 ἦν
648 2679 734 2749 οὔπω
744 2681 778 2750 τό
793 2684 934 2769 γέννημα,
950 2678 992 2758 νίς
1011 2679 1101 2757 αότός
1115 2682 1200 2768 λίγει,
1215 2683 1265 2747 ιιαί
1281 2683 1308 2746 εί
1321 2679 1411 2748 οὔπω
1429 2672 1464 2763 ἦν

301 2781 368 2861 υἱός
390 2790 475 2851 οτοῦ
491 2792 569 2851 θεοῦ
588 2782 662 2862 θεός
676 2782 778 2872 λόγος,
810 2782 860 2852 διά
881 2789 961 2862 τίνος
980 2783 1016 2850 τά
1041 2781 1138 2848 πάντα
1163 2785 1331 2870 γεγένηταις
1363 2780 1463 2866 ἐπειδη

301 2908 376 2970 φησι
390 2886 424 2953 τό
442 2886 628 2974 εόαγγέλισν,
660 2885 767 2955 Πάντα
790 2885 829 2954 δι’
845 2887 940 2954 αὐτοῦ
956 2888 1086 2974 ἐγίνετο,
1116 2887 1168 2952 τιαί
1183 2888 1272 2970 χωρίς
1287 2886 1385 2953 αιἰιοῠ
1406 2887 1463 2972 ἐγί-

301 3015 368 3056 νιτο
391 2987 463 3058 οάδέ
483 2993 524 3058 ἐν.
566 2987 650 3056 Ἀλλά
668 3011 758 3073 φησι,
778 2989 893 3074 Ὧςπερ
916 2986 967 3056 διά
988 2987 1078 3076 λόγου
1095 2983 1114 3054 ό
1130 2985 1294 3076 άνθρωπος
1312 2985 1464 3070 πράττειδ

301 3093 455 3178 βούλεται,
484 3091 580 3170 οὕτως
595 3090 645 3160 διά
664 3100 719 3159 τοῦ
737 3095 817 3159 ίδίου
837 3089 960 3179 λόγονό
979 3089 1077 3175 πατὴρ
1095 3090 1145 3157 διά
1162 3098 1217 3158 τοῦ
1233 3088 1319 3167 ὄντος
1336 3093 1372 3156 ἐν
1385 3090 1464 3178 αὐτῷ

301 3193 379 3286 λόγῳ
399 3198 519 3278 ἐποίησε
532 3193 570 3261 τά
583 3195 689 3262 πάντα.
736 3201 810 3272 Πῶς
831 3187 886 3262 οὖν
901 3192 920 3261 ό
938 3192 1041 3274 καίριος
1062 3190 1114 3260 διά
1128 3201 1183 3260 τοῦ
1200 3193 1373 3279 εὐαγγελίου
1392 3195 1463 3278 λέγει

301 3296 459 3378 δτι,Ἕως
474 3296 546 3384 άρτι,
563 3294 581 3363 ό
597 3295 695 3381 παττίρ
714 3298 877 3383 ἐργάζεται,
907 3294 990 3384 ιιάγοί
1008 3295 1182 3383 ἐργάζομαι,
1230 3295 1271 3362 Τό
1287 3297 1334 3377 δέ,
1360 3293 1397 3362 ‘0
1411 3321 1464 3362 πα·

300 3399 355 3487 τηρ
373 3400 536 3487 ἐργάζεται,
568 3400 652 3488 ιιάγοί
670 3399 843 3487 ἐργάζομαι,
874 3400 912 3466 οὗ
934 3405 988 3466 τοῦ
1011 3397 1124 3484 πατρός
1145 3397 1187 3483 μὴ
1212 3400 1410 3486 ἐργαζομίνου
1434 3400 1464 3466 ἐν
1489 3472 1492 3476 ,

300 3511 336 3594 τῇ
360 3510 414 3569 τοῦ
436 3507 506 3570 υίοῦ
522 3507 659 3593 ἐργασίᾳ,
687 3499 759 3572 οάδί
774 3510 829 3569 τοῦ
844 3505 914 3568 υίοῢ
934 3497 1112 3587 οα’ίλοτρίου
1130 3499 1231 3583 όντος,
1252 3504 1302 3568 ιιαί
1322 3501 1365 3586 με)
1382 3507 1465 3588 ἐργα·

301 3608 431 3692 σαμίνου
459 3608 491 3673 ἐν
516 3613 553 3696 τῇ
573 3613 628 3672 τοῦ
652 3603 767 3692 πατρός
793 3609 981 3694 δημιουργίᾳ.
1027 3604 1133 3672 Πάντα
1156 3603 1213 3692 γάρ
1233 3601 1270 3670 τά
1290 3607 1379 3692 ἐργα,
1410 3605 1464 3672 όσα

280 3757 283 3764 =
301 3713 394 3791 ἐστιν,
423 3707 486 3792 άμα
509 3711 543 3775 ἐιι
558 3706 671 3794 πατρός
691 3710 744 3774 ιιαί
767 3711 837 3775 υίσῦ
857 3709 909 3774 καί
924 3705 1012 3792 άγίου
1028 3707 1196 3791 πνεύματος
1211 3709 1371 3795 γεγένηται.
1419 3703 1465 3773 Δι’

302 3813 396 3880 αὐτοῦ
410 3809 467 3898 γάρ
484 3809 522 3877 τά
538 3811 636 3878 πάντα
651 3814 771 3898 γέγονεν
788 3807 849 3877 άπό
872 3808 999 3896 πατρός,
1028 3813 1080 3876 ιιαί
1096 3809 1188 3888 αότδς
1203 3807 1239 3876 τά
1253 3807 1351 3876 πάντα
1367 3807 1462 3898 εέργά-

302 3939 372 3983 σατο
391 3914 448 3982 σόν
470 3916 575 3998 πατρί,
607 3916 659 3980 ιιαλ
680 3912 736 3980 σδν
758 3911 832 4004 άγίιμ
854 3913 1007 3998 πνεύματι.
1056 3920 1103 4003 Τῷ
1126 3911 1182 4000 γάρ
1204 3913 1282 4001 λόγῳ
1303 3918 1414 3999 κυρίου
1435 3915 1466 3980 οί

303 4015 423 4103 οόρανοί
446 4014 683 4102 ἐστερεώθησαν,
714 4018 765 4083 καί
786 4023 828 4108 τῷ
849 4014 997 4099 πνεόματι
1018 4023 1072 4083 τοῦ
1093 4014 1239 4100 στόματος
1259 4013 1354 4082 αότοῦ
1382 4023 1463 4082 πᾶσα

303 4115 467 4202 ἦδόναμις
489 4120 592 4188 αὐτοῦ.
637 4116 695 4186 Διό
718 4122 768 4186 ιιαλ
791 4117 862 4202 μετά
884 4116 1081 4200 άσφαλιίαςό
1102 4117 1207 4206 ιιόριος
1228 4121 1260 4186 ἐν
1281 4126 1322 4208 τῷ
1344 4120 1463 4207 εδαγγε·

303 4227 356 4313 λίην
377 4225 468 4308 ίλεγε,
497 4222 651 4310 γινώσκων
677 4219 731 4299 τάς
752 4219 896 4300 ὑπονοίας
917 4229 976 4289 των
997 4223 1244 4306 πεπλανημένων,
1271 4221 1463 4309 προγνιόσιης

337 4431 360 4482 ι.
378 4421 605 4495 mmmmm„
930 4431 1044 4482 cmv,
1064 4457 1094 4469 -
1132 4432 1153 4482 ι.
1171 4425 1460 4497 mmmmm·

337 4499 361 4551 3.
378 4495 481 4552 πυίποττ
497 4501 548 4550 cod.
562 4501 658 4562 θθιθίγ.
896 4503 1008 4551 tuendum
1025 4503 1113 4550 τιπιυίι
1129 4502 1249 4551 Ριλονίυι.

337 4563 362 4621 ί.
379 4563 423 4623 τόν
438 4569 519 4618 οπείιι
533 4569 778 4622 mmmmm.
792 4573 862 4632 τιμιλ
929 4569 953 4620 ¹2.
971 4561 1050 4629 αότός
1067 4583 1113 4619 οτι.
1130 4571 1156 4619 λιι
1171 4569 1226 4618 edit.
1243 4571 1343 4622 Patavii.
