3042 5016
293 291 433 348 rsusnu
450 295 513 346 nm.
531 288 576 345 ut.
593 293 723 346 romu.
740 291 842 346 nunu.
856 293 990 346 nxxvu.
1157 277 1217 343 set

68 413 172 476 minum
197 413 226 477 in
251 435 369 478 curnem
394 425 424 478 et
445 433 514 478 osso
546 424 686 477 mutatum
718 433 786 478 esse
818 413 962 484 offirmare
988 433 1046 476 nou
1076 411 1219 476 dubitant.

67 513 168 600 Neque
185 517 262 580 cuins
279 517 370 596 dixit,
397 520 629 596 Quemadmodum
645 539 688 578 me
704 539 817 579 onmem
836 529 866 578 ot
878 537 943 578 osso
959 521 1058 578 nodedi
1073 537 1144 589 esre,
1169 517 1220 577 sed

67 619 182 693 tabem,
201 639 245 688 ue
264 619 392 684 lortnssc
409 619 530 682 verbnm
547 617 641 703 ipsum
661 619 690 681 in
707 617 871 682 istiusmodi
891 637 1067 682 conversum
1086 633 1153 680 esse
1170 637 1222 701 qu·

66 731 190 800 teretur,
222 721 274 784 sed
293 733 324 784 ut
340 743 375 784 ca
394 721 538 785 duntaxat
559 732 587 784 et
604 732 672 785 urite
696 731 819 784 mortem
841 732 953 806 etpost
974 719 1221 784 resurrectionem

67 821 201 887 babuisse
224 825 373 888 credatur.

148 923 203 989 llis
221 927 256 989 nd
275 947 341 989 euru
363 925 478 990 modum
499 925 695 1010 comprobetis
712 926 748 988 de
763 923 829 988 eliis
848 925 946 987 dicere
965 943 1217 1010 supervacaneum
1242 923 1349 990 cccx.

65 1039 126 1108 cst,
151 1039 204 1092 aut
218 1027 331 1112 agitare
349 1028 535 1113 disputando.
580 1025 658 1090 Nom
678 1047 745 1091 cum
765 1047 871 1112 corpus
890 1028 920 1090 in
940 1047 997 1111 quc
1018 1027 1139 1090 verbum
1160 1027 1222 1090 iuo-

65 1142 107 1194 rnt
132 1130 277 1195 divinitati
303 1129 552 1194 consubstantiale
570 1129 688 1193 minime
714 1129 821 1207 luerit,
853 1130 904 1194 sed
927 1149 968 1192 ex
986 1125 1083 1192 Maria
1109 1126 1223 1213 virgine

64 1253 169 1297 revera
186 1242 304 1311 natum,
328 1253 452 1317 cumque
475 1231 596 1296 verbnm
619 1233 713 1318 ipsum
738 1253 796 1294 oon
818 1233 848 1294 iu
872 1251 941 1294 osse
962 1250 1139 1316 nuruumque
1160 1251 1223 1294 mu·

63 1344 153 1399 totum
173 1336 227 1399 sits
261 1335 361 1400 sedin
384 1355 473 1399 carne
496 1334 653 1399 resederit.
699 1330 785 1416 Quod
807 1334 886 1398 enim
912 1329 1059 1397 oloouue
1081 1333 1220 1418 scriptum

63 1449 125 1518 ast,
152 1439 271 1500 Verbum
286 1459 354 1500 coro
366 1440 475 1520 sontum
491 1449 548 1510 est,
584 1437 660 1500 bunc
682 1436 768 1500 babet
786 1457 923 1515 sensum,
957 1448 991 1500 ut
1009 1455 1048 1501 ea
1068 1437 1155 1500 simili
1178 1436 1373 1502 Ιι-ῙΜΗΛ1

62 1539 170 1624 quendi
182 1541 300 1604 ratione
318 1539 415 1624 colligi
432 1549 540 1625 potest.
588 1537 644 1603 Est
665 1539 742 1602 enim
760 1561 777 1601 s
794 1537 887 1603 Paulo
905 1539 1062 1624 scriptum,
1088 1543 1219 1602 ocream
1232 1551 1285 1596 nst
1297 1551 1361 1602 nu.

59 1665 112 1723 pro
136 1645 218 1705 mobis
231 1646 329 1726 foetus
351 1653 397 1704 cst
416 1645 604 1704 meledictum.
651 1639 691 1706 Ut
714 1641 805 1725 igitur
832 1642 1016 1710 meledictum
1036 1641 1085 1706 ille
1105 1643 1222 1727 propriu

62 1767 119 1808 nou
140 1747 210 1823 luit,
244 1744 296 1810 scd
312 1745 380 1808 ideo
398 1744 489 1808 luisse
503 1743 626 1823 dicitur,
660 1744 735 1828 quod
756 1743 824 1808 illud
843 1755 944 1808 nostru
960 1765 1064 1808 caussa
1083 1765 1221 1831 suscepe-

62 1847 115 1926 rit,
142 1847 185 1910 sio
202 1857 232 1910 et
247 1867 315 1909 coro
327 1849 436 1928 foetum
454 1859 512 1921 eet,
538 1867 596 1909 uon
616 1845 691 1930 quod
708 1847 736 1908 in
756 1867 875 1912 caruem
895 1857 1102 1910 commutatum
1120 1847 1220 1928 luerit,

61 1951 112 2012 sed
134 1950 210 2034 qnod
229 1969 348 2012 carnem
376 1949 534 2034 pronubis
556 1949 767 2032 assumpserit,
797 1961 826 2010 et
845 1953 926 2010 domo
942 1952 1038 2030 suctus
1053 1955 1102 2010 ιιι.
1149 1947 1222 2013 Ete-

61 2053 120 2114 uim
148 2052 204 2115 buc
224 2051 336 2136 ipsum,
368 2053 487 2113 Verbum
509 2072 578 2113 curo
593 2053 707 2132 sontum
730 2063 791 2125 est,
817 2053 939 2115 eandem
957 2052 1015 2115 viru
1040 2051 1127 2114 babet
1144 2073 1178 2114 ec
1194 2051 1220 2115 si

60 2153 229 2232 diceretur,
253 2153 352 2218 Homo
371 2155 478 2218 lactum
498 2164 556 2216 est.
603 2149 774 2216 Curinsmodi
798 2163 844 2216 est
863 2153 931 2216 illud
955 2150 1071 2218 alodle
1093 2153 1219 2218 dictum=
1255 2180 1261 2190 ¹

60 2257 218 2341 Effundam
232 2261 267 2318 de
280 2261 386 2339 apri-ito
400 2279 461 2318 meo
476 2277 563 2338 super
580 2277 685 2318 omnem
700 2277 824 2318 carmem.
871 2253 957 2339 Quor
976 2255 1091 2340 quidem
1110 2257 1221 2321 deuuu-
1235 2257 1284 2304 ¹⁰⁰¹
1295 2259 1317 2314 ²·
1329 2259 1362 2304 Β·

59 2359 147 2424 tiatio
168 2379 203 2422 ec
225 2358 382 2444 promissio
405 2379 462 2422 non
487 2359 521 2422 ad
541 2359 686 2444 pectides,
712 2359 763 2421 scd
784 2361 819 2421 ad
838 2357 970 2421 homines
989 2358 1126 2444 pertinet,
1151 2379 1222 2443 qon-

57 2481 123 2525 rnm
139 2461 235 2546 gratio
258 2461 392 2526 lominus
408 2472 454 2524 cst
468 2460 555 2524 bomo
572 2463 679 2524 luctus.
726 2457 812 2542 Quae
832 2481 898 2523 curu
916 2461 955 2524 ita
974 2459 1049 2540 sint,
1074 2481 1167 2545 eaque
1183 2462 1223 2524 sit

58 2565 221 2628 verborum
246 2564 363 2628 illoram
388 2564 553 2640 sententia,
583 2563 631 2626 rel
651 2562 766 2646 seipsos
784 2561 848 2626 iure
877 2564 1113 2628 condemnabunt
1132 2562 1151 2625 ii
1172 2563 1222 2648 qui

55 2662 159 2730 Maria
175 2667 301 2752 priorem
317 2685 385 2730 esse
400 2685 519 2728 earnem
535 2665 614 2728 illam
633 2665 816 2742 existimant,
840 2685 916 2748 quoe
937 2667 973 2729 dc
989 2663 1086 2730 blnria
1106 2676 1220 2751 sumpta

56 2769 112 2849 uit,
148 2779 180 2832 et
194 2777 263 2832 aute
281 2767 358 2830 illem
376 2768 501 2832 bumana
518 2769 679 2854 praeditum
702 2768 800 2832 anima
817 2766 908 2831 luisse
925 2767 1066 2846 verbum,
1096 2788 1220 2853 eamque

55 2881 216 2956 autequam
241 2871 296 2934 buc
321 2869 475 2933 adveniret
500 2870 649 2935 babuisse.
696 2867 756 2934 Sed
780 2879 812 2932 et
834 2869 874 2932 illi
898 2870 1002 2954 nugari
1021 2871 1156 2936 desinent
1171 2873 1220 2957 qni

55 2995 180 3038 carnem
199 2973 302 3036 mortis
328 2991 396 3036 osec
413 2993 548 3057 nupecem
569 2981 694 3056 negant,
719 2982 750 3035 et
767 2974 802 3036 ud
821 2971 995 3038 immortalis
1015 2984 1138 3038 naturae
1155 2993 1221 3038 sor·

54 3086 116 3140 tem
140 3077 398 3160 conditionemque
421 3074 632 3138 transcribunt.
677 3071 756 3138 Nom
783 3075 808 3140 si
828 3085 962 3140 mortuns
982 3088 1123 3160 nonest,
1148 3097 1220 3162 quo-

53 3179 148 3244 modo
166 3176 275 3242 Paulus
299 3179 417 3242 tradere
441 3177 496 3240 boc
512 3173 676 3242 Corinthiis
698 3177 811 3261 potnit,
845 3179 922 3262 quod
938 3201 970 3240 sa
985 3185 1126 3261 oeeepr'sre
1139 3179 1220 3244 dicu·

52 3279 128 3346 bat?
174 3285 310 3361 Quorum
333 3283 462 3342 cunctos
483 3291 611 3340 mortuus
633 3291 678 3340 est
692 3299 750 3360 pro
764 3285 892 3361 percotis
911 3285 1033 3356 mosum,
1067 3287 1219 3346 secumdum
1232 3294 1373 3354 tomum.

51 3390 229 3468 serr'ptcrus.
277 3381 449 3466 Resurgere
471 3401 543 3444 reru
568 3380 617 3464 qui
633 3381 727 3467 potuit
754 3381 811 3446 nisi
837 3393 968 3446 mortuns
986 3393 1074 3448 anton
1096 3383 1221 3449 luisset?
1431 3373 1433 3376 ¹

51 3485 198 3551 Maximo
216 3481 289 3552 vero
306 3487 416 3571 pudore
433 3483 645 3570 perfunduntur
660 3483 681 3545 ii
696 3484 745 3568 qui
768 3483 989 3569 quaternionem
1012 3507 1065 3572 pro
1088 3487 1220 3552 trinitate

53 3589 199 3654 constitui
223 3609 396 3674 persuasum
416 3587 541 3666 babent,
574 3585 599 3650 si
617 3607 723 3671 corpus
740 3607 756 3650 e
771 3584 870 3651 Maria
889 3598 988 3650 natum
1006 3609 1073 3651 esse
1092 3589 1218 3653 dicutur.

51 3691 138 3758 Nom
154 3692 180 3756 si
197 3690 447 3756 consubstantiale
472 3688 563 3753 verbo
582 3709 688 3773 cotqus
712 3688 905 3770 arbitremur,
939 3690 1055 3755 trinitas
1073 3691 1218 3754 nibilomi-

51 3816 111 3858 nus
133 3794 251 3858 triuitas
268 3803 430 3880 permanet,
446 3812 511 3855 cum
530 3790 717 3875 peregrinum
736 3793 845 3857 nullum
860 3794 982 3858 verbum
998 3794 1026 3857 in
1042 3793 1119 3857 illam
1135 3794 1219 3858 iuve-

50 3897 157 3962 batnr.
205 3897 247 3960 At
263 3897 288 3960 si
305 3916 412 3981 corpus
427 3895 495 3958 illud
514 3894 590 3958 idem
606 3913 645 3957 ex
663 3891 762 3980 Morio
780 3907 878 3960 uatum
894 3895 1039 3960 bominem
1058 3915 1125 3959 esse
1141 3896 1220 3960 dicc-

50 4022 142 4082 mus,
174 4019 298 4064 necesse
317 4009 379 4075 est,
412 4019 477 4062 cum
496 4017 602 4080 corpus
620 4005 725 4060 nature
744 3998 930 4083 peregrinum
956 3997 1141 4081 alienumque
1166 3998 1217 4077 sit,

50 4105 139 4166 utin
161 4103 225 4187 ipso
243 4101 365 4164 verbum
386 4100 527 4178 insident,
562 4100 785 4183 quaternionem
805 4122 858 4185 pro
876 4099 1007 4163 trinitate
1022 4118 1217 4184 consurgere,
1322 4125 1323 4128 ¹

50 4223 187 4290 corpore
209 4203 346 4266 videlicet
367 4202 493 4266 adiecto.

85 4339 113 4393 9.
134 4331 227 4399 πάντες
243 4341 270 4390 Β.
692 4335 731 4390 13.
748 4335 867 4404 γενέσθαι
884 4339 912 4390 Β.

86 4409 133 4464 10.
154 4403 209 4460 rttol
226 4405 240 4460 d
273 4405 363 4474 ηκέναι
379 4407 406 4458 Β.
693 4403 731 4457 14.
750 4403 795 4472 μὲν
812 4409 882 4457 onoc.
901 4421 917 4456 c
934 4408 961 4457 n.

87 4479 133 4530 ll.
154 4469 221 4536 ὅλως
239 4423 283 4528 oieb
297 4478 325 4526 Β.
691 4475 728 4526 15.
746 4473 872 4542 sinuum,
890 4472 964 4542 φασὶ,
981 4471 1013 4528 τὰ
1028 4476 1056 4528 Β.

85 4545 132 4597 12.
153 4543 198 4598 καὶ
214 4540 346 4598 dctnmm
379 4535 577 4610 Ἐρυθριιὶσουσι
593 4543 620 4594 Β.
692 4537 728 4595 16.
747 4531 818 4598 otidis
836 4540 902 4605 ξένον
919 4544 956 4607 Β,
972 4545 1036 4607 quod
1055 4555 1137 4596 mom
1152 4549 1216 4608 noto.
