3068 5008
525 383 780 446 rnnrxnenust.
1168 371 1230 438 703

103 509 145 579 qul
158 509 209 562 sint
222 510 423 564 Manichaeorum
440 512 513 562 eiecti
526 511 633 562 ibid-
650 515 652 527 '
669 515 779 564 Marcion
814 512 927 563 ordinem
962 510 1122 580 epistolarum
1161 504 1231 561 Pauli

102 596 163 666 qnid
192 597 300 648 sentient
325 595 358 646 de
384 595 471 647 Adami
507 597 633 648 creatione
702 599 831 668 perturbat
851 601 909 648 878.

101 681 163 732 ibid.
188 709 220 722 -
260 698 347 732 eorum
372 682 492 734 refutatio
516 687 573 732 048.
598 709 634 720 -
649 688 652 745 Ι
669 684 803 735 Marcionis
822 683 877 734 libri
893 693 918 733 et
932 682 1051 751 npnscnla
1069 697 1172 751 quorum
1187 697 1231 731 re-

102 765 222 818 ridiculae
241 767 443 818 Manichaeorum
459 783 539 836 nugae
557 769 614 816 048.
649 750 652 812 1
702 769 794 820 fetatio
812 769 940 820 subiicitur
957 771 1015 818 811.
1036 793 1067 807 -
1091 765 1135 817 ille
1150 767 1232 817 Lucae

65 851 229 902 Manichacus
246 851 320 904 deum
339 851 506 920 improbitatis
524 859 631 902 accusat.
701 853 857 921 evangelium
881 853 992 921 corrupit
1015 857 1073 902 311.
1091 880 1122 890 -
1167 850 1229 901 sori-

102 939 161 987 881.
180 965 211 976 -
243 936 390 1005 phrenetico
408 947 567 1006 comparatur
581 937 652 1011 ἰδίῃ
701 949 790 1007 pturae
814 938 870 990 loca
895 958 908 989 a
936 937 1064 989 Marcione
1095 933 1232 1004 deprasnta

103 1023 215 1074 dena*
239 1032 415 1074 testamentum
431 1020 493 1089 legia
508 1033 551 1072 ant
565 1020 652 1072 mor·'
701 1043 747 1092 per
770 1023 866 1092 singula
896 1024 977 1092 cupita
1008 1019 1130 1090 evangelii
1150 1021 1232 1070 Lucae

101 1107 136 1158 tis
149 1116 329 1158 testamentum
346 1107 449 1170 asserit,
471 1116 499 1158 et
517 1107 569 1158 eina
586 1123 633 1157 ea·
702 1114 760 1160 818.
777 1113 834 1160 818.
854 1118 879 1160 et
896 1125 966 1177 seqq.

101 1187 199 1261 poeitlo'
221 1197 279 1244 088.
305 1221 337 1232 -
384 1202 412 1242 et
438 1191 567 1260 quomodo
593 1190 633 1240 lex
668 1196 804 1248 Marcionis
819 1193 960 1248 confutatio
972 1197 1030 1245 870.
1044 1221 1075 1234 -
1093 1202 1119 1243 et
1130 1191 1230 1258 ineptae

99 1278 170 1329 iusto
186 1295 238 1329 nou
255 1279 287 1328 ait
305 1279 388 1345 posita
403 1277 463 1330 ibid
483 1307 515 1318 -
545 1277 634 1328 asserit
702 1281 735 1332 de
758 1281 807 1331 dec
832 1289 936 1349 parente
962 1291 989 1330 et
1008 1278 1108 1332 Christo
1134 1276 1233 1328 fabulae

101 1373 177 1414 vetas
189 1381 221 1415 ao
236 1379 327 1414 nomm
344 1373 522 1414 testamentum
537 1363 569 1414 ab
586 1379 633 1414 eo·
702 1365 842 1416 destructio
858 1364 918 1416 ibid.

102 1448 161 1500 deor
186 1448 306 1516 magistro
330 1465 380 1500 non
407 1463 462 1498 esse
491 1447 634 1516 profectum
669 1451 884 1502 Marcionietarnut
909 1449 1021 1502 haeresia
1046 1447 1163 1517 vigesima
1176 1443 1233 1498 'se-

104 1537 164 1584 884.
704 1535 784 1588 cunda
801 1540 859 1588 808.
877 1565 910 1578 ·-
945 1536 977 1586 ab
992 1544 1094 1588 auctore
1109 1549 1155 1585 suc
1165 1533 1232 1584 Mar-

68 1619 233 1670 Manichaem
250 1619 330 1687 legem
348 1635 377 1670 ac
394 1617 531 1686 prophetas
548 1617 634 1686 quibus
704 1620 775 1672 cione
792 1621 851 1672 ibid
868 1651 902 1662 -
927 1621 1001 1689 longe
1017 1620 1121 1688 lataque
1138 1635 1232 1685 propa-

103 1705 286 1771 comparaven't
303 1708 406 1758 dih-
422 1714 451 1755 et
467 1704 554 1771 quibua
574 1701 634 1769 lipi-
703 1717 761 1773 gata
778 1705 838 1756 ibid.

103 1787 208 1856 0010101
226 1807 269 1842 eoa
286 1799 415 1857 comparat
430 1789 492 1842 ibid.
508 1798 534 1838 et
550 1791 608 1838 086.
670 1791 804 1842 Marcionis
817 1791 922 1844 historia
935 1791 995 1843 ibid.
1009 1819 1039 1830 -
1065 1790 1097 1842 ob
1111 1789 1233 1841 incestam

66 1873 211 1926 Manichaei
237 1874 348 1928 obiectio
374 1886 462 1926 contra
487 1872 567 1924 carnia
591 1890 634 1924 re-
702 1895 716 1926 a
749 1887 820 1942 patre
853 1877 1078 1928 excommunicatur
1113 1879 1171 1926 808.
1199 1902 1232 1916 -

105 1959 286 2012 surrectionem
315 1963 370 2012 tot.
398 1989 429 1998 —
473 1958 525 2010 eiua
541 1957 635 2010 solutio
704 1961 770 2011 unde
788 1972 846 2014 nats
865 1963 917 2014 eius
935 1961 1044 2013 haeresis
1064 1965 1120 2011 808.

104 2043 168 2095 ibid.
189 2074 219 2084 -
245 2062 323 2113 opera
341 2044 421 2096 carnia
439 2061 502 2113 quae
518 2043 569 2094 siut
585 2041 634 2094 ibi·
671 2045 804 2097 Marcionis
829 2063 900 2098 error
921 2047 982 2097 ibid.
1000 2076 1034 2085 -
1068 2064 1130 2114 aqua
1156 2045 1235 2096 utitur

104 2130 171 2182 dem.
189 2159 220 2168 —
245 2131 293 2180 ulia
308 2129 360 2180 eius
377 2127 486 2182 obiectio
501 2128 565 2179 circa
578 2145 634 2178 car·
705 2142 730 2180 et
748 2131 870 2184 sabbatho
884 2131 977 2183 ieiunat
992 2135 1051 2182 804.
1068 2157 1103 2170 -·
1136 2130 1232 2182 animae

106 2232 178 2276 nem,
196 2226 222 2266 et
240 2213 334 2266 solutio
353 2219 410 2265 707.
704 2227 799 2266 tantum
825 2235 874 2268 oon
900 2217 976 2270 etiarn
994 2216 1106 2284 corporis
1122 2232 1234 2266 resurre-

66 2298 211 2352 Maniehaei
235 2299 344 2351 hnereais
369 2317 399 2350 ex
417 2297 526 2350 omnium
552 2306 635 2348 secta·
705 2301 814 2353 ctionem
835 2303 915 2354 credit
939 2301 999 2354 ibid.
1019 2330 1049 2340 -
1084 2299 1234 2369 baptismum

102 2385 313 2438 rumcollurione
327 2385 434 2437 conflata
444 2389 543 2436 tot-
565 2401 634 2434 com·
704 2390 780 2441 iterat
807 2387 904 2457 saepius
930 2387 990 2438 ibid.
1018 2416 1047 2426 -
1098 2386 1179 2456 legem
1204 2403 1235 2436 ac

104 2481 207 2538 peretur
226 2469 378 2524 Cenchritidi
397 2473 454 2521 709.
706 2476 840 2544 propbetas
863 2473 957 2542 respuit
979 2476 1036 2522 305.
1056 2501 1086 2511 -
1121 2470 1233 2522 mulieri-

69 2555 186 2606 Martelli
207 2557 331 2624 professio
348 2555 406 2607 fidei
425 2559 482 2606 886.
503 2587 533 2595 -
576 2554 636 2622 quid

104 2641 137 2691 de
155 2642 276 2694 Marcello
294 2641 442 2693 Athanasius
459 2639 564 2692 senserit
578 2642 636 2690 887.

67 2727 185 2778 Marcelli
217 2729 303 2798 opinio
327 2739 353 2778 et
389 2725 481 2778 Asterii
516 2725 636 2776 refutatio

104 2815 165 2864 888.
188 2841 216 2852 -
243 2813 324 2864 Acacii
341 2813 367 2864 in
387 2811 531 2864 Marcellum
547 2810 635 2878 dispu-

705 2559 750 2610 bus
767 2558 880 2628 permisit
896 2559 1023 2627 baptizare
1038 2557 1098 2607 ibid.
1119 2586 1149 2594 -
1186 2555 1234 2605 ad-

704 2643 781 2696 mittit
797 2643 1032 2712 metempsychosim
1049 2641 1109 2693 ibid.
1128 2673 1160 2683 -
1185 2640 1235 2692 tri-

705 2731 762 2799 plex
785 2729 919 2780 Marcionis
945 2729 1093 2797 principium
1118 2729 1175 2778 808.
1206 2753 1235 2764 ‹-

704 2815 756 2866 eius
781 2814 900 2866 refutatio
925 2818 982 2866 807.
1002 2843 1035 2852 -
1070 2829 1132 2882 quoa
1158 2808 1235 2863 libros

106 2898 171 2949 tatio
187 2897 248 2950 ibid.
702 2901 820 2952 admittat
839 2901 887 2950 808
906 2911 932 2950 et
949 2903 1006 2950 810.

65 2983 186 3035 Marcelli
218 2984 334 3052 superbie
366 2985 398 3035 ab
430 2983 521 3034 dvenio
550 2989 636 3032 now-³
671 2987 803 3039 Marcionis
825 2986 880 3037 loca
907 2985 1043 3053 depravata
1068 3001 1097 3036 ex
1121 2982 1235 3051 epistolis

104 3071 165 3120 888.
181 3097 214 3108 -
239 3067 287 3120 alia
304 3067 430 3137 expositio
447 3067 506 3118 fidei
523 3065 635 3118 Marcelli
705 3072 788 3122 Pauli:
822 3089 852 3122 ac
880 3071 983 3139 primum
1011 3085 1041 3120 ex
1069 3067 1176 3138 epistola
1203 3067 1236 3117 ad

104 3159 164 3206 848.
183 3158 241 3206 848.
259 3159 316 3206 stt.
705 3159 829 3208 liomancs
847 3161 903 3207 818.
919 3183 948 3196 -
975 3155 1006 3206 ad
1023 3154 1236 3207 Thessalonicen-

68 3240 188 3292 Marcelli
213 3239 322 3292 auctoris
345 3238 561 3290 Maroelhanomru
579 3233 635 3302 epi·
703 3261 742 3294 m
762 3249 784 3294 1,
804 3253 828 3293 ῃ
846 3249 869 3293 2,
894 3251 919 3292 et
937 3241 969 3292 „d
985 3241 1106 3309 Ephesio,
1123 3239 1183 3290 ibid,
1202 3267 1236 3279 .-

103 3326 170 3377 stcla
189 3325 221 3376 ad
241 3325 327 3376 fufium
345 3326 515 3376 Romanorum
536 3321 635 3389 episeo-

104 3429 166 3480 pnm
184 3415 241 3464 884.
260 3439 291 3450 -
327 3410 387 3480 quid
410 3409 465 3478 ipse
482 3405 588 3458 senserit
604 3401 636 3454 de

103 3495 156 3547 fide
178 3496 250 3548 valde
274 3497 400 3548 occultum
423 3493 484 3545 ibid.
503 3519 537 3531 -
571 3491 637 3544 unde

103 3595 158 3632 tres
175 3582 324 3650 hypostases
337 3582 363 3632 io
379 3579 512 3632 divinitate
525 3579 577 3630 eius
594 3578 636 3628 di·

103 3666 195 3736 sciprdi
213 3667 326 3719 confiteri
343 3668 476 3718 uoluerunt
492 3665 554 3716 ibid.

67 3753 289 3806 stmcettiaaorum
306 3753 415 3805 haerasia
428 3755 469 3804 08.
489 3760 547 3820 post
563 3749 635 3802 Chri·

101 3837 260 3890 atiaaiausnm
275 3839 328 3890 sire
345 3838 433 3890 ordine
454 3835 637 3905 septuagesima

103 3925 215 3976 secunda
233 3929 291 3977 888.
308 3951 343 3966 -
360 3939 432 3994 aquo
453 3922 514 3976 dicti
533 3923 638 3975 ibid.-

704 3328 736 3378 ad
764 3329 923 3379 colossenses
948 3332 1006 3378 818.
1026 3354 1057 3366 -·
1091 3325 1123 3376 ad
1149 3325 1234 3377 Phde·

704 3429 803 3464 monem
821 3411 881 3464 ibid.
899 3439 931 3452 --
956 3412 988 3463 ad
1007 3413 1109 3463 Galatas
1127 3411 1187 3462 ibid.
1206 3437 1235 3450 -·

704 3499 736 3549 nd
748 3497 891 3548 Corinthios
906 3502 963 3547 880.
982 3507 1007 3548 et
1023 3501 1080 3549 881.
1096 3525 1125 3536 -
1160 3513 1190 3546 es
1206 3498 1235 3545 ii.

705 3584 737 3634 ad
758 3583 900 3634 Corinthios
916 3583 976 3633 ibid.

673 3669 751 3721 Marci
767 3668 877 3720 haeresis
894 3685 908 3718 a
927 3674 1002 3736 poeta
1023 3666 1101 3718 reteri
1119 3667 1236 3718 damnata

705 3759 763 3807 845.
773 3759 831 3805 848.
850 3779 877 3793 -·
902 3755 991 3805 misera
1004 3763 1042 3804 ast
1056 3753 1157 3803 omnino
1173 3769 1236 3822 qnae

704 3859 752 3910 pes·
766 3841 841 3908 alpha
859 3853 885 3892 et
902 3841 960 3891 bata
986 3839 1142 3890 divinitatem
1159 3837 1235 3889 stulte

705 3929 785 3979 violat
802 3931 860 3980 847.

102 4009 161 4080 quia
185 4011 260 4062 fuerit
284 4009 416 4062 Marcellus
440 4023 525 4062 eurum
550 4019 638 4060 auctor
673 4013 805 4064 Marcionis
821 4003 916 4064 scholia'
933 4010 959 4061 in
980 4009 1135 4078 margolium
1153 4009 1236 4060 Lucae

105 4095 200 4149 eteius
217 4095 322 4148 historia
339 4100 397 4148 884.

67 4181 293 4235 Marcellinorum
310 4199 381 4234 error
398 4180 458 4233 ibid.
477 4207 507 4220 -
551 4195 637 4232 exem-

705 4115 839 4166 eorumque
858 4095 1086 4147 refutationem
1104 4111 1173 4163 seqq.
1192 4109 1235 4144 aa·
1293 4145 1299 4164 Ι

706 4200 754 4250 (lua
770 4182 802 4232 ad
822 4185 878 4231 att.

105 4268 176 4336 plum
205 4267 327 4336 epistolae
360 4266 472 4317 Marcelli
502 4283 576 4333 quern
604 4265 637 4316 ob
672 4267 790 4320 Marcosii
814 4267 922 4318 haeresia
948 4266 1045 4317 decima
1071 4263 1145 4316 tertia
1177 4274 1235 4330 post

106 4353 230 4406 baeresim
247 4351 357 4421 synodus
375 4349 491 4419 deposuit
508 4350 569 4402 ibid.

68 4439 207 4494 Marcellus
229 4439 255 4490 in
281 4436 382 4488 dabellii
411 4453 521 4488 errorem
548 4436 636 4488 incidit

69 4529 236 4664 Maeracblliaou
259 4609 419 4677 Garpocrutia
442 4609 559 4660 sectatrix
586 4626 636 4676 quo

106 4707 223 4765 tempore
240 4697 343 4748 llcrnam
362 4693 458 4745 venerit
477 4699 534 4746 108.

646 4385 648 4392 ,
707 4351 918 4402 Christianismum
946 4357 1004 4402 888.
1031 4379 1062 4390 -
1097 4350 1235 4418 aquodam

705 4441 807 4502 Marco,
833 4437 899 4488 unde
915 4437 1031 4488 Marcosii
1049 4435 1168 4489 haeretici
1184 4436 1236 4488 ibl-

705 4526 771 4576 dem.
792 4555 822 4565 -
858 4523 899 4576 iric
916 4522 1012 4590 magiae
1033 4522 1128 4590 peritus
1150 4533 1234 4574 secta·

705 4623 774 4662 turea
806 4627 864 4662 auca
891 4609 916 4660 in
951 4619 1079 4676 stuporem
1111 4608 1236 4660 convertit

705 4702 762 4749 888.
774 4725 806 4736 -
825 4695 1006 4750 Mercuriorum
1020 4693 1169 4766 praestigiae
1183 4693 1234 4745 ibi-
