3060 5026
305 277 442 332 ranann
459 279 523 329 nm.
541 278 585 328 nr.
602 278 684 330 non.
699 277 731 328 n.
750 277 848 328 narn.
865 277 1010 330 nxxvnr.
1171 261 1230 326 431

74 401 150 460 Voea
164 417 264 458 nomn
282 403 353 472 maa,
378 404 434 460 or‘to
448 401 598 461 detram
612 401 714 480 spotia,
738 402 842 478 raptata
854 399 995 477 praedare
1013 406 1072 458 ete.
1118 391 1232 478 Quibus
1240 406 1301 471 puna.
1315 407 1335 461 1,
1348 405 1380 450 ³2

74 497 175 562 uerbis
196 496 346 564 Gabrieiis
366 503 402 564 ad
419 497 546 566 Mariam
563 501 729 584 ingressum
746 497 892 577 ostendit,
917 519 983 561 enm
1002 499 1038 560 ad
1057 518 1120 560 eam
1142 496 1234 574 venit,

74 611 108 665 ut
122 601 270 668 nuntiaret
288 602 376 666 ilium
392 603 483 687 ipsam
500 603 546 667 dei
570 624 604 666 no
622 602 801 666 salvatorem
820 602 885 666 sine
906 600 964 664 utto
982 599 1060 664 viridi
1077 609 1159 676 satra,
1183 599 1236 661 aed

72 703 170 768 saneti
188 705 516 790 spiritnsinterventn,
549 703 742 770 mnndoesse
760 703 931 789 parituram.
977 698 1149 785 Quinetiam
1166 697 1298 764 Piri-aee
1309 713 1377 768 aas.

72 806 170 892 lippus
193 807 377 892 evangelista
401 818 528 892 quatuor
545 807 646 871 habuit
665 806 763 871 afflatu
783 805 956 891 prophetico
976 803 1140 889 praeditas,
1163 823 1239 886 quae

72 909 114 974 ob
133 909 313 994 virginitatis
335 911 426 974 dorus
448 910 628 974 vaticinandi
653 929 758 972 monus
782 909 851 972 illud
875 906 1078 970 obtinuerunt.
1125 902 1185 969 Sed
1205 916 1241 968 et

72 1009 187 1076 Theola
213 1033 278 1076 oum
305 1013 334 1076 in
361 1009 486 1078 Panium
515 1013 684 1089 incidisset,
716 1022 817 1095 paetus
848 1010 963 1094 nuptias
990 1009 1142 1088 dissolvit,
1173 1029 1239 1072 oum

72 1113 215 1198 primario
232 1115 346 1179 cuidam
366 1113 496 1180 eivitatis
513 1115 602 1178 totins
617 1136 652 1178 ao
671 1114 759 1198 longe
779 1113 879 1190 diviti,
910 1111 1111 1190 nobilissimo,
1141 1111 1238 1196 splen·

73 1215 287 1301 didissimnqua
306 1217 453 1303 desponsa
473 1217 530 1282 iam
550 1218 667 1282 inisset.
712 1214 825 1280 Verum
846 1227 964 1279 terrena
990 1215 1057 1279 ideo
1071 1225 1175 1280 saneta
1191 1214 1240 1278 itta

74 1320 272 1405 contempsit,
306 1329 338 1384 ut
355 1319 527 1384 eoelestium
553 1341 674 1404 compos
699 1339 767 1384 esse
792 1329 904 1404 posset.
949 1315 1052 1402 Quare
1076 1339 1140 1381 eum
1167 1316 1240 1382 tineo

73 1421 189 1486 abillis
213 1423 352 1506 praestita
378 1422 548 1500 videamus,
581 1422 802 1507 quantomagis
821 1421 897 1486 idem
920 1441 935 1483 a
955 1419 1053 1484 Maria
1072 1431 1240 1504 suseeptom

74 1525 168 1588 inisse
196 1523 369 1604 fatebimur,
400 1525 429 1588 in
453 1547 510 1609 qna
533 1524 705 1590 admirabile
729 1523 800 1588 iliud
828 1524 1042 1588 innarnatinnis
1067 1523 1239 1608 mysterium

76 1636 125 1690 est
142 1627 324 1711 perfeetum?
367 1624 521 1710 Quaenam
548 1647 620 1691 vero
639 1627 757 1691 anobis
781 1626 848 1690 iniri
867 1627 942 1692 ratio
958 1636 1055 1710 potest
1073 1637 1103 1688 nt
1119 1637 1149 1689 et
1168 1626 1240 1689 isto·

76 1749 141 1792 rum
166 1739 280 1793 mentes
304 1729 340 1794 ad
363 1730 485 1794 meliora
509 1731 716 1808 teadnnnmns,
748 1741 778 1793 et
794 1751 909 1792 omnem
928 1729 964 1792 iis
983 1729 1173 1794 discutiamus
1193 1751 1240 1793 er·

74 1830 156 1896 roris
172 1829 349 1915 ostiginem,
372 1833 421 1916 qui
440 1833 553 1898 nefaria
570 1833 722 1916 dogmata,
747 1832 830 1896 velut
845 1831 1113 1916 perniciosissimos
1130 1834 1238 1911 iaetus,

75 1933 158 1998 iutra
172 1953 207 1996 se
225 1945 446 2020 oonoeperunt3
478 1933 520 1998 uti
542 1935 764 2019 scriptumest,
800 1937 1088 2016 Coneepa'tlndorem,
1119 1946 1396 2019 etms-mamma.

75 2040 332 2118 ritrioa'pus'totem?
375 2033 420 2102 liii
446 2037 524 2102 enim
545 2037 645 2121 utique
669 2037 880 2122 cogitationum
907 2037 1070 2101 molestiam
1094 2036 1241 2102 lahorem·

77 2159 136 2224 que
157 2139 344 2224 eonoipiunt,
368 2150 399 2203 et
419 2139 699 2204 oontumeiiosarum
723 2161 828 2203 vonum
851 2139 1029 2224 impietatem
1054 2139 1181 2225 pariunt.

164 2237 225 2306 Sed
251 2263 359 2306 vereor
382 2263 420 2306 ne
444 2242 511 2327 quis
534 2243 613 2306 iilum
638 2241 732 2327 ipsum
758 2263 890 2306 errorem
918 2243 946 2305 in
971 2242 1098 2306 animum
1123 2243 1242 2308 inducat
1290 2256 1350 2324 cap.

76 2365 183 2424 suum,
217 2344 334 2429 aliaque
354 2345 469 2409 ratione
489 2345 630 2431 impulsus
648 2345 677 2408 in
697 2344 796 2430 seipso
821 2346 902 2409 vetut
920 2365 1079 2409 conserere
1103 2355 1238 2425 oonetur,
1276 2326 1359 2376 XVH·

76 2456 167 2531 atque
186 2446 217 2510 in
239 2447 316 2511 huno
334 2449 450 2513 modum
475 2447 647 2514 ratiocinari
667 2448 755 2511 velita
788 2444 866 2531 Quid
890 2459 935 2512 est
960 2448 1034 2532 qnod
1054 2448 1240 2533 evangelium

76 2559 198 2629 narrat,
230 2555 348 2616 Iuventa
369 2564 413 2614 est
437 2557 467 2616 t'a
487 2563 569 2616 utero
588 2553 694 2614 habeas
716 2555 752 2614 de
767 2555 873 2632 spaera
889 2563 988 2614 anneta
1008 2555 1122 2625 Mortis,
1155 2564 1235 2614 nate-
1270 2559 1356 2656 “1¹¹‘ss

73 2674 162 2735 quam
187 2657 392 2718 conaem‘reat?
434 2651 609 2720 Utrumnam
635 2654 726 2738 igitur
749 2653 907 2718 conventio
931 2653 980 2718 itta
1004 2673 1039 2716 ae
1061 2673 1240 2738 emigremus
1293 2643 1300 2665 ’
1337 2645 1343 2660 '

74 2756 309 2841 eapeotabatnrp
345 2755 489 2842 ideoque,
520 2762 683 2839 Antequam
709 2761 905 2831 mansurent,
939 2757 1036 2822 dixit?
1079 2753 1240 2822 Praeterea

73 2860 109 2924 in
128 2861 232 2924 eodem
251 2859 407 2944 evangetio
426 2859 483 2924 alio
500 2859 566 2924 ineo
588 2860 809 2944 scriptumest,
844 2862 974 2942 [Invento
991 2872 1035 2922 eat
1049 2864 1079 2922 r'a
1093 2871 1175 2926 atero
1189 2863 1303 2927 lan-nne.
1317 2884 1339 2939 a,
1350 2885 1373 2926 a.

75 2964 146 3026 beas
170 2975 320 3044 antequam
341 2967 538 3036 roaomrdeat,
573 2963 636 3040 vei,
666 2967 706 3026 Et
723 2967 851 3044 peperit,
881 2975 911 3026 et
933 2985 989 3028 noa
1012 2966 1145 3042 engaooa't
1166 2985 1237 3038 eom,

73 3065 167 3144 sire,
198 3069 311 3146 Peperit
324 3067 425 3146 filiam
441 3087 521 3128 suam
534 3069 771 3148 primogenitam,
806 3078 835 3127 et
848 3087 904 3128 noa
922 3066 1108 3146 cognoscebat
1124 3069 1238 3146 sparamJ,

72 3171 122 3232 Et
132 3189 189 3232 ana
206 3173 339 3248 cognovit
351 3189 430 3242 eam,
454 3170 550 3232 ,donee
567 3172 679 3248 peperat
687 3169 787 3250 filatum
802 3189 884 3232 snum
898 3171 1129 3249 promogenitum.
1177 3163 1238 3232 Sed
1246 3189 1330 3235 msam.
1341 3191 1394 3246 aas.

74 3281 112 3338 et
125 3269 197 3336 iilud
213 3269 346 3336 homines
363 3269 411 3334 isti
429 3290 487 3332 non
506 3267 618 3348 vident,
643 3270 691 3354 qni
709 3291 743 3334 sa
758 3291 797 3334 ea
812 3291 886 3355 qnae
901 3271 931 3336 iu
944 3269 1096 3356 seripturis
1112 3279 1241 3334 traotan·

75 3387 129 3438 tur
150 3373 288 3438 distinete
313 3371 517 3458 explicataque
539 3372 688 3438 disserere
704 3373 895 3459 profitentur,
928 3395 962 3438 ae
980 3371 1116 3438 sublimia
1132 3372 1181 3437 itia
1199 3373 1242 3438 ai-

75 3477 254 3560 tisaimnqoe
280 3474 420 3561 mysteria
446 3475 625 3559 perscrutari
646 3475 784 3554 student,
816 3476 892 3540 hano
914 3497 983 3540 esse
1009 3475 1188 3540 narrationis
1207 3476 1242 3540 it·

71 3580 137 3646 lius
153 3579 267 3662 donique
285 3575 473 3644 sententiam.
521 3574 555 3641 Si
574 3578 653 3642 enirn
670 3575 770 3644 Maria
792 3579 888 3643 denno
915 3580 1095 3665 peperisset,
1127 3591 1243 3644 eetero-

74 3703 145 3748 rum
165 3677 276 3746 Christi
294 3683 416 3744 fratrom
439 3691 525 3746 erant
546 3681 721 3765 proferenda
739 3681 870 3746 nomina.
917 3680 1003 3766 Quod
1021 3695 1118 3748 autem
1130 3686 1304 3763 primo-001.
1319 3707 1383 3766 pm

71 3790 194 3866 geartm
218 3795 367 3848 creaturae
387 3789 477 3846 amaa'r
504 3783 552 3846 iiie
577 3783 682 3848 uniens
707 3784 884 3869 appellatur,
918 3797 1041 3850 nonest
1063 3787 1139 3872 qnod
1159 3807 1194 3850 ea
1213 3796 1242 3849 te

74 3907 130 3952 res
163 3885 326 3971 perturbet.
379 3883 450 3950 Non
483 3885 561 3950 enim
590 3883 684 3964 dixit,
720 3886 871 3972 peperisse
903 3888 982 3954 iliam
1015 3888 1240 3973 primogenitum

78 4010 185 4066 suum,
209 3988 262 4054 sed
279 3987 335 4054 hoo
350 3988 464 4066 sotum,
488 3991 553 4050 Non
570 3992 704 4069 cognovit
718 4009 789 4064 eam,
814 3995 902 4054 donee
913 3993 1129 4072 pepera'tfita'nm
1146 4012 1238 4056 anum.

79 4089 138 4158 Ubi
156 4112 215 4156 uon
232 4095 451 4172 praiaograr'tum
468 4113 573 4166 ouum„
604 4091 657 4154 sed
671 4095 892 4172 primogenitam
910 4093 1054 4158 duntaxat
1071 4093 1239 4178 appetierit.

77 4192 160 4260 Nam
178 4193 235 4258 han
248 4194 313 4279 ipso
329 4195 404 4279 quod
423 4197 526 4256 Fadium
540 4215 622 4256 saum
640 4193 731 4270 dixit,
757 4204 855 4258 natum
875 4194 951 4258 huno
968 4215 1009 4258 ex
1026 4194 1087 4271 iila,
1111 4196 1187 4280 quod
1206 4197 1243 4262 nd

80 4317 202 4362 earnem
220 4296 364 4382 pertinet,
397 4297 536 4360 ostendit.
584 4296 630 4360 Ad
649 4301 939 4382 prr'raogem'ta'porro
956 4297 1149 4378 renudatum,
1182 4321 1241 4364 non

112 4469 138 4522 d
158 4464 259 4528 εἰςτὰς
276 4470 326 4520 eod.
343 4469 441 4532 ittaeda'p.
678 4469 778 4520 surremit
804 4467 924 4520 Petuntur.
958 4469 1118 4520 Necessitatem
1143 4486 1190 4522 noa
1205 4475 1243 4522 ut-

113 4543 138 4588 t.
165 4535 276 4602 &sarpeia
299 4538 349 4588 eod.
366 4539 413 4588 tea.
448 4535 471 4588 Ξ.
489 4529 518 4592 od
535 4535 644 4590 τοιοῦτον
677 4539 729 4600 deo,
746 4551 800 4588 oum
815 4537 923 4592 τοιοῦτον
939 4539 973 4591 od
986 4541 1104 4602 sequentia
1119 4543 1242 4604 pertineat.
