3066 5016
252 329 392 383 rnrtuutt
406 330 526 382 Ltuttt.
543 328 625 382 ΤΟΜ.
643 329 675 380 ll.
693 327 793 379 usna.
806 327 929 378 LXXlX.
1108 317 1168 379 461

35 451 69 514 nti
85 451 214 536 scriptum
231 461 292 530 est,
325 471 361 515 ae
378 451 451 514 cibis
475 450 571 535 impiis
595 459 774 526 vescuntur3
804 447 834 510 id
853 448 928 531 qnod
947 469 1050 512 sacrae
1068 449 1172 514 literne

35 563 176 632 testantur,
207 557 345 616 Mulieres
361 556 499 636 subigunt
510 556 652 635 sumnum,
685 553 938 632 etfilt'icolliguut
952 554 1049 632 legno,
1082 555 1171 635 utsu-
1185 557 1248 606 tum.
1260 560 1283 613 ¹.
1293 560 1324 602 18-

34 661 99 718 mint
108 659 252 738 ptncentns
267 661 385 718 milr'tn'crc
398 660 479 718 coeti
516 654 668 720 Eiusmodi
688 653 866 717 mulierculis
885 651 1051 716 Hieremias
1065 675 1099 718 os
1120 656 1172 719 olt-

32 770 128 838 struct3
161 779 217 823 nec
244 759 367 843 amplius
394 770 537 822 terrorum
565 757 665 820 orbem
692 755 883 834 conturbent,
920 777 995 820 neve
1025 757 1102 820 istud
1129 759 1172 820 ia-

33 861 139 940 ctitent,
173 866 253 924 Cocli
275 867 403 942 reginum
425 865 604 924 honoramus.
651 857 746 923 Novit
762 857 904 943 Taphnes
927 860 1326 943 quemadmodumcumttmt.

30 963 202 1028 ulciscendae
220 965 288 1028 illac
304 965 375 1028 sint.
420 960 515 1027 Novit
529 961 737 1046 lllagdulorum
760 961 842 1046 regio
862 961 976 1024 abiecta
993 961 1107 1026 illarum
1126 985 1173 1026 cs-

30 1067 125 1130 dcvera
146 1070 180 1130 nd
198 1066 450 1154 putrefaciendum
468 1065 620 1150 excipere.
666 1061 756 1143 Noli,
780 1060 923 1140 olsreel,
950 1064 1063 1128 mulieri
1087 1065 1171 1129 tidem

28 1167 170 1233 adhibere!
218 1167 341 1232 Revoca
360 1180 421 1233 tea
444 1188 553 1253 pravae
570 1165 701 1230 mulieris
720 1165 855 1230 consilio.
903 1161 1053 1250 Siquidem
1070 1173 1318 1242 moltherum.

25 1277 155 1350 punem
171 1277 296 1334 otiorum
310 1277 419 1334 unimus
435 1282 549 1352 rcptnt:
581 1273 665 1332 dur'us
678 1273 766 1351 pedes
780 1291 843 1342 eos,
876 1271 1040 1350 quibuscum
1057 1291 1173 1332 consue

25 1379 86 1448 sort,
116 1377 622 1456 cmumnrtcndritserosdeducunt.
669 1369 769 1436 Malae
785 1371 975 1434 mulierculae
992 1393 1092 1435 aurem
1109 1373 1173 1436 nni·

27 1497 152 1562 tuumque
177 1497 214 1541 ne
230 1477 392 1561 praebecsp
425 1480 488 1539 teet
512 1475 589 1539 enim
610 1477 728 1536 etndr'is
747 1479 904 1536 meretricis
922 1478 1063 1550 desultor,
1096 1477 1171 1560 quod

23 1577 193 1643 brevissimo
216 1590 348 1664 tempore
372 1589 474 1664 guttur
497 1589 576 1642 tuum
596 1578 710 1640 leniens
731 1579 834 1662 postea
859 1576 925 1640 telle
943 1579 1071 1641 amarius
1091 1578 1175 1642 inve-

24 1680 99 1760 nies,
130 1691 161 1746 et
179 1682 297 1766 ancipiti
318 1680 415 1766 gladio
439 1681 532 1766 magis
553 1690 725 1744 exacutum.
766 1676 856 1743 Cave
875 1679 965 1764 igitur
993 1681 1085 1744 malae
1108 1681 1175 1745 huic

22 1784 205 1849 mulierculae
221 1785 306 1849 idem
324 1783 475 1848 adhibeas.
522 1779 628 1848 Omnis
646 1783 722 1845 euim
742 1783 875 1846 haeresis
895 1782 970 1846 mala
988 1783 1092 1846 mulier
1110 1795 1173 1863 est3

19 1887 67 1950 sed
87 1889 180 1952 multo
201 1886 355 1952 mulierum
374 1886 506 1951 haeresis
524 1885 571 1948 illa
593 1885 686 1968 magis
701 1905 777 1969 quae
791 1884 827 1948 ab
847 1905 883 1948 ec
901 1905 917 1946 a
936 1907 994 1970 quo
1014 1886 1107 1972 prima
1124 1890 1174 1951 de·

19 2002 97 2075 cepta
114 1990 223 2054 mulier
238 2000 300 2068 est,
325 1989 465 2054 manavit.
513 1986 595 2051 Erae
614 1987 705 2072 igitur
720 1987 805 2050 matri
820 1998 940 2052 nostrae
957 1989 1052 2052 honor
1068 1989 1176 2054 habea·

17 2101 77 2171 tur,
101 2104 205 2178 utpote
225 2113 301 2178 quae
320 2113 336 2156 a
356 2088 641 2177 deoprcdnctasi13
673 2091 724 2153 sed
744 2090 771 2152 ei
789 2111 971 2174 nequaquam
991 2092 1175 2178 obtempere-

16 2205 77 2273 tnr,
108 2217 149 2259 ne
167 2195 267 2260 liberis
290 2195 352 2260 suis
374 2195 567 2280 persuadeat,
600 2202 631 2256 ut
650 2213 690 2256 ex
705 2192 811 2256 arbore
828 2203 987 2256 vescantur
1004 2216 1038 2258 ac
1057 2199 1175 2260 manda·

15 2306 71 2360 tum
96 2298 225 2362 violent.
281 2299 323 2361 At
347 2297 426 2362 illam
450 2315 565 2381 quoquc
592 2295 771 2359 vanissimae
797 2295 874 2358 illius
898 2296 981 2360 vocis
1007 2299 1166 2382 poenitent.
1183 2323 1310 2377 canuc.

14 2397 132 2464 Redeat
158 2400 195 2464 sd
219 2411 346 2464 mentem
375 2421 445 2485 prae
475 2399 671 2476 verecundia,
710 2408 739 2461 et
765 2398 898 2463 ficulneis
925 2397 1002 2462 loliis
1026 2400 1173 2468 induatur.

13 2497 91 2584 Quin
110 2515 144 2568 et
161 2501 295 2567 Adamus
309 2503 387 2567 illum
401 2511 552 2588 agnoscat,
577 2522 632 2588 nec
646 2499 769 2586 amplius
786 2519 896 2564 morem
919 2513 1014 2586 geret.
1061 2502 1176 2592 Quippe

13 2605 156 2684 frondes,
189 2605 348 2671 blanditiae
372 2616 401 2668 et
426 2605 604 2668 contrarium
630 2603 761 2667 mulieris
784 2604 937 2668 consilium
961 2616 1084 2670 mortem
1107 2631 1177 2674 eon·

13 2705 67 2792 logi
87 2709 207 2794 pariter
219 2730 253 2773 ac
270 2707 365 2773 soboli
380 2708 579 2772 consciscunt.
624 2704 702 2770 Nam
718 2705 785 2771 Eva
801 2727 854 2792 pcr
868 2709 1080 2774 contumaciam
1096 2733 1177 2777 suom

13 2811 148 2875 divinum
176 2811 323 2897 opificium
346 2811 472 2892 evertit,
503 2830 569 2873 cum
594 2808 740 2894 serpentis
761 2829 834 2873 voce
854 2830 889 2874 nc
907 2811 1060 2895 promissis
1081 2813 1177 2880 illecto

13 2913 41 2976 nb
65 2913 313 2998 sanodogmete
336 2913 497 2977 deflectens
520 2911 608 2976 aliem
631 2914 666 2975 ad
689 2923 816 2976 mentem
840 2933 908 2977 sese
932 2914 1090 2980 transtulit.

95 3015 269 3101 Propterea
297 3015 431 3082 domiuus
452 3013 581 3078 omnium
603 3035 638 3078 ac
656 3013 803 3092 salvator,
837 3026 868 3078 ut
886 3016 913 3079 ei
934 3016 1027 3080 dolori
1045 3019 1250 3108 medere-cap.
1268 3041 1315 3092 rx,

14 3140 69 3198 nr,
109 3130 146 3184 et
167 3121 245 3204 qnod
262 3139 398 3184 evorsum
415 3127 481 3182 eret
501 3117 700 3197 instauraret,
733 3118 808 3202 quod
825 3118 974 3184 deiecerat
995 3122 1177 3203 restitueret,

13 3222 254 3308 puendoquidem
271 3243 352 3286 mors
368 3221 398 3285 in
419 3221 558 3284 mundum
575 3241 591 3282 a
610 3220 733 3284 muliere
750 3221 882 3284 derivate
902 3223 1015 3304 iuerat,
1042 3245 1058 3288 e
1077 3225 1179 3290 mulie·

15 3325 186 3411 evirginc
207 3335 293 3388 natus
318 3334 380 3402 est,
411 3344 469 3407 quo
493 3333 523 3386 et
540 3333 662 3386 mortem
680 3321 871 3404 excluderet,
905 3335 935 3388 et
952 3327 1026 3410 qnod
1045 3349 1180 3394 mancum

13 3439 66 3493 ret
88 3427 272 3514 suppleret,
305 3438 336 3490 et
351 3427 427 3512 quod
448 3424 648 3505 imminutum,
682 3426 848 3508 perliceret.
892 3423 989 3492 Porro
1008 3430 1180 3496 eedemite-

13 3555 64 3594 um
87 3529 233 3616 nequitia
258 3529 439 3609 revolvitur3
472 3538 504 3592 nt
521 3527 622 3590 vitium
644 3548 678 3590 co
698 3528 843 3591 delectum
861 3529 891 3592 iu
906 3529 1007 3594 orbem
1035 3544 1178 3597 terrarum

13 3635 146 3700 trehet.
199 3627 260 3696 Sed
285 3631 398 3695 mulieri
423 3649 518 3714 neque
542 3629 684 3709 iuvenes,
719 3651 814 3715 neque
836 3651 944 3712 serres,
977 3645 1096 3720 propter
1113 3655 1178 3698 enm

13 3759 53 3802 ua
72 3735 236 3800 divinitus
254 3733 376 3818 praediti
403 3743 472 3798 sunt
492 3733 713 3817 temperantium
741 3732 952 3818 obsequuntur.
999 3735 1067 3802 Non
1084 3736 1179 3801 illudit
1206 3755 1264 3800 oen
1278 3757 1310 3802 et

13 3839 170 3928 aegyptia
195 3837 300 3900 mulier
325 3835 491 3900 castissimo
517 3833 660 3920 locuple,
696 3857 750 3900 uec
774 3858 790 3900 a
814 3848 895 3900 recta
920 3851 1019 3903 mente
1045 3839 1179 3922 deducit3

13 3943 149 4007 uamvis
172 3957 277 4003 omnes
303 3937 440 4002 adhibeat
465 3937 631 4016 mochimus,
664 3959 721 4023 quo
741 3940 942 4003 detestandum
962 3941 991 4004 in
1010 3941 1181 4007 adolescen-

13 4073 50 4112 cm
75 4041 255 4111 consilium
280 4054 456 4127 exequatur.
501 4040 613 4106 Verum
641 4042 781 4106 ludiiicnri
807 4063 872 4106 eum
898 4063 985 4106 nemo
1011 4055 1109 4128 potest
1132 4045 1181 4129 qui

24 4151 157 4238 spiritu
180 4156 284 4210 sancto
303 4146 485 4230 prudentiam
510 4143 668 4230 acceperit.
714 4141 841 4208 Proinde
865 4165 960 4229 neque
979 4146 1180 4214 castimoniam

13 4279 79 4320 rum
107 4249 201 4336 eripi
220 4249 275 4313 silti
293 4249 418 4333 petitur,
443 4269 480 4312 ue
498 4247 641 4312 nobilitati
661 4267 733 4311 suae
750 4247 938 4332 ignominiam
957 4248 1106 4334 imponat3
1130 4273 1182 4316 re·

14 4361 155 4423 imenta
181 4351 337 4437 relinquit,
366 4361 397 4416 et
411 4351 545 4436 corporis
563 4351 703 4415 iacturam
724 4371 782 4414 non
800 4350 886 4432 inuit,
919 4351 1014 4415 locum
1031 4353 1111 4417 illum
1131 4356 1182 4419 de·

15 4534 45 4583 5.
68 4523 207 4594 eripuisset
224 4526 278 4576 edit.
295 4525 376 4576 Petam
619 4526 665 4574 tore
681 4529 752 4588 repet.

13 4599 42 4657 6.
66 4601 134 4667 τῆς
152 4595 321 4646 amusement
334 4595 361 4642 tn
376 4591 526 4644 cdtt-Petno.
541 4593 586 4644 vc·
655 4591 714 4643 Gar.
727 4591 771 4643 tx.
791 4619 821 4632 -
852 4591 873 4646 l.
892 4591 1012 4664 ἐκκλείσῃ
1029 4595 1084 4646 cdd.
1101 4597 1182 4648 Petro.
