3066 5016
225 313 363 366 PANAllll
379 313 444 365 le.
455 315 500 366 lll.
517 315 644 366 TOM.ll.
671 315 792 366 EXPOS.
810 313 875 365 FlD.
893 314 1037 367 GATHOL.
1146 302 1209 366 497

135 431 201 498 llae
216 443 284 498 sont
300 433 388 517 igitur
401 431 528 496 LXXX
544 434 744 511 concubinae,
776 455 899 520 quarum
915 455 1055 498 numerus
1070 433 1211 519 exprimi·
1230 432 1290 501 cap.
1306 431 1351 484 tx.

53 549 117 617 tur,
148 536 270 622 reginae
288 556 404 620 quoque
420 536 487 600 illae
504 535 584 620 ipsae
599 547 685 616 sunt,
718 538 783 602 sive
802 537 936 616 animae,
961 557 1035 622 quae
1053 557 1106 620 per
1120 555 1212 619 geue·

52 640 181 703 rationes
197 651 410 715 recensentur,
442 638 497 701 hoc
513 650 560 702 est
575 638 630 702 viri
648 650 734 723 atque
753 639 949 724 patriarchae.
995 638 1212 702 Adulescentu-

51 743 96 808 lae
113 763 219 828 porro,
251 762 372 826 quarum
389 739 457 804 iniri
474 761 614 804 numerus
633 763 691 804 nou
709 751 825 826 potest,
856 743 955 806 varias
972 741 1211 827 philosophorum

51 856 166 922 scotus,
190 864 266 928 quac
281 843 312 906 io
330 844 466 906 mondum
480 844 665 907 introductae
681 855 765 923 sunt,
797 865 832 908 ao
848 845 967 908 diversa
983 843 1213 927 uniuscuiusque

51 946 169 1012 vivendi
186 947 319 1010 instituta
332 945 514 1030 significant,
538 968 661 1031 quorum
677 947 763 1010 laude
779 946 866 1030 digna
884 946 941 1010 alia
959 956 1039 1022 sunt,
1064 946 1121 1008 alia
1138 945 1214 1009 vitu·

51 1050 193 1135 peranda.
238 1046 349 1132 Ecquis
366 1048 444 1111 errim
462 1048 560 1112 mundi
579 1048 664 1112 huius
687 1049 861 1112 varietatem
879 1049 1071 1133 percenseat?
1116 1046 1215 1131 Quam

52 1153 160 1216 multae
176 1152 250 1238 apud
265 1150 392 1234 gentiles
407 1151 482 1214 aliae
499 1161 598 1214 sectae
614 1162 680 1236 post
698 1150 955 1216 manifestissimas
972 1149 1037 1214 illas
1056 1150 1092 1214 de
1109 1149 1214 1234 quibus

51 1256 167 1339 egimus
190 1265 314 1338 quatuor
336 1252 533 1338 pullularunt?
577 1252 746 1337 Quinetiam
771 1263 837 1338 post
860 1255 926 1318 illas
949 1253 1090 1316 haereses
1113 1273 1148 1314 ac
1167 1271 1215 1314 se-

51 1368 177 1441 quentes
200 1355 309 1420 diversi
334 1355 481 1419 hominum
507 1356 596 1420 animi
623 1368 653 1420 et
674 1355 828 1440 opiniones
851 1355 974 1421 iuvenili
994 1355 1119 1441 quodam
1139 1355 1216 1417 lastu

52 1458 279 1543 arrogantiaque
302 1457 432 1543 privatas
457 1470 555 1523 sectas
578 1479 630 1542 pro
658 1479 710 1523 sua
731 1457 840 1542 quique
863 1458 982 1523 libidine
1007 1457 1213 1522 condiderunt.

51 1559 162 1647 Utputa
181 1557 341 1647 Pyrrhonii
363 1560 479 1645 qnidam
500 1561 700 1646 appellantur,
733 1561 840 1647 aliique
865 1563 1030 1647 complures
1051 1571 1120 1624 sunt
1134 1581 1217 1643 ¹quo-

52 1685 114 1727 rum
141 1664 258 1728 nomina
282 1685 318 1726 ao
336 1662 455 1726 decreta
479 1663 648 1748 singillatim
673 1675 703 1727 et
721 1665 824 1728 ordino
844 1665 985 1729 referam.
1031 1666 1078 1727 Ac
1095 1663 1166 1726 licet
1180 1663 1216 1726 de

53 1766 152 1830 multis
168 1765 309 1829 hactenns
324 1767 528 1849 cognoverim,
553 1776 642 1849 quota
662 1787 729 1850 pars
748 1779 846 1831 tomen
867 1789 967 1831 eorum
985 1776 1043 1845 est,
1062 1787 1136 1851 quae
1155 1775 1216 1830 toto

54 1869 126 1932 orbe
148 1869 325 1932 versantur?
347 1865 398 1931 Ex
414 1868 451 1931 iis
470 1889 558 1954 porro
576 1867 666 1932 sectis
684 1868 837 1953 gentilium
853 1869 908 1933 hae
925 1869 1061 1955 propriae
1079 1869 1216 1949 luernut3

52 1971 132 2035 inter
158 1991 231 2055 quas
254 1969 391 2034 Thaletis
413 1967 524 2034 Milesii
555 1969 722 2055 opinionem
754 1993 789 2036 ao
812 1974 917 2056 dogma
939 1973 1037 2057 priore
1060 1971 1126 2035 loco
1149 1993 1219 2057 pro·

53 2095 173 2159 ponam.

141 2175 254 2240 Thales
270 2176 369 2260 itaque
382 2171 518 2238 Milesios
537 2196 612 2238 uuus
627 2197 643 2240 e
662 2171 720 2239 Vll
735 2174 918 2260 sapientibus
932 2175 1104 2260 principium
1119 2195 1218 2240 rerum

53 2278 184 2342 omnium
204 2298 307 2362 aquam
326 2297 392 2342 esse
411 2277 497 2342 dixit.
542 2275 678 2342 Namex
696 2278 990 2364 aquaoririomuia,
1022 2279 1218 2362 etioaquarn
1355 2319 1364 2336 .

53 2381 154 2445 omnia
176 2380 299 2444 resolvi.

139 2483 378 2562 Anaximander,
401 2479 569 2546 Praxiadae
586 2483 674 2563 filius,
698 2481 836 2548 Milesius
853 2495 882 2546 et
898 2484 963 2570 ipse
979 2483 1123 2549 inlinitum
1140 2483 1220 2570 priu-

54 2587 164 2672 atpium
190 2586 318 2650 omnium
345 2585 507 2650 constituit.
555 2583 606 2650 Ex
630 2587 766 2650 eoenim
790 2585 888 2650 omnia
914 2586 1014 2666 nasci,
1051 2598 1081 2651 et
1104 2587 1132 2650 iu
1151 2587 1220 2652 illud

53 2709 151 2774 aeque
174 2689 307 2752 dissolvi.

141 2789 366 2870 Anaximenes,
391 2787 544 2876 Eurystati
563 2791 657 2870 lilios,
680 2787 835 2870 Milesius,
867 2796 965 2854 adrem
986 2791 1157 2878 principium
1174 2812 1222 2857 re·
1356 2801 1360 2809 '

54 2917 121 2958 rum
144 2915 214 2957 esse
236 2894 352 2971 delinit,
377 2893 530 2978 abeoquo
554 2893 694 2958 universa
718 2915 848 2959 manare.
1140 2893 1146 2906 '

141 2995 357 3082 Anaxagoras,
382 2995 563 3082 Hegesebuli
580 2997 667 3077 filius,
693 2992 915 3075 Clazomenios,
933 2995 1139 3060 similitudines
1157 3017 1222 3082 par·

56 3099 129 3162 tium
155 3097 328 3184 principium
350 3119 448 3163 rerum
472 3098 600 3163 omnium
625 3119 692 3164 esse
715 3100 828 3165 statuit.

147 3201 315 3280 Archelao,
351 3201 542 3284 Apollodori,
578 3203 643 3268 sive
676 3213 708 3266 nt
736 3202 802 3266 aliis
835 3203 950 3288 placet,
981 3199 1118 3266 Miltonis
1150 3201 1221 3282 lilio,

56 3303 242 3369 Atheniensi
260 3325 295 3366 ac
312 3302 451 3389 physico,
475 3303 573 3389 placet
586 3304 623 3367 ab
642 3315 721 3368 terra
737 3304 836 3370 omnia
853 3304 1019 3389 proficisci,
1043 3305 1130 3390 idque
1150 3305 1224 3368 adeo

55 3428 161 3472 rerum
184 3426 254 3469 esse
277 3404 461 3491 principium.

150 3505 311 3588 Socrates,
344 3505 478 3592 Elbagli,
511 3507 576 3572 sire
601 3505 794 3595 Sophronisci
814 3521 843 3574 et
860 3508 1063 3576 Phaenaretae
1086 3508 1224 3574 obstetri-

57 3614 102 3677 cis
126 3611 221 3688 tilios,
254 3610 375 3675 moralis
395 3609 585 3696 philosophus
607 3634 681 3696 quae
707 3614 743 3678 ad
765 3635 833 3678 sese
851 3613 1000 3700 pertinent
1025 3613 1089 3678 sola
1115 3612 1225 3677 homini

56 3714 237 3800 inquirenda
260 3713 352 3794 dixit,
378 3733 473 3798 neque
497 3725 653 3800 praeterea
676 3714 842 3802 quicquam.

149 3812 340 3902 Pherecydes
363 3837 478 3900 quoque
501 3828 610 3881 terram
634 3820 769 3884 omnibus
793 3820 921 3906 priorem
945 3840 1012 3884 esse
1035 3819 1157 3883 definiit.

150 3909 354 4004 Pythagoras,
380 3914 517 3998 Samius,
541 3917 716 3984 Mnesarchi
732 3923 808 3986 filius
823 3925 907 3987 deum
924 3944 992 3987 esse
1009 3923 1163 3986 morradem
1179 3941 1227 3984 as-

59 4021 176 4100 seruit,
209 4041 305 4105 neque
329 4020 483 4106 quicquam
508 4021 572 4086 sine
595 4023 658 4108 ipso
685 4025 868 4109 productum.
914 4023 1053 4110 Negabat
1076 4024 1132 4088 diis
1160 4043 1227 4088 esse

61 4123 206 4190 animalia
224 4123 435 4203 sacrificanda,
460 4135 511 4188 aut
527 4124 664 4190 animatis
679 4128 878 4205 vescendum,
902 4149 937 4191 ac
955 4147 992 4190 ne
1012 4126 1093 4191 labus
1112 4126 1228 4212 quidem

61 4227 284 4304 comedendas,
320 4247 415 4310 neque
442 4225 502 4290 vini
530 4238 629 4313 potum
661 4229 842 4314 sapientibus
873 4230 1065 4293 adhibendum
1097 4230 1227 4316 putabat.

61 4329 151 4394 ldem
168 4350 243 4414 quae
262 4329 339 4392 inira
355 4328 453 4392 lunam
470 4341 540 4394 sunt
557 4329 685 4416 patibilis
708 4352 776 4396 esse
795 4331 912 4396 dicebat
928 4331 1041 4421 omnia,
1076 4333 1230 4420 superiora

60 4507 92 4554 cle
111 4517 140 4552 eo
154 4504 262 4566 omine,
287 4501 350 4563 cuod
366 4513 396 4550 ec
411 4497 573 4569 ἑρμαγλύφου
594 4506 635 4554 de·
670 4506 786 4556 Thesauro
802 4507 848 4555 oct.
859 4505 896 4566 ll,
912 4517 968 4568 pop.
987 4501 1043 4556 137.

61 4577 156 4624 tonum
172 4583 220 4620 erse
237 4570 346 4629 Meter,
363 4569 455 4622 ludov.
480 4573 588 4634 bladus.
613 4577 638 4624 to

120 4653 212 4709 cmpos
225 4649 361 4696 θωπικαὶ.
369 4645 399 4694 ll.
407 4649 428 4694 t.
987 4661 1028 4725 32
