3068 5008
472 319 796 374 anacnrnanauosrs.
1148 307 1210 374 553

63 442 159 506 mirum
184 451 336 526 postquam
361 438 458 505 Maria
482 441 569 526 virgo
585 438 729 505 Nazareti
753 463 770 504 a
790 438 930 505 Gabriele
952 443 1111 506 coelestem
1137 463 1212 507 nun-

62 544 128 608 tium
144 544 273 630 accepit,
297 565 332 608 ao
352 544 472 608 verhom
491 543 561 607 illud
579 543 709 627 genitum
728 549 792 624 est,
823 546 899 629 quod
917 543 1040 610 coelitus
1056 565 1073 608 e
1090 556 1212 629 paterno

61 648 124 711 sinu
140 647 259 732 prodiit,
291 657 359 710 ente
380 657 494 732 tempus
509 655 597 729 atque
613 645 727 709 initium
746 666 833 710 omne
854 647 1043 731 productum,
1075 647 1212 731 idemque

62 749 199 815 extremis
216 749 396 834 temporihus
414 747 571 833 allapsum,
604 748 675 810 deus
694 748 815 812 rochum
834 750 921 812 adeo
939 760 1022 836 putre
1037 771 1142 814 revera
1161 771 1213 834 ge·

60 852 152 932 nitus,
183 851 372 935 eiusdemque
397 871 462 914 cum
483 849 533 912 illo
553 847 755 928 substantiae,
789 871 844 914 nec
860 851 918 915 ulla
934 871 966 916 re
983 873 999 916 a
1019 862 1101 937 patre
1119 863 1213 916 mute-

60 966 122 1035 tns,
154 954 205 1018 sed
231 952 442 1018 vicissitudinis
469 951 696 1015 aemulationis
722 963 753 1014 et
777 953 940 1018 affectionis
967 956 1063 1018 omrris
1088 975 1210 1041 expers.

61 1055 117 1140 Qui
136 1077 198 1121 eum
218 1055 291 1120 citra
309 1056 396 1119 ullam
412 1054 500 1118 animi
517 1053 742 1118 commotionem
761 1055 880 1138 generis
904 1056 997 1119 nostri
1014 1057 1151 1121 misertos
1170 1059 1213 1121 lo·

60 1171 120 1238 ret,
150 1159 335 1224 descendite
354 1157 458 1237 coelo,
490 1176 524 1218 ac
544 1157 581 1218 de
599 1154 704 1240 spiritu
726 1167 846 1236 sancto,
878 1179 969 1222 norae
992 1158 1069 1223 virili
1087 1161 1212 1238 semine,

60 1264 214 1348 productas
239 1283 340 1326 rerum
360 1279 466 1344 corpus
484 1279 500 1320 e
517 1255 616 1321 Maria
635 1258 783 1343 suscepit,
814 1281 879 1323 cum
894 1281 911 1324 e
925 1271 1028 1324 sancto
1045 1259 1110 1326 eius
1129 1272 1213 1326 utero

59 1385 175 1428 carnem
194 1365 250 1428 sihi
265 1363 420 1440 finxisset,
451 1360 664 1444 humanamque
690 1372 749 1423 tum
771 1361 914 1440 animam,
947 1374 1006 1426 turn
1025 1365 1214 1427 mentemin-

58 1468 184 1546 duisset,
217 1464 403 1551 acquicqnid
427 1462 546 1526 omnino
572 1484 637 1525 cum
661 1461 780 1526 homine
796 1463 983 1528 coniunctum
1000 1476 1063 1544 est,
1096 1477 1216 1551 praeter

59 1579 206 1655 peccatum
224 1589 336 1647 secum,
362 1586 398 1629 nc
412 1584 477 1628 cum
496 1563 649 1627 divinitate
663 1585 716 1628 sna
734 1567 911 1651 copulasset.
958 1565 1031 1631 lnde
1050 1565 1215 1632 Bethleemi

58 1675 87 1736 in
105 1673 198 1736 lucem
214 1671 328 1749 editus,
352 1679 441 1752 atque
459 1666 669 1747 circumcisus,
702 1665 919 1754 Hierosolymis
934 1669 1049 1734 oblatus
1065 1679 1128 1746 est,
1160 1671 1215 1734 ihi·

57 1795 113 1860 qne
130 1795 146 1836 a
162 1771 313 1860 Symeone
327 1772 407 1834 inter
431 1767 550 1833 hrachia
566 1778 740 1853 susceptus,
772 1782 802 1833 et
821 1771 857 1833 eh
876 1771 964 1836 Anna
980 1769 1141 1838 Phanuelis
1157 1773 1215 1838 lilia

58 1877 240 1964 prophetissa
257 1874 462 1960 praedicatus,
487 1869 671 1934 Nazaretum
688 1872 858 1956 deportatus
873 1889 930 1938 est.
978 1873 1056 1968 'l'um
1073 1897 1150 1940 anno
1168 1895 1216 1940 se-

58 1979 157 2065 quenti
179 1998 330 2042 securam
351 1978 405 2039 deo
431 1971 684 2059 repraesentavit,
718 1986 805 2058 atque
828 1975 896 2040 inde
922 1973 1124 2042 Bethleemum
1148 2000 1216 2063 pro·

57 2094 123 2167 pter
139 2081 258 2166 generis
276 2077 521 2165 propinquitatem
540 2097 557 2138 a
577 2085 670 2138 matre
694 2075 806 2140 delatus
830 2088 887 2141 est.
935 2076 994 2144 Sed
1019 2101 1136 2144 rursum
1152 2077 1215 2144 Na·

56 2195 188 2248 raretum
206 2182 325 2246 rediens
340 2201 418 2244 anno
433 2181 527 2242 altero
543 2187 679 2242 vertente
696 2175 923 2266 llierosolyma,
955 2191 1090 2264 gestante
1109 2193 1213 2263 matre,
1311 2193 1319 2212 ¹

56 2288 214 2374 perductos
236 2295 294 2348 est.
340 2280 504 2345 Bethleemi
529 2301 617 2364 porro
636 2301 701 2342 cnm
718 2281 754 2344 ad
772 2283 861 2345 aedes
879 2283 1015 2365 quasdam
1037 2307 1102 2348 curn
1122 2297 1215 2350 matre

54 2411 91 2453 ac
119 2388 240 2474 losepho
265 2385 455 2462 divertisset,
487 2381 535 2466 qui
560 2381 617 2444 iam
643 2383 746 2465 grandi
771 2394 839 2447 catu
862 2407 927 2449 curn
952 2381 1051 2450 Maria
1077 2387 1214 2473 degebat,

55 2493 187 2556 secundo
215 2490 251 2554 ah
269 2486 433 2552 Nativitate
450 2505 528 2547 anuo
545 2483 579 2568 (a
597 2480 710 2568 Magis)
735 2497 899 2550 conventus
925 2508 961 2551 ac
987 2487 1072 2552 donis
1096 2501 1216 2554 ornatus

54 2605 116 2658 est.
161 2591 274 2657 lladem
290 2609 363 2654 vero
382 2598 470 2652 nocte
483 2607 548 2650 cnm
567 2588 708 2671 losephns
727 2608 780 2671 per
794 2590 939 2654 somnium
958 2591 993 2654 ah
1012 2593 1118 2677 angelo
1137 2603 1218 2656 esset

52 2697 221 2761 admonitus
243 2695 273 2758 in
298 2693 468 2776 Aegyptum
496 2689 684 2752 transfertur.
738 2687 823 2754 Unde
846 2712 949 2757 rursus
975 2705 1042 2778 post
1067 2695 1215 2760 biennium

52 2810 172 2863 mortuo
194 2799 251 2860 iam
276 2793 395 2859 llerode
417 2813 452 2858 ac
474 2793 652 2856 succedente
674 2791 822 2856 Archelao
845 2796 1016 2860 revertitur.

145 2897 296 2984 Siquidem
321 2917 399 2960 anno
425 2893 554 2960 llerodis
578 2895 733 2974 xxxin„
765 2895 893 2980 Augusti
914 2899 1021 2979 XLll.,
1053 2897 1218 2962 Bethleemi

51 3005 85 3068 in
107 3004 212 3066 ludaea
239 3001 373 3064 salrator
397 2998 538 3062 noscitur.
586 2995 664 3062 Tum
691 2995 820 3061 llerodis
835 2995 976 3064 XXXV.
1000 3002 1030 3065 in
1050 3002 1216 3088 Aegyptum

50 3106 207 3192 prolectas
230 3115 288 3166 est.
336 3099 448 3164 Eodem
471 3098 592 3162 Herode
616 3111 732 3163 mortuo
756 3100 792 3163 ah
809 3100 947 3187 Aegypto
971 3103 1068 3166 rediit.
1116 3101 1218 3187 Quare

49 3227 182 3272 neccsse
201 3215 246 3270 est
263 3206 413 3267 XXXVll.
437 3200 566 3266 llerodis
589 3223 668 3264 anno
688 3213 821 3286 quartum
848 3205 953 3268 aetatis
973 3226 1045 3269 suae
1066 3207 1217 3292 puerulum

48 3310 174 3394 egisse,
205 3330 270 3372 cum
289 3304 446 3382 llercdes,
479 3304 615 3388 inquam,
647 3315 759 3389 septem
778 3326 812 3368 ac
830 3307 950 3390 triginta
974 3309 1219 3372 conlectisunnis

48 3411 176 3476 vivendi
197 3411 282 3474 linem
300 3408 409 3472 hahuit.
454 3401 528 3469 Post
545 3405 621 3468 hunc
640 3405 804 3470 Archelaus
821 3428 927 3472 novem
947 3411 1032 3474 annis
1047 3411 1218 3497 imperaritq

46 3537 112 3600 qno
135 3533 260 3598 regnum
285 3511 405 3574 ineunte
426 3507 566 3593 losephus
590 3528 630 3571 ex
650 3509 790 3593 Aegypto
813 3530 878 3573 cum
897 3509 994 3577 Maria
1014 3535 1049 3577 ac
1068 3535 1160 3599 puero
1176 3513 1219 3576 di·

44 3635 197 3702 gressus,
232 3615 279 3679 uhi
307 3611 486 3676 Archelaum
514 3610 659 3695 imperare
684 3611 801 3689 didicit,
835 3611 865 3675 in
890 3612 1052 3680 Galilaeam
1080 3617 1217 3694 secessit,

42 3742 85 3786 ao
104 3707 349 3784 tuiu'Nazarethi
365 3711 510 3778 consedit.
558 3709 698 3776 Ceterum
717 3713 883 3780 Archelaus
902 3715 1052 3782 llerodem
1075 3719 1220 3781 iuniorem

41 3822 177 3909 genuit,
210 3819 259 3905 qui
277 3840 355 3882 nono
374 3815 466 3902 patris
489 3836 566 3878 anno
583 3815 613 3877 in
631 3815 786 3901 imperium
809 3821 965 3884 successit.
1012 3822 1149 3905 ldemque
1168 3839 1221 3882 an·

40 3947 108 3992 nus
130 3945 147 3988 a
164 3922 318 3987 nativitate
336 3917 447 3985 Christi
469 3919 549 3980 Xlll.
571 3920 770 3984 numerandus
786 3933 843 3986 est.
891 3919 1123 3990 Octavodecinao
1142 3942 1219 3987 anno

83 4095 129 4148 77.
148 4091 315 4161 α’λλοιωμίνοα
332 4094 382 4144 cod
401 4091 498 4154 lthedr'g.
507 4126 516 4152 ,
532 4095 554 4140 et
568 4091 620 4141 eod
653 4095 728 4154 petae.

36 4169 95 4218 len.
117 4177 135 4212 o
153 4179 185 4213 nr.
202 4179 240 4225 pr.
689 4161 730 4212 hl.
762 4157 905 4228 intercede
939 4155 1133 4231 (ldalcapsdc)
1167 4165 1218 4214 cod.

81 4231 130 4283 78.
151 4233 226 4295 Vulgo
251 4229 391 4296 leccatore.
426 4229 507 4278 Petoo.
526 4241 556 4277 rc
571 4229 621 4278 Pc-
656 4231 752 4292 narem.

35 4303 122 4354 nario
150 4303 241 4350 edehat
268 4293 443 4366 eiaeutphdrro.
492 4299 622 4346 ememor
688 4301 730 4348 uu.
753 4297 863 4361 „Melius
884 4289 914 4351 cd
938 4297 965 4351 dr
983 4294 1053 4369 ἀρχῇ
1074 4301 1123 4366 τῆς
1149 4303 1220 4368 βασι-

33 4373 121 4422 omn
143 4377 282 4433 assumptus
299 4367 324 4416 in
345 4367 460 4415 Nazaret.
494 4365 534 4414 Sic
547 4367 622 4426 paulo
656 4365 725 4424 λείας
751 4364 852 4427 ἐξααίν“.
879 4371 991 4419 Pelovt'tts
1042 4371 1116 4432 l'ttlpo
1136 4371 1220 4420 distin·

33 4440 115 4501 infre
136 4433 336 4500 aepetqpntam
354 4433 391 4494 είς
410 4434 540 4497 Αἴγυπτον.
654 4440 728 4499 punct
746 4433 789 4487 τᾶν
807 4434 876 4503 βίον,
891 4430 1029 4505 Ἀρχέλαος
1045 4433 1075 4490 δὲ
1092 4443 1143 4488 eeu.

80 4505 127 4560 79.
147 4503 182 4572 τῇ
201 4508 278 4554 omiss.
297 4507 321 4554 ln
338 4505 392 4553 ren.
411 4505 494 4554 Petne.
688 4503 729 4554 td.
749 4507 813 4554 Edlti
829 4505 878 4570 τῆς
894 4503 1041 4564 Γαλιλαίας.

76 4577 127 4629 tlt).
148 4571 352 4640 παραλειφθέντα
371 4574 440 4623 codd.
456 4587 511 4622 mss.
529 4577 551 4622 et
567 4571 623 4622 edit.
689 4573 730 4625 ut.
749 4574 815 4624 Lthrt
832 4577 902 4638 culpa
919 4571 1050 4642 Ναζαρέθ.
1161 4611 1165 4622 .
