<?xml version="1.0" encoding="UTF-8"?>
<!DOCTYPE html PUBLIC "-//W3C//DTD XHTML 1.0 Transitional//EN"
    "http://www.w3.org/TR/xhtml1/DTD/xhtml1-transitional.dtd">
<html xmlns="http://www.w3.org/1999/xhtml" xml:lang="en" lang="en">
 <head>
  <title>
</title>
<meta http-equiv="Content-Type" content="text/html;charset=utf-8" />
  <meta name='ocr-system' content='tesseract 3.04.00' />
  <meta name='ocr-capabilities' content='ocr_page ocr_carea ocr_par ocr_line ocrx_word'/>
</head>
<body>
  <div class='ocr_page' id='page_1' title='image "./corporishaerese00oehlgoog/corporishaerese00oehlgoog_0420.png"; bbox 0 0 3060 5026; ppageno 0'>
   <div class='ocr_carea' id='block_1_1' title="bbox 273 337 1202 409">
    <p class='ocr_par' dir='ltr' id='par_1_1' title="bbox 273 337 1202 409">
     <span class='ocr_line' id='line_1_1' title="bbox 273 337 1202 409; baseline -0.009 -2"><span class='ocrx_word' id='word_1_1' title='bbox 273 353 413 408; x_wconf 71' lang='lat' dir='ltr'><strong>nnumin</strong></span> <span class='ocrx_word' id='word_1_2' title='bbox 429 355 493 408; x_wconf 81' lang='lat' dir='ltr'><strong>urs.</strong></span> <span class='ocrx_word' id='word_1_3' title='bbox 507 356 550 408; x_wconf 84' lang='lat' dir='ltr'><strong>ur.</strong></span> <span class='ocrx_word' id='word_1_4' title='bbox 567 357 650 409; x_wconf 79' lang='lat' dir='ltr'><strong>roni.</strong></span> <span class='ocrx_word' id='word_1_5' title='bbox 664 357 696 408; x_wconf 88' lang='lat' dir='ltr'><strong>tt.</strong></span> <span class='ocrx_word' id='word_1_6' title='bbox 714 356 814 408; x_wconf 77' lang='lat' dir='ltr'><strong>enen.</strong></span> <span class='ocrx_word' id='word_1_7' title='bbox 828 353 970 408; x_wconf 77' lang='lat' dir='ltr'><strong>cxxviii.</strong></span> <span class='ocrx_word' id='word_1_8' title='bbox 1139 337 1202 400; x_wconf 79' lang='lat'><strong>409</strong></span> 
     </span>
    </p>
   </div>
   <div class='ocr_carea' id='block_1_2' title="bbox 52 469 1358 1583">
    <p class='ocr_par' dir='ltr' id='par_1_2' title="bbox 53 469 1358 1070">
     <span class='ocr_line' id='line_1_2' title="bbox 54 469 1204 562; baseline -0.003 -22"><span class='ocrx_word' id='word_1_9' title='bbox 54 475 162 554; x_wconf 79' lang='lat' dir='ltr'><strong>diendo,</strong></span> <span class='ocrx_word' id='word_1_10' title='bbox 187 475 291 560; x_wconf 87' lang='lat' dir='ltr'><strong>partim</strong></span> <span class='ocrx_word' id='word_1_11' title='bbox 305 497 373 540; x_wconf 89' lang='lat' dir='ltr'><strong>sese</strong></span> <span class='ocrx_word' id='word_1_12' title='bbox 388 475 583 555; x_wconf 86' lang='lat' dir='ltr'><strong>subiicieudo,</strong></span> <span class='ocrx_word' id='word_1_13' title='bbox 605 476 686 540; x_wconf 89' lang='lat' dir='ltr'><strong>velut</strong></span> <span class='ocrx_word' id='word_1_14' title='bbox 698 475 809 541; x_wconf 88' lang='lat' dir='ltr'><strong>bonore</strong></span> <span class='ocrx_word' id='word_1_15' title='bbox 826 475 1089 562; x_wconf 89' lang='lat' dir='ltr'><strong>prosequebantur.</strong></span> <span class='ocrx_word' id='word_1_16' title='bbox 1121 469 1204 536; x_wconf 83' lang='lat' dir='ltr'><strong>Ecce</strong></span> 
     </span>
     <span class='ocr_line' id='line_1_3' title="bbox 54 574 1204 666; baseline -0.003 -24"><span class='ocrx_word' id='word_1_17' title='bbox 54 578 98 642; x_wconf 94' lang='lat' dir='ltr'><strong>tibi</strong></span> <span class='ocrx_word' id='word_1_18' title='bbox 117 575 216 642; x_wconf 86' lang='lat' dir='ltr'><strong>ludaei</strong></span> <span class='ocrx_word' id='word_1_19' title='bbox 232 577 286 658; x_wconf 91' lang='lat' dir='ltr'><strong>illi,</strong></span> <span class='ocrx_word' id='word_1_20' title='bbox 311 578 407 662; x_wconf 87' lang='lat' dir='ltr'><strong>quiet</strong></span> <span class='ocrx_word' id='word_1_21' title='bbox 424 578 534 644; x_wconf 92' lang='lat' dir='ltr'><strong>domiui</strong></span> <span class='ocrx_word' id='word_1_22' title='bbox 548 580 707 648; x_wconf 84' lang='lat' dir='ltr'><strong>adventum</strong></span> <span class='ocrx_word' id='word_1_23' title='bbox 723 579 929 666; x_wconf 76' lang='lat' dir='ltr'><strong>expectabant,</strong></span> <span class='ocrx_word' id='word_1_24' title='bbox 953 586 983 642; x_wconf 93' lang='lat' dir='ltr'><strong>et</strong></span> <span class='ocrx_word' id='word_1_25' title='bbox 1000 576 1034 640; x_wconf 90' lang='lat' dir='ltr'><strong>ad</strong></span> <span class='ocrx_word' id='word_1_26' title='bbox 1052 574 1204 658; x_wconf 79' lang='lat' dir='ltr'><strong>excipien-</strong></span> 
     </span>
     <span class='ocr_line' id='line_1_4' title="bbox 54 675 1202 767; baseline -0.003 -23"><span class='ocrx_word' id='word_1_27' title='bbox 54 681 113 744; x_wconf 88' lang='lat' dir='ltr'><strong>dum</strong></span> <span class='ocrx_word' id='word_1_28' title='bbox 127 701 265 766; x_wconf 89' lang='lat' dir='ltr'><strong>sponsum</strong></span> <span class='ocrx_word' id='word_1_29' title='bbox 280 701 347 744; x_wconf 84' lang='lat' dir='ltr'><strong>sese</strong></span> <span class='ocrx_word' id='word_1_30' title='bbox 364 681 582 764; x_wconf 76' lang='lat' dir='ltr'><strong>comparabant,</strong></span> <span class='ocrx_word' id='word_1_31' title='bbox 607 679 656 765; x_wconf 89' lang='lat' dir='ltr'><strong>qui</strong></span> <span class='ocrx_word' id='word_1_32' title='bbox 672 681 828 767; x_wconf 88' lang='lat' dir='ltr'><strong>propbetas</strong></span> <span class='ocrx_word' id='word_1_33' title='bbox 846 680 946 746; x_wconf 89' lang='lat' dir='ltr'><strong>videre</strong></span> <span class='ocrx_word' id='word_1_34' title='bbox 964 679 1130 764; x_wconf 84' lang='lat' dir='ltr'><strong>cupiebant,</strong></span> <span class='ocrx_word' id='word_1_35' title='bbox 1154 675 1202 764; x_wconf 87' lang='lat' dir='ltr'><strong>qui</strong></span> 
     </span>
     <span class='ocr_line' id='line_1_5' title="bbox 53 779 1204 869; baseline -0.001 -23"><span class='ocrx_word' id='word_1_36' title='bbox 53 781 150 846; x_wconf 84' lang='lat' dir='ltr'><strong>divinis</strong></span> <span class='ocrx_word' id='word_1_37' title='bbox 167 781 291 847; x_wconf 87' lang='lat' dir='ltr'><strong>vocibus</strong></span> <span class='ocrx_word' id='word_1_38' title='bbox 305 783 559 869; x_wconf 74' lang='lat' dir='ltr'><strong>obtemperaturos</strong></span> <span class='ocrx_word' id='word_1_39' title='bbox 572 802 606 846; x_wconf 90' lang='lat' dir='ltr'><strong>sc</strong></span> <span class='ocrx_word' id='word_1_40' title='bbox 620 803 688 847; x_wconf 89' lang='lat' dir='ltr'><strong>esse</strong></span> <span class='ocrx_word' id='word_1_41' title='bbox 703 783 924 868; x_wconf 80' lang='lat' dir='ltr'><strong>profitebantur,</strong></span> <span class='ocrx_word' id='word_1_42' title='bbox 945 783 994 867; x_wconf 89' lang='lat' dir='ltr'><strong>qui</strong></span> <span class='ocrx_word' id='word_1_43' title='bbox 1011 803 1077 847; x_wconf 88' lang='lat' dir='ltr'><strong>oum</strong></span> <span class='ocrx_word' id='word_1_44' title='bbox 1094 779 1204 866; x_wconf 81' lang='lat' dir='ltr'><strong>Moyse</strong></span> 
     </span>
     <span class='ocr_line' id='line_1_6' title="bbox 53 885 1358 969; baseline -0.002 -21"><span class='ocrx_word' id='word_1_45' title='bbox 53 885 211 969; x_wconf 79' lang='lat' dir='ltr'><strong>pactionem</strong></span> <span class='ocrx_word' id='word_1_46' title='bbox 235 885 379 949; x_wconf 91' lang='lat' dir='ltr'><strong>eiusmodi</strong></span> <span class='ocrx_word' id='word_1_47' title='bbox 402 887 550 963; x_wconf 82' lang='lat' dir='ltr'><strong>lacerant,</strong></span> <span class='ocrx_word' id='word_1_48' title='bbox 581 889 652 948; x_wconf 78' lang='lat' dir='ltr'><strong>Esto</strong></span> <span class='ocrx_word' id='word_1_49' title='bbox 677 889 757 949; x_wconf 85' lang='lat' dir='ltr'><strong>nodis</strong></span> <span class='ocrx_word' id='word_1_50' title='bbox 774 891 804 948; x_wconf 84' lang='lat' dir='ltr'><strong>in</strong></span> <span class='ocrx_word' id='word_1_51' title='bbox 825 890 870 948; x_wconf 78' lang='lat' dir='ltr'><strong>dir</strong></span> <span class='ocrx_word' id='word_1_52' title='bbox 888 907 960 966; x_wconf 82' lang='lat' dir='ltr'><strong>qnae</strong></span> <span class='ocrx_word' id='word_1_53' title='bbox 979 897 1047 948; x_wconf 86' lang='lat' dir='ltr'><strong>sunt</strong></span> <span class='ocrx_word' id='word_1_54' title='bbox 1061 888 1140 966; x_wconf 82' lang='lat' dir='ltr'><strong>opud</strong></span> <span class='ocrx_word' id='word_1_55' title='bbox 1153 887 1203 946; x_wconf 81' lang='lat' dir='ltr'><strong>du·</strong></span> <span class='ocrx_word' id='word_1_56' title='bbox 1216 903 1358 960; x_wconf 70' lang='lat' dir='ltr'><strong>omenes.</strong></span> 
     </span>
     <span class='ocr_line' id='line_1_7' title="bbox 53 987 1205 1070; baseline -0.001 -20"><span class='ocrx_word' id='word_1_57' title='bbox 53 992 165 1062; x_wconf 78' lang='lat' dir='ltr'><strong>mnan,</strong></span> <span class='ocrx_word' id='word_1_58' title='bbox 196 987 286 1066; x_wconf 90' lang='lat' dir='ltr'><strong>item,</strong></span> <span class='ocrx_word' id='word_1_59' title='bbox 319 992 433 1062; x_wconf 74' lang='grc' dir='ltr'><strong>θηιηία,</strong></span> <span class='ocrx_word' id='word_1_60' title='bbox 465 1008 655 1070; x_wconf 80' lang='lat' dir='ltr'><strong>quaecumque</strong></span> <span class='ocrx_word' id='word_1_61' title='bbox 677 993 786 1051; x_wconf 73' lang='lat' dir='ltr'><strong>dicerit</strong></span> <span class='ocrx_word' id='word_1_62' title='bbox 810 991 1029 1064; x_wconf 73' lang='lat' dir='ltr'><strong>sitdominus,</strong></span> <span class='ocrx_word' id='word_1_63' title='bbox 1059 991 1205 1050; x_wconf 72' lang='lat' dir='ltr'><strong>eudaemus</strong></span> 
     </span>
    </p>

    <p class='ocr_par' dir='ltr' id='par_1_3' title="bbox 53 1090 1203 1177">
     <span class='ocr_line' id='line_1_8' title="bbox 53 1090 1203 1177; baseline 0 -25"><span class='ocrx_word' id='word_1_64' title='bbox 53 1103 79 1152; x_wconf 89' lang='lat' dir='ltr'><strong>et</strong></span> <span class='ocrx_word' id='word_1_65' title='bbox 93 1093 247 1172; x_wconf 70' lang='lat' dir='ltr'><strong>soetemnu,</strong></span> <span class='ocrx_word' id='word_1_66' title='bbox 272 1091 333 1171; x_wconf 91' lang='lat' dir='ltr'><strong>illi,</strong></span> <span class='ocrx_word' id='word_1_67' title='bbox 366 1090 501 1175; x_wconf 86' lang='lat' dir='ltr'><strong>iuquam,</strong></span> <span class='ocrx_word' id='word_1_68' title='bbox 532 1111 597 1154; x_wconf 87' lang='lat' dir='ltr'><strong>cunr</strong></span> <span class='ocrx_word' id='word_1_69' title='bbox 622 1101 806 1177; x_wconf 80' lang='lat' dir='ltr'><strong>praesentem</strong></span> <span class='ocrx_word' id='word_1_70' title='bbox 832 1091 979 1155; x_wconf 91' lang='lat' dir='ltr'><strong>dominum</strong></span> <span class='ocrx_word' id='word_1_71' title='bbox 1005 1091 1203 1167; x_wconf 84' lang='lat' dir='ltr'><strong>intuerentur,</strong></span> 
     </span>
    </p>

    <p class='ocr_par' dir='ltr' id='par_1_4' title="bbox 54 1190 1239 1280">
     <span class='ocr_line' id='line_1_9' title="bbox 54 1190 1239 1280; baseline 0 -26"><span class='ocrx_word' id='word_1_72' title='bbox 54 1191 180 1271; x_wconf 84' lang='lat' dir='ltr'><strong>veritatis</strong></span> <span class='ocrx_word' id='word_1_73' title='bbox 199 1213 360 1279; x_wconf 85' lang='lat' dir='ltr'><strong>expressas</strong></span> <span class='ocrx_word' id='word_1_74' title='bbox 378 1193 494 1280; x_wconf 86' lang='lat' dir='ltr'><strong>species</strong></span> <span class='ocrx_word' id='word_1_75' title='bbox 511 1213 545 1256; x_wconf 87' lang='lat' dir='ltr'><strong>ao</strong></span> <span class='ocrx_word' id='word_1_76' title='bbox 561 1204 647 1257; x_wconf 80' lang='lat' dir='ltr'><strong>notas</strong></span> <span class='ocrx_word' id='word_1_77' title='bbox 665 1193 848 1276; x_wconf 76' lang='lat' dir='ltr'><strong>ignoranter,</strong></span> <span class='ocrx_word' id='word_1_78' title='bbox 872 1215 944 1278; x_wconf 85' lang='lat' dir='ltr'><strong>quas</strong></span> <span class='ocrx_word' id='word_1_79' title='bbox 960 1193 1132 1280; x_wconf 86' lang='lat' dir='ltr'><strong>prophetae,</strong></span> <span class='ocrx_word' id='word_1_80' title='bbox 1156 1190 1205 1274; x_wconf 83' lang='lat' dir='ltr'><strong>qui</strong></span> <span class='ocrx_word' id='word_1_81' title='bbox 1237 1205 1239 1211; x_wconf 58' lang='lat'><strong>⁴</strong></span> 
     </span>
    </p>

    <p class='ocr_par' dir='ltr' id='par_1_5' title="bbox 52 1293 1350 1583">
     <span class='ocr_line' id='line_1_10' title="bbox 53 1293 1205 1380; baseline -0.002 -22"><span class='ocrx_word' id='word_1_82' title='bbox 53 1294 124 1358; x_wconf 89' lang='lat' dir='ltr'><strong>illum</strong></span> <span class='ocrx_word' id='word_1_83' title='bbox 140 1307 381 1375; x_wconf 88' lang='lat' dir='ltr'><strong>antecesserunt,</strong></span> <span class='ocrx_word' id='word_1_84' title='bbox 413 1295 624 1375; x_wconf 87' lang='lat' dir='ltr'><strong>describendo,</strong></span> <span class='ocrx_word' id='word_1_85' title='bbox 658 1295 850 1374; x_wconf 83' lang='lat' dir='ltr'><strong>delineanda,</strong></span> <span class='ocrx_word' id='word_1_86' title='bbox 882 1297 1061 1375; x_wconf 89' lang='lat' dir='ltr'><strong>nuntiando,</strong></span> <span class='ocrx_word' id='word_1_87' title='bbox 1094 1293 1205 1380; x_wconf 86' lang='lat' dir='ltr'><strong>signill-</strong></span> 
     </span>
     <span class='ocr_line' id='line_1_11' title="bbox 52 1398 1350 1484; baseline -0.008 -24"><span class='ocrx_word' id='word_1_88' title='bbox 52 1399 196 1482; x_wconf 90' lang='lat' dir='ltr'><strong>candoquc</strong></span> <span class='ocrx_word' id='word_1_89' title='bbox 217 1399 486 1484; x_wconf 80' lang='lat' dir='ltr'><strong>praescripserant,</strong></span> <span class='ocrx_word' id='word_1_90' title='bbox 511 1398 634 1483; x_wconf 87' lang='lat' dir='ltr'><strong>primum</strong></span> <span class='ocrx_word' id='word_1_91' title='bbox 655 1398 728 1462; x_wconf 83' lang='lat' dir='ltr'><strong>bace</strong></span> <span class='ocrx_word' id='word_1_92' title='bbox 743 1399 773 1462; x_wconf 94' lang='lat' dir='ltr'><strong>in</strong></span> <span class='ocrx_word' id='word_1_93' title='bbox 792 1398 872 1463; x_wconf 91' lang='lat' dir='ltr'><strong>illum</strong></span> <span class='ocrx_word' id='word_1_94' title='bbox 891 1399 1042 1477; x_wconf 87' lang='lat' dir='ltr'><strong>iecerunt,</strong></span> <span class='ocrx_word' id='word_1_95' title='bbox 1075 1402 1144 1478; x_wconf 70' lang='lat' dir='ltr'><strong>Quas</strong></span> <span class='ocrx_word' id='word_1_96' title='bbox 1160 1406 1303 1464; x_wconf 71' lang='lat' dir='ltr'><strong>estuans,</strong></span> <span class='ocrx_word' id='word_1_97' title='bbox 1315 1405 1350 1450; x_wconf 85' lang='lat' dir='ltr'><strong>u.</strong></span> 
     </span>
     <span class='ocr_line' id='line_1_12' title="bbox 53 1499 1316 1583; baseline 0 -21"><span class='ocrx_word' id='word_1_98' title='bbox 53 1503 108 1578; x_wconf 85' lang='lat' dir='ltr'><strong>lie,</strong></span> <span class='ocrx_word' id='word_1_99' title='bbox 139 1505 192 1583; x_wconf 83' lang='lat' dir='ltr'><strong>qui</strong></span> <span class='ocrx_word' id='word_1_100' title='bbox 205 1505 331 1583; x_wconf 83' lang='lat' dir='ltr'><strong>lopur&#39;tur</strong></span> <span class='ocrx_word' id='word_1_101' title='bbox 347 1503 553 1583; x_wconf 76' lang='lat' dir='ltr'><strong>blasphemabo?</strong></span> <span class='ocrx_word' id='word_1_102' title='bbox 585 1500 774 1580; x_wconf 71' lang='lat' dir='ltr'><strong>altaserra,</strong></span> <span class='ocrx_word' id='word_1_103' title='bbox 806 1506 987 1564; x_wconf 70' lang='lat' dir='ltr'><strong>Memoriam</strong></span> <span class='ocrx_word' id='word_1_104' title='bbox 1006 1503 1110 1564; x_wconf 82' lang='lat' dir='ltr'><strong>debere</strong></span> <span class='ocrx_word' id='word_1_105' title='bbox 1123 1499 1203 1564; x_wconf 87' lang='lat' dir='ltr'><strong>illum</strong></span> <span class='ocrx_word' id='word_1_106' title='bbox 1231 1509 1316 1556; x_wconf 72' lang='lat' dir='ltr'><strong>matu.</strong></span> 
     </span>
    </p>
   </div>
   <div class='ocr_carea' id='block_1_3' title="bbox 53 1563 1360 1689">
    <p class='ocr_par' dir='ltr' id='par_1_6' title="bbox 53 1563 1360 1689">
     <span class='ocr_line' id='line_1_13' title="bbox 53 1563 1360 1689; baseline 0.001 -24"><span class='ocrx_word' id='word_1_107' title='bbox 53 1602 229 1688; x_wconf 87' lang='lat' dir='ltr'><strong>impudenter</strong></span> <span class='ocrx_word' id='word_1_108' title='bbox 245 1625 280 1667; x_wconf 91' lang='lat' dir='ltr'><strong>ae</strong></span> <span class='ocrx_word' id='word_1_109' title='bbox 297 1604 461 1689; x_wconf 76' lang='lat' dir='ltr'><strong>praefracta</strong></span> <span class='ocrx_word' id='word_1_110' title='bbox 481 1605 604 1689; x_wconf 84' lang='lat' dir='ltr'><strong>quadam</strong></span> <span class='ocrx_word' id='word_1_111' title='bbox 627 1604 750 1669; x_wconf 88' lang='lat' dir='ltr'><strong>audacia</strong></span> <span class='ocrx_word' id='word_1_112' title='bbox 768 1605 926 1668; x_wconf 86' lang='lat' dir='ltr'><strong>lactarunt.</strong></span> <span class='ocrx_word' id='word_1_113' title='bbox 972 1600 1034 1669; x_wconf 89' lang='lat' dir='ltr'><strong>Sed</strong></span> <span class='ocrx_word' id='word_1_114' title='bbox 1052 1623 1107 1667; x_wconf 88' lang='lat' dir='ltr'><strong>nec</strong></span> <span class='ocrx_word' id='word_1_115' title='bbox 1124 1602 1205 1689; x_wconf 86' lang='lat' dir='ltr'><strong>ipsos</strong></span> <span class='ocrx_word' id='word_1_116' title='bbox 1218 1563 1360 1666; x_wconf 64' lang='lat' dir='ltr'><strong>illidi.»-</strong></span> 
     </span>
    </p>
   </div>
   <div class='ocr_carea' id='block_1_4' title="bbox 51 1665 1346 3126">
    <p class='ocr_par' dir='ltr' id='par_1_7' title="bbox 51 1665 1346 2818">
     <span class='ocr_line' id='line_1_14' title="bbox 53 1665 1322 1792; baseline 0.001 -24"><span class='ocrx_word' id='word_1_117' title='bbox 53 1701 263 1770; x_wconf 83' lang='lat' dir='ltr'><strong>Samaritnnum</strong></span> <span class='ocrx_word' id='word_1_118' title='bbox 282 1708 407 1770; x_wconf 91' lang='lat' dir='ltr'><strong>cundem</strong></span> <span class='ocrx_word' id='word_1_119' title='bbox 426 1707 573 1791; x_wconf 85' lang='lat' dir='ltr'><strong>appellare</strong></span> <span class='ocrx_word' id='word_1_120' title='bbox 593 1708 705 1792; x_wconf 88' lang='lat' dir='ltr'><strong>puduit.</strong></span> <span class='ocrx_word' id='word_1_121' title='bbox 751 1703 908 1771; x_wconf 83' lang='lat' dir='ltr'><strong>Postremo</strong></span> <span class='ocrx_word' id='word_1_122' title='bbox 927 1717 958 1770; x_wconf 93' lang='lat' dir='ltr'><strong>ut</strong></span> <span class='ocrx_word' id='word_1_123' title='bbox 975 1691 1055 1787; x_wconf 77' lang='lat' dir='ltr'><strong>dini,</strong></span> <span class='ocrx_word' id='word_1_124' title='bbox 1079 1707 1122 1769; x_wconf 89' lang='lat' dir='ltr'><strong>sic</strong></span> <span class='ocrx_word' id='word_1_125' title='bbox 1141 1719 1206 1770; x_wconf 92' lang='lat' dir='ltr'><strong>tau·</strong></span> <span class='ocrx_word' id='word_1_126' title='bbox 1252 1665 1322 1710; x_wconf 51' lang='grc' dir='ltr'><em>Μ</em></span> 
     </span>
     <span class='ocr_line' id='line_1_15' title="bbox 54 1808 1206 1894; baseline 0 -22"><span class='ocrx_word' id='word_1_127' title='bbox 54 1829 130 1890; x_wconf 84' lang='lat' dir='ltr'><strong>quam</strong></span> <span class='ocrx_word' id='word_1_128' title='bbox 147 1809 239 1874; x_wconf 92' lang='lat' dir='ltr'><strong>rabidi</strong></span> <span class='ocrx_word' id='word_1_129' title='bbox 259 1829 348 1872; x_wconf 85' lang='lat' dir='ltr'><strong>osnes</strong></span> <span class='ocrx_word' id='word_1_130' title='bbox 363 1809 394 1872; x_wconf 90' lang='lat' dir='ltr'><strong>iu</strong></span> <span class='ocrx_word' id='word_1_131' title='bbox 410 1829 477 1872; x_wconf 87' lang='lat' dir='ltr'><strong>eum</strong></span> <span class='ocrx_word' id='word_1_132' title='bbox 494 1808 678 1888; x_wconf 88' lang='lat' dir='ltr'><strong>insilieruut,</strong></span> <span class='ocrx_word' id='word_1_133' title='bbox 711 1831 746 1873; x_wconf 85' lang='lat' dir='ltr'><strong>ne</strong></span> <span class='ocrx_word' id='word_1_134' title='bbox 766 1830 869 1874; x_wconf 89' lang='lat' dir='ltr'><strong>manus</strong></span> <span class='ocrx_word' id='word_1_135' title='bbox 886 1811 1058 1890; x_wconf 76' lang='lat' dir='ltr'><strong>alliserunt,</strong></span> <span class='ocrx_word' id='word_1_136' title='bbox 1082 1810 1110 1872; x_wconf 92' lang='lat' dir='ltr'><strong>id</strong></span> <span class='ocrx_word' id='word_1_137' title='bbox 1129 1809 1206 1894; x_wconf 88' lang='lat' dir='ltr'><strong>quod</strong></span> 
     </span>
     <span class='ocr_line' id='line_1_16' title="bbox 53 1910 1206 1994; baseline 0.003 -23"><span class='ocrx_word' id='word_1_138' title='bbox 53 1910 149 1974; x_wconf 92' lang='lat' dir='ltr'><strong>luriosi</strong></span> <span class='ocrx_word' id='word_1_139' title='bbox 163 1932 252 1975; x_wconf 88' lang='lat' dir='ltr'><strong>canes</strong></span> <span class='ocrx_word' id='word_1_140' title='bbox 270 1912 405 1975; x_wconf 86' lang='lat' dir='ltr'><strong>iactitare</strong></span> <span class='ocrx_word' id='word_1_141' title='bbox 421 1912 536 1988; x_wconf 90' lang='lat' dir='ltr'><strong>solent,</strong></span> <span class='ocrx_word' id='word_1_142' title='bbox 560 1911 607 1994; x_wconf 88' lang='lat' dir='ltr'><strong>qni</strong></span> <span class='ocrx_word' id='word_1_143' title='bbox 626 1911 808 1977; x_wconf 84' lang='lat' dir='ltr'><strong>dominorum</strong></span> <span class='ocrx_word' id='word_1_144' title='bbox 826 1932 946 1976; x_wconf 84' lang='lat' dir='ltr'><strong>suorum</strong></span> <span class='ocrx_word' id='word_1_145' title='bbox 966 1934 1070 1976; x_wconf 85' lang='lat' dir='ltr'><strong>uranus</strong></span> <span class='ocrx_word' id='word_1_146' title='bbox 1089 1935 1124 1976; x_wconf 89' lang='lat' dir='ltr'><strong>ac</strong></span> <span class='ocrx_word' id='word_1_147' title='bbox 1141 1912 1206 1977; x_wconf 83' lang='lat' dir='ltr'><strong>vul-</strong></span> 
     </span>
     <span class='ocr_line' id='line_1_17' title="bbox 54 2013 1205 2093; baseline 0.002 -18"><span class='ocrx_word' id='word_1_148' title='bbox 54 2020 93 2075; x_wconf 87' lang='lat' dir='ltr'><strong>tus</strong></span> <span class='ocrx_word' id='word_1_149' title='bbox 116 2013 302 2078; x_wconf 78' lang='lat' dir='ltr'><strong>incurrentes</strong></span> <span class='ocrx_word' id='word_1_150' title='bbox 327 2013 439 2078; x_wconf 85' lang='lat' dir='ltr'><strong>laniare</strong></span> <span class='ocrx_word' id='word_1_151' title='bbox 467 2013 539 2078; x_wconf 91' lang='lat' dir='ltr'><strong>nibil</strong></span> <span class='ocrx_word' id='word_1_152' title='bbox 561 2025 720 2093; x_wconf 86' lang='lat' dir='ltr'><strong>verentur,</strong></span> <span class='ocrx_word' id='word_1_153' title='bbox 754 2015 798 2079; x_wconf 88' lang='lat' dir='ltr'><strong>sic</strong></span> <span class='ocrx_word' id='word_1_154' title='bbox 822 2015 862 2080; x_wconf 90' lang='lat' dir='ltr'><strong>illi</strong></span> <span class='ocrx_word' id='word_1_155' title='bbox 887 2015 1034 2078; x_wconf 91' lang='lat' dir='ltr'><strong>domiuum</strong></span> <span class='ocrx_word' id='word_1_156' title='bbox 1053 2016 1088 2078; x_wconf 84' lang='lat' dir='ltr'><strong>ad</strong></span> <span class='ocrx_word' id='word_1_157' title='bbox 1109 2014 1205 2078; x_wconf 84' lang='lat' dir='ltr'><strong>cruris</strong></span> 
     </span>
     <span class='ocr_line' id='line_1_18' title="bbox 52 2114 1346 2203; baseline 0.003 -27"><span class='ocrx_word' id='word_1_158' title='bbox 52 2116 216 2200; x_wconf 87' lang='lat' dir='ltr'><strong>supplicium</strong></span> <span class='ocrx_word' id='word_1_159' title='bbox 240 2114 440 2195; x_wconf 90' lang='lat' dir='ltr'><strong>tradiderunt,</strong></span> <span class='ocrx_word' id='word_1_160' title='bbox 472 2117 628 2202; x_wconf 87' lang='lat' dir='ltr'><strong>propbetas</strong></span> <span class='ocrx_word' id='word_1_161' title='bbox 647 2117 778 2181; x_wconf 86' lang='lat' dir='ltr'><strong>eiusdem</strong></span> <span class='ocrx_word' id='word_1_162' title='bbox 798 2118 975 2182; x_wconf 84' lang='lat' dir='ltr'><strong>domesticos</strong></span> <span class='ocrx_word' id='word_1_163' title='bbox 992 2118 1097 2203; x_wconf 90' lang='lat' dir='ltr'><strong>partim</strong></span> <span class='ocrx_word' id='word_1_164' title='bbox 1120 2137 1205 2182; x_wconf 88' lang='lat' dir='ltr'><strong>serra</strong></span> <span class='ocrx_word' id='word_1_165' title='bbox 1226 2142 1299 2188; x_wconf 74' lang='lat' dir='ltr'><strong>seur.</strong></span> <span class='ocrx_word' id='word_1_166' title='bbox 1312 2140 1346 2186; x_wconf 88' lang='grc' dir='ltr'><strong>ιι.</strong></span> 
     </span>
     <span class='ocr_line' id='line_1_19' title="bbox 54 2217 1206 2305; baseline 0.004 -27"><span class='ocrx_word' id='word_1_167' title='bbox 54 2228 281 2297; x_wconf 77' lang='lat' dir='ltr'><strong>conseruerunt,</strong></span> <span class='ocrx_word' id='word_1_168' title='bbox 313 2219 416 2304; x_wconf 88' lang='lat' dir='ltr'><strong>partim</strong></span> <span class='ocrx_word' id='word_1_169' title='bbox 437 2217 580 2304; x_wconf 80' lang='lat' dir='ltr'><strong>lapidibus</strong></span> <span class='ocrx_word' id='word_1_170' title='bbox 597 2218 774 2299; x_wconf 86' lang='lat' dir='ltr'><strong>obruerunt,</strong></span> <span class='ocrx_word' id='word_1_171' title='bbox 806 2219 910 2305; x_wconf 84' lang='lat' dir='ltr'><strong>partim</strong></span> <span class='ocrx_word' id='word_1_172' title='bbox 933 2221 1031 2304; x_wconf 88' lang='lat' dir='ltr'><strong>gladio</strong></span> <span class='ocrx_word' id='word_1_173' title='bbox 1047 2219 1206 2283; x_wconf 84' lang='lat' dir='ltr'><strong>interiece-</strong></span> 
     </span>
     <span class='ocr_line' id='line_1_20' title="bbox 51 2318 1205 2406; baseline 0.003 -24"><span class='ocrx_word' id='word_1_174' title='bbox 51 2331 123 2384; x_wconf 89' lang='lat' dir='ltr'><strong>runt.</strong></span> <span class='ocrx_word' id='word_1_175' title='bbox 169 2318 339 2386; x_wconf 85' lang='lat' dir='ltr'><strong>Secundum</strong></span> <span class='ocrx_word' id='word_1_176' title='bbox 358 2320 423 2384; x_wconf 91' lang='lat' dir='ltr'><strong>illos</strong></span> <span class='ocrx_word' id='word_1_177' title='bbox 445 2341 519 2385; x_wconf 88' lang='lat' dir='ltr'><strong>vcro</strong></span> <span class='ocrx_word' id='word_1_178' title='bbox 544 2320 665 2406; x_wconf 88' lang='lat' dir='ltr'><strong>perinde</strong></span> <span class='ocrx_word' id='word_1_179' title='bbox 681 2330 713 2384; x_wconf 87' lang='lat' dir='ltr'><strong>et</strong></span> <span class='ocrx_word' id='word_1_180' title='bbox 731 2320 816 2385; x_wconf 90' lang='lat' dir='ltr'><strong>bodie</strong></span> <span class='ocrx_word' id='word_1_181' title='bbox 839 2323 909 2386; x_wconf 86' lang='lat' dir='ltr'><strong>novi</strong></span> <span class='ocrx_word' id='word_1_182' title='bbox 924 2323 965 2387; x_wconf 94' lang='lat' dir='ltr'><strong>illi</strong></span> <span class='ocrx_word' id='word_1_183' title='bbox 986 2320 1085 2387; x_wconf 88' lang='lat' dir='ltr'><strong>ludaoi</strong></span> <span class='ocrx_word' id='word_1_184' title='bbox 1101 2322 1205 2386; x_wconf 89' lang='lat' dir='ltr'><strong>iisdem</strong></span> 
     </span>
     <span class='ocr_line' id='line_1_21' title="bbox 52 2420 1205 2509; baseline 0.003 -26"><span class='ocrx_word' id='word_1_185' title='bbox 52 2420 170 2487; x_wconf 88' lang='lat' dir='ltr'><strong>invicem</strong></span> <span class='ocrx_word' id='word_1_186' title='bbox 194 2423 338 2486; x_wconf 89' lang='lat' dir='ltr'><strong>institutis</strong></span> <span class='ocrx_word' id='word_1_187' title='bbox 351 2444 386 2486; x_wconf 89' lang='lat' dir='ltr'><strong>ac</strong></span> <span class='ocrx_word' id='word_1_188' title='bbox 403 2421 555 2509; x_wconf 88' lang='lat' dir='ltr'><strong>disciplina</strong></span> <span class='ocrx_word' id='word_1_189' title='bbox 575 2423 703 2501; x_wconf 82' lang='lat' dir='ltr'><strong>tornati,</strong></span> <span class='ocrx_word' id='word_1_190' title='bbox 723 2424 764 2487; x_wconf 92' lang='lat' dir='ltr'><strong>uti</strong></span> <span class='ocrx_word' id='word_1_191' title='bbox 781 2426 845 2488; x_wconf 87' lang='lat' dir='ltr'><strong>veri</strong></span> <span class='ocrx_word' id='word_1_192' title='bbox 860 2425 902 2488; x_wconf 93' lang='lat' dir='ltr'><strong>illi</strong></span> <span class='ocrx_word' id='word_1_193' title='bbox 919 2422 1032 2504; x_wconf 90' lang='lat' dir='ltr'><strong>ludaei,</strong></span> <span class='ocrx_word' id='word_1_194' title='bbox 1058 2425 1205 2488; x_wconf 91' lang='lat' dir='ltr'><strong>domiuum</strong></span> 
     </span>
     <span class='ocr_line' id='line_1_22' title="bbox 53 2525 1205 2614; baseline 0.003 -28"><span class='ocrx_word' id='word_1_195' title='bbox 53 2543 110 2588; x_wconf 88' lang='lat' dir='ltr'><strong>cum</strong></span> <span class='ocrx_word' id='word_1_196' title='bbox 128 2547 219 2590; x_wconf 89' lang='lat' dir='ltr'><strong>carne</strong></span> <span class='ocrx_word' id='word_1_197' title='bbox 243 2534 429 2611; x_wconf 83' lang='lat' dir='ltr'><strong>praesentem</strong></span> <span class='ocrx_word' id='word_1_198' title='bbox 453 2526 654 2610; x_wconf 83' lang='lat' dir='ltr'><strong>abnegarunt,</strong></span> <span class='ocrx_word' id='word_1_199' title='bbox 685 2525 728 2590; x_wconf 88' lang='lat' dir='ltr'><strong>ita</strong></span> <span class='ocrx_word' id='word_1_200' title='bbox 751 2526 806 2612; x_wconf 91' lang='lat' dir='ltr'><strong>ipsi</strong></span> <span class='ocrx_word' id='word_1_201' title='bbox 827 2527 877 2590; x_wconf 87' lang='lat' dir='ltr'><strong>titii</strong></span> <span class='ocrx_word' id='word_1_202' title='bbox 900 2529 945 2593; x_wconf 89' lang='lat' dir='ltr'><strong>dei</strong></span> <span class='ocrx_word' id='word_1_203' title='bbox 964 2530 1122 2614; x_wconf 83' lang='lat' dir='ltr'><strong>perlectam</strong></span> <span class='ocrx_word' id='word_1_204' title='bbox 1140 2548 1205 2591; x_wconf 86' lang='lat' dir='ltr'><strong>oum</strong></span> 
     </span>
     <span class='ocr_line' id='line_1_23' title="bbox 52 2628 1205 2716; baseline 0.003 -25"><span class='ocrx_word' id='word_1_205' title='bbox 52 2639 126 2711; x_wconf 87' lang='lat' dir='ltr'><strong>patre</strong></span> <span class='ocrx_word' id='word_1_206' title='bbox 150 2629 377 2715; x_wconf 79' lang='lat' dir='ltr'><strong>germanitatem</strong></span> <span class='ocrx_word' id='word_1_207' title='bbox 406 2628 590 2706; x_wconf 78' lang='lat' dir='ltr'><strong>inficiantes,</strong></span> <span class='ocrx_word' id='word_1_208' title='bbox 624 2639 789 2692; x_wconf 85' lang='lat' dir='ltr'><strong>ereaturam</strong></span> <span class='ocrx_word' id='word_1_209' title='bbox 813 2650 879 2694; x_wconf 91' lang='lat' dir='ltr'><strong>esse</strong></span> <span class='ocrx_word' id='word_1_210' title='bbox 897 2629 976 2694; x_wconf 89' lang='lat' dir='ltr'><strong>illum</strong></span> <span class='ocrx_word' id='word_1_211' title='bbox 998 2641 1028 2694; x_wconf 91' lang='lat' dir='ltr'><strong>et</strong></span> <span class='ocrx_word' id='word_1_212' title='bbox 1046 2629 1205 2716; x_wconf 85' lang='lat' dir='ltr'><strong>opificium,</strong></span> 
     </span>
     <span class='ocr_line' id='line_1_24' title="bbox 53 2730 1166 2818; baseline 0.003 -27"><span class='ocrx_word' id='word_1_213' title='bbox 53 2741 107 2794; x_wconf 86' lang='lat' dir='ltr'><strong>eta</strong></span> <span class='ocrx_word' id='word_1_214' title='bbox 124 2745 208 2818; x_wconf 88' lang='lat' dir='ltr'><strong>patre</strong></span> <span class='ocrx_word' id='word_1_215' title='bbox 226 2731 342 2818; x_wconf 88' lang='lat' dir='ltr'><strong>penitus</strong></span> <span class='ocrx_word' id='word_1_216' title='bbox 357 2731 484 2795; x_wconf 87' lang='lat' dir='ltr'><strong>alienum</strong></span> <span class='ocrx_word' id='word_1_217' title='bbox 503 2730 606 2794; x_wconf 90' lang='lat' dir='ltr'><strong>luriosi</strong></span> <span class='ocrx_word' id='word_1_218' title='bbox 621 2750 655 2792; x_wconf 88' lang='lat' dir='ltr'><strong>ae</strong></span> <span class='ocrx_word' id='word_1_219' title='bbox 675 2731 818 2796; x_wconf 84' lang='lat' dir='ltr'><strong>vecordes</strong></span> <span class='ocrx_word' id='word_1_220' title='bbox 837 2732 995 2797; x_wconf 86' lang='lat' dir='ltr'><strong>identidem</strong></span> <span class='ocrx_word' id='word_1_221' title='bbox 1011 2735 1166 2797; x_wconf 89' lang='lat' dir='ltr'><strong>affirmant.</strong></span> 
     </span>
    </p>

    <p class='ocr_par' dir='ltr' id='par_1_8' title="bbox 53 2833 1344 3126">
     <span class='ocr_line' id='line_1_25' title="bbox 130 2833 1344 2922; baseline 0.001 -23"><span class='ocrx_word' id='word_1_222' title='bbox 130 2837 193 2900; x_wconf 84' lang='lat' dir='ltr'><strong>Alii</strong></span> <span class='ocrx_word' id='word_1_223' title='bbox 221 2857 309 2922; x_wconf 92' lang='lat' dir='ltr'><strong>porro</strong></span> <span class='ocrx_word' id='word_1_224' title='bbox 336 2834 548 2906; x_wconf 85' lang='lat' dir='ltr'><strong>contumeliosa</strong></span> <span class='ocrx_word' id='word_1_225' title='bbox 575 2833 625 2897; x_wconf 89' lang='lat' dir='ltr'><strong>illa</strong></span> <span class='ocrx_word' id='word_1_226' title='bbox 651 2833 681 2896; x_wconf 92' lang='lat' dir='ltr'><strong>iu</strong></span> <span class='ocrx_word' id='word_1_227' title='bbox 709 2834 794 2898; x_wconf 90' lang='lat' dir='ltr'><strong>deum</strong></span> <span class='ocrx_word' id='word_1_228' title='bbox 820 2835 958 2920; x_wconf 83' lang='lat' dir='ltr'><strong>dogmata</strong></span> <span class='ocrx_word' id='word_1_229' title='bbox 991 2835 1204 2920; x_wconf 84' lang='lat' dir='ltr'><strong>relinquentes,</strong></span> <span class='ocrx_word' id='word_1_230' title='bbox 1232 2847 1295 2918; x_wconf 70' lang='lat' dir='ltr'><strong>cap.</strong></span> <span class='ocrx_word' id='word_1_231' title='bbox 1312 2850 1344 2900; x_wconf 85' lang='lat' dir='ltr'><strong>v.</strong></span> 
     </span>
     <span class='ocr_line' id='line_1_26' title="bbox 53 2936 1206 3025; baseline 0.002 -25"><span class='ocrx_word' id='word_1_232' title='bbox 53 2939 127 3018; x_wconf 87' lang='lat' dir='ltr'><strong>quasi</strong></span> <span class='ocrx_word' id='word_1_233' title='bbox 143 2939 272 3002; x_wconf 87' lang='lat' dir='ltr'><strong>divinam</strong></span> <span class='ocrx_word' id='word_1_234' title='bbox 288 2939 380 3025; x_wconf 87' lang='lat' dir='ltr'><strong>ipsam</strong></span> <span class='ocrx_word' id='word_1_235' title='bbox 399 2937 428 3000; x_wconf 94' lang='lat' dir='ltr'><strong>in</strong></span> <span class='ocrx_word' id='word_1_236' title='bbox 445 2936 529 3000; x_wconf 87' lang='lat' dir='ltr'><strong>coelo</strong></span> <span class='ocrx_word' id='word_1_237' title='bbox 547 2946 699 3015; x_wconf 88' lang='lat' dir='ltr'><strong>naturam,</strong></span> <span class='ocrx_word' id='word_1_238' title='bbox 725 2947 756 3000; x_wconf 93' lang='lat' dir='ltr'><strong>ut</strong></span> <span class='ocrx_word' id='word_1_239' title='bbox 771 2937 811 3001; x_wconf 90' lang='lat' dir='ltr'><strong>ita</strong></span> <span class='ocrx_word' id='word_1_240' title='bbox 826 2939 938 3017; x_wconf 85' lang='lat' dir='ltr'><strong>dicam,</strong></span> <span class='ocrx_word' id='word_1_241' title='bbox 963 2939 1117 3024; x_wconf 87' lang='lat' dir='ltr'><strong>aliqnando</strong></span> <span class='ocrx_word' id='word_1_242' title='bbox 1135 2959 1206 3002; x_wconf 89' lang='lat' dir='ltr'><strong>oon-</strong></span> 
     </span>
     <span class='ocr_line' id='line_1_27' title="bbox 53 3031 1206 3126; baseline 0.003 -26"><span class='ocrx_word' id='word_1_243' title='bbox 53 3042 174 3126; x_wconf 85' lang='lat' dir='ltr'><strong>tcmplati</strong></span> <span class='ocrx_word' id='word_1_244' title='bbox 192 3041 318 3119; x_wconf 87' lang='lat' dir='ltr'><strong>luerint,</strong></span> <span class='ocrx_word' id='word_1_245' title='bbox 344 3051 375 3104; x_wconf 88' lang='lat' dir='ltr'><strong>et</strong></span> <span class='ocrx_word' id='word_1_246' title='bbox 390 3031 478 3104; x_wconf 82' lang='lat' dir='ltr'><strong>altius</strong></span> <span class='ocrx_word' id='word_1_247' title='bbox 491 3039 521 3102; x_wconf 89' lang='lat' dir='ltr'><strong>in</strong></span> <span class='ocrx_word' id='word_1_248' title='bbox 539 3059 648 3102; x_wconf 82' lang='lat' dir='ltr'><strong>aroana</strong></span> <span class='ocrx_word' id='word_1_249' title='bbox 665 3039 713 3103; x_wconf 89' lang='lat' dir='ltr'><strong>illa</strong></span> <span class='ocrx_word' id='word_1_250' title='bbox 735 3061 770 3102; x_wconf 86' lang='lat' dir='ltr'><strong>ac</strong></span> <span class='ocrx_word' id='word_1_251' title='bbox 789 3041 930 3108; x_wconf 88' lang='lat' dir='ltr'><strong>coelestia</strong></span> <span class='ocrx_word' id='word_1_252' title='bbox 949 3040 1146 3126; x_wconf 88' lang='lat' dir='ltr'><strong>penetrarint‚</strong></span> <span class='ocrx_word' id='word_1_253' title='bbox 1171 3061 1206 3104; x_wconf 89' lang='lat' dir='ltr'><strong>ae</strong></span> 
     </span>
    </p>
   </div>
   <div class='ocr_carea' id='block_1_5' title="bbox 53 3140 1207 3230">
    <p class='ocr_par' dir='ltr' id='par_1_9' title="bbox 53 3140 1207 3230">
     <span class='ocr_line' id='line_1_28' title="bbox 53 3140 1207 3230; baseline 0.003 -28"><span class='ocrx_word' id='word_1_254' title='bbox 53 3140 202 3227; x_wconf 84' lang='lat' dir='ltr'><strong>diligenter</strong></span> <span class='ocrx_word' id='word_1_255' title='bbox 216 3143 449 3230; x_wconf 86' lang='lat' dir='ltr'><strong>introspexerint</strong></span> <span class='ocrx_word' id='word_1_256' title='bbox 466 3146 514 3220; x_wconf 90' lang='lat' dir='ltr'><strong>(ut</strong></span> <span class='ocrx_word' id='word_1_257' title='bbox 530 3161 547 3203; x_wconf 90' lang='lat' dir='ltr'><strong>c</strong></span> <span class='ocrx_word' id='word_1_258' title='bbox 566 3141 650 3204; x_wconf 88' lang='lat' dir='ltr'><strong>ooolo</strong></span> <span class='ocrx_word' id='word_1_259' title='bbox 667 3152 752 3226; x_wconf 89' lang='lat' dir='ltr'><strong>putes</strong></span> <span class='ocrx_word' id='word_1_260' title='bbox 771 3162 837 3206; x_wconf 85' lang='lat' dir='ltr'><strong>esse</strong></span> <span class='ocrx_word' id='word_1_261' title='bbox 855 3144 1005 3230; x_wconf 84' lang='lat' dir='ltr'><strong>delapsos)</strong></span> <span class='ocrx_word' id='word_1_262' title='bbox 1031 3154 1207 3228; x_wconf 89' lang='lat' dir='ltr'><strong>arroganter</strong></span> 
     </span>
    </p>
   </div>
   <div class='ocr_carea' id='block_1_6' title="bbox 52 3243 1352 3847">
    <p class='ocr_par' dir='ltr' id='par_1_10' title="bbox 52 3243 1352 3847">
     <span class='ocr_line' id='line_1_29' title="bbox 52 3243 1206 3333; baseline 0.005 -29"><span class='ocrx_word' id='word_1_263' title='bbox 52 3243 113 3308; x_wconf 94' lang='lat' dir='ltr'><strong>illud</strong></span> <span class='ocrx_word' id='word_1_264' title='bbox 137 3245 329 3333; x_wconf 84' lang='lat' dir='ltr'><strong>praedicant,</strong></span> <span class='ocrx_word' id='word_1_265' title='bbox 359 3267 393 3310; x_wconf 89' lang='lat' dir='ltr'><strong>ac</strong></span> <span class='ocrx_word' id='word_1_266' title='bbox 409 3245 602 3308; x_wconf 86' lang='lat' dir='ltr'><strong>vehementer</strong></span> <span class='ocrx_word' id='word_1_267' title='bbox 628 3244 790 3322; x_wconf 88' lang='lat' dir='ltr'><strong>affirmant,</strong></span> <span class='ocrx_word' id='word_1_268' title='bbox 821 3247 955 3330; x_wconf 88' lang='lat' dir='ltr'><strong>spiritum</strong></span> <span class='ocrx_word' id='word_1_269' title='bbox 980 3255 1114 3311; x_wconf 89' lang='lat' dir='ltr'><strong>sanctum</strong></span> <span class='ocrx_word' id='word_1_270' title='bbox 1129 3267 1146 3310; x_wconf 93' lang='lat' dir='ltr'><strong>a</strong></span> <span class='ocrx_word' id='word_1_271' title='bbox 1164 3246 1206 3310; x_wconf 95' lang='lat' dir='ltr'><strong>di·</strong></span> 
     </span>
     <span class='ocr_line' id='line_1_30' title="bbox 53 3343 1208 3434; baseline 0.003 -26"><span class='ocrx_word' id='word_1_272' title='bbox 53 3347 175 3414; x_wconf 84' lang='lat' dir='ltr'><strong>vioitatis</strong></span> <span class='ocrx_word' id='word_1_273' title='bbox 202 3351 406 3414; x_wconf 88' lang='lat' dir='ltr'><strong>commuuione</strong></span> <span class='ocrx_word' id='word_1_274' title='bbox 429 3344 638 3431; x_wconf 85' lang='lat' dir='ltr'><strong>separandum.</strong></span> <span class='ocrx_word' id='word_1_275' title='bbox 685 3343 744 3428; x_wconf 88' lang='lat' dir='ltr'><strong>Qui</strong></span> <span class='ocrx_word' id='word_1_276' title='bbox 767 3369 833 3411; x_wconf 89' lang='lat' dir='ltr'><strong>cum</strong></span> <span class='ocrx_word' id='word_1_277' title='bbox 861 3368 956 3434; x_wconf 83' lang='lat' dir='ltr'><strong>neque</strong></span> <span class='ocrx_word' id='word_1_278' title='bbox 984 3359 1096 3434; x_wconf 87' lang='lat' dir='ltr'><strong>patrem</strong></span> <span class='ocrx_word' id='word_1_279' title='bbox 1118 3348 1208 3414; x_wconf 89' lang='lat' dir='ltr'><strong>abue-</strong></span> 
     </span>
     <span class='ocr_line' id='line_1_31' title="bbox 53 3446 1207 3536; baseline 0.002 -22"><span class='ocrx_word' id='word_1_280' title='bbox 53 3463 132 3531; x_wconf 85' lang='lat' dir='ltr'><strong>gcnt‚</strong></span> <span class='ocrx_word' id='word_1_281' title='bbox 165 3473 221 3517; x_wconf 86' lang='lat' dir='ltr'><strong>nce</strong></span> <span class='ocrx_word' id='word_1_282' title='bbox 236 3453 274 3516; x_wconf 91' lang='lat' dir='ltr'><strong>ab</strong></span> <span class='ocrx_word' id='word_1_283' title='bbox 297 3471 438 3536; x_wconf 86' lang='lat' dir='ltr'><strong>germana</strong></span> <span class='ocrx_word' id='word_1_284' title='bbox 460 3470 525 3512; x_wconf 87' lang='lat' dir='ltr'><strong>eum</strong></span> <span class='ocrx_word' id='word_1_285' title='bbox 550 3446 601 3510; x_wconf 92' lang='lat' dir='ltr'><strong>illo</strong></span> <span class='ocrx_word' id='word_1_286' title='bbox 622 3449 828 3514; x_wconf 86' lang='lat' dir='ltr'><strong>coniunctione</strong></span> <span class='ocrx_word' id='word_1_287' title='bbox 848 3451 936 3514; x_wconf 87' lang='lat' dir='ltr'><strong>lilium</strong></span> <span class='ocrx_word' id='word_1_288' title='bbox 953 3452 1139 3532; x_wconf 89' lang='lat' dir='ltr'><strong>abiudiocnt‚</strong></span> <span class='ocrx_word' id='word_1_289' title='bbox 1171 3452 1207 3516; x_wconf 94' lang='lat' dir='ltr'><strong>ad</strong></span> 
     </span>
     <span class='ocr_line' id='line_1_32' title="bbox 54 3552 1205 3642; baseline 0.004 -30"><span class='ocrx_word' id='word_1_290' title='bbox 54 3553 121 3618; x_wconf 90' lang='lat' dir='ltr'><strong>alind</strong></span> <span class='ocrx_word' id='word_1_291' title='bbox 136 3556 206 3620; x_wconf 86' lang='lat' dir='ltr'><strong>vise</strong></span> <span class='ocrx_word' id='word_1_292' title='bbox 223 3554 426 3618; x_wconf 83' lang='lat' dir='ltr'><strong>diverticulum</strong></span> <span class='ocrx_word' id='word_1_293' title='bbox 444 3552 614 3629; x_wconf 82' lang='lat' dir='ltr'><strong>deflectunt,</strong></span> <span class='ocrx_word' id='word_1_294' title='bbox 639 3561 671 3614; x_wconf 93' lang='lat' dir='ltr'><strong>ut</strong></span> <span class='ocrx_word' id='word_1_295' title='bbox 687 3553 806 3617; x_wconf 88' lang='lat' dir='ltr'><strong>onnuino</strong></span> <span class='ocrx_word' id='word_1_296' title='bbox 824 3554 930 3618; x_wconf 89' lang='lat' dir='ltr'><strong>dictum</strong></span> <span class='ocrx_word' id='word_1_297' title='bbox 951 3556 1020 3619; x_wconf 95' lang='lat' dir='ltr'><strong>illud</strong></span> <span class='ocrx_word' id='word_1_298' title='bbox 1040 3556 1205 3642; x_wconf 91' lang='lat' dir='ltr'><strong>impleatur,</strong></span> 
     </span>
     <span class='ocr_line' id='line_1_33' title="bbox 53 3651 1352 3743; baseline 0.003 -27"><span class='ocrx_word' id='word_1_299' title='bbox 53 3659 134 3720; x_wconf 84' lang='lat' dir='ltr'><strong>Perni&#39;t</strong></span> <span class='ocrx_word' id='word_1_300' title='bbox 147 3661 228 3741; x_wconf 78' lang='lat' dir='ltr'><strong>fides</strong></span> <span class='ocrx_word' id='word_1_301' title='bbox 253 3681 290 3720; x_wconf 79' lang='lat' dir='ltr'><strong>ee</strong></span> <span class='ocrx_word' id='word_1_302' title='bbox 309 3680 358 3720; x_wconf 87' lang='lat' dir='ltr'><strong>ore</strong></span> <span class='ocrx_word' id='word_1_303' title='bbox 374 3663 509 3738; x_wconf 75' lang='lat' dir='ltr'><strong>ipsorum.</strong></span> <span class='ocrx_word' id='word_1_304' title='bbox 557 3651 635 3736; x_wconf 81' lang='lat' dir='ltr'><strong>Quid</strong></span> <span class='ocrx_word' id='word_1_305' title='bbox 655 3655 732 3717; x_wconf 89' lang='lat' dir='ltr'><strong>enim</strong></span> <span class='ocrx_word' id='word_1_306' title='bbox 749 3655 825 3719; x_wconf 91' lang='lat' dir='ltr'><strong>aliud</strong></span> <span class='ocrx_word' id='word_1_307' title='bbox 846 3659 974 3738; x_wconf 86' lang='lat' dir='ltr'><strong>laniunt,</strong></span> <span class='ocrx_word' id='word_1_308' title='bbox 1006 3659 1062 3724; x_wconf 91' lang='lat' dir='ltr'><strong>nisi</strong></span> <span class='ocrx_word' id='word_1_309' title='bbox 1086 3657 1208 3743; x_wconf 88' lang='lat' dir='ltr'><strong>perinde</strong></span> <span class='ocrx_word' id='word_1_310' title='bbox 1218 3673 1352 3729; x_wconf 63' lang='lat' dir='ltr'><strong>utonem</strong></span> 
     </span>
     <span class='ocr_line' id='line_1_34' title="bbox 55 3759 1206 3847; baseline 0.004 -30"><span class='ocrx_word' id='word_1_311' title='bbox 55 3775 83 3820; x_wconf 89' lang='lat' dir='ltr'><strong>ae</strong></span> <span class='ocrx_word' id='word_1_312' title='bbox 97 3761 120 3822; x_wconf 93' lang='lat' dir='ltr'><strong>si</strong></span> <span class='ocrx_word' id='word_1_313' title='bbox 138 3761 169 3825; x_wconf 91' lang='lat' dir='ltr'><strong>in</strong></span> <span class='ocrx_word' id='word_1_314' title='bbox 186 3761 318 3847; x_wconf 87' lang='lat' dir='ltr'><strong>spiritum</strong></span> <span class='ocrx_word' id='word_1_315' title='bbox 336 3770 470 3824; x_wconf 87' lang='lat' dir='ltr'><strong>sanctum</strong></span> <span class='ocrx_word' id='word_1_316' title='bbox 487 3759 531 3821; x_wconf 92' lang='lat' dir='ltr'><strong>ius</strong></span> <span class='ocrx_word' id='word_1_317' title='bbox 554 3777 589 3819; x_wconf 86' lang='lat' dir='ltr'><strong>ae</strong></span> <span class='ocrx_word' id='word_1_318' title='bbox 609 3767 784 3841; x_wconf 88' lang='lat' dir='ltr'><strong>potestatem</strong></span> <span class='ocrx_word' id='word_1_319' title='bbox 804 3759 946 3826; x_wconf 85' lang='lat' dir='ltr'><strong>baberent</strong></span> <span class='ocrx_word' id='word_1_320' title='bbox 970 3761 1034 3845; x_wconf 89' lang='lat' dir='ltr'><strong>(qui</strong></span> <span class='ocrx_word' id='word_1_321' title='bbox 1054 3762 1169 3845; x_wconf 87' lang='lat' dir='ltr'><strong>quidem</strong></span> <span class='ocrx_word' id='word_1_322' title='bbox 1190 3781 1206 3822; x_wconf 91' lang='lat' dir='ltr'><strong>a</strong></span> 
     </span>
    </p>
   </div>
   <div class='ocr_carea' id='block_1_7' title="bbox 54 3998 1209 4686">
    <p class='ocr_par' dir='ltr' id='par_1_11' title="bbox 54 3998 1209 4540">
     <span class='ocr_line' id='line_1_35' title="bbox 54 3998 1208 4068; baseline 0.003 -19"><span class='ocrx_word' id='word_1_323' title='bbox 54 4000 103 4064; x_wconf 76' lang='lat' dir='ltr'><strong>dn)</strong></span> <span class='ocrx_word' id='word_1_324' title='bbox 118 4005 178 4052; x_wconf 85' lang='lat' dir='ltr'><strong>nttit</strong></span> <span class='ocrx_word' id='word_1_325' title='bbox 192 4003 315 4066; x_wconf 80' lang='lat' dir='ltr'><strong>omblpo.“</strong></span> <span class='ocrx_word' id='word_1_326' title='bbox 349 4005 436 4065; x_wconf 80' lang='lat' dir='ltr'><strong>ltiter,</strong></span> <span class='ocrx_word' id='word_1_327' title='bbox 463 4015 608 4066; x_wconf 78' lang='lat' dir='ltr'><strong>puonnqnonn</strong></span> <span class='ocrx_word' id='word_1_328' title='bbox 642 4013 762 4064; x_wconf 80' lang='lat' dir='ltr'><strong>personas</strong></span> <span class='ocrx_word' id='word_1_329' title='bbox 786 3998 947 4068; x_wconf 85' lang='lat' dir='ltr'><strong>propriorum</strong></span> <span class='ocrx_word' id='word_1_330' title='bbox 962 4005 1012 4050; x_wconf 85' lang='lat' dir='ltr'><strong>cett.</strong></span> <span class='ocrx_word' id='word_1_331' title='bbox 1048 4002 1106 4050; x_wconf 83' lang='lat' dir='ltr'><strong>ntttt</strong></span> <span class='ocrx_word' id='word_1_332' title='bbox 1126 4002 1208 4052; x_wconf 83' lang='lat' dir='ltr'><strong>uiden·</strong></span> 
     </span>
     <span class='ocr_line' id='line_1_36' title="bbox 54 4071 1209 4134; baseline 0 -16"><span class='ocrx_word' id='word_1_333' title='bbox 54 4071 122 4120; x_wconf 81' lang='lat' dir='ltr'><strong>mlnus</strong></span> <span class='ocrx_word' id='word_1_334' title='bbox 143 4073 259 4132; x_wconf 67' lang='lat' dir='ltr'><strong>redimire,</strong></span> <span class='ocrx_word' id='word_1_335' title='bbox 284 4073 380 4134; x_wconf 72' lang='lat' dir='ltr'><strong>compti</strong></span> <span class='ocrx_word' id='word_1_336' title='bbox 403 4074 421 4122; x_wconf 93' lang='lat' dir='ltr'><strong>l.</strong></span> <span class='ocrx_word' id='word_1_337' title='bbox 436 4073 463 4121; x_wconf 82' lang='lat' dir='ltr'><strong>li.</strong></span> <span class='ocrx_word' id='word_1_338' title='bbox 482 4073 608 4121; x_wconf 74' lang='lat' dir='ltr'><strong>codetanus</strong></span> <span class='ocrx_word' id='word_1_339' title='bbox 641 4073 680 4117; x_wconf 83' lang='lat' dir='ltr'><strong>tur</strong></span> <span class='ocrx_word' id='word_1_340' title='bbox 693 4071 869 4130; x_wconf 83' lang='lat' dir='ltr'><strong>transponendo</strong></span> <span class='ocrx_word' id='word_1_341' title='bbox 886 4071 943 4118; x_wconf 84' lang='lat' dir='ltr'><strong>baec</strong></span> <span class='ocrx_word' id='word_1_342' title='bbox 956 4071 1007 4130; x_wconf 85' lang='lat' dir='ltr'><strong>ito,</strong></span> <span class='ocrx_word' id='word_1_343' title='bbox 1025 4074 1046 4119; x_wconf 83' lang='lat' dir='ltr'><strong>et</strong></span> <span class='ocrx_word' id='word_1_344' title='bbox 1061 4073 1122 4119; x_wconf 85' lang='lat' dir='ltr'><strong>corrt</strong></span> <span class='ocrx_word' id='word_1_345' title='bbox 1139 4071 1209 4132; x_wconf 83' lang='lat' dir='ltr'><strong>cndu,</strong></span> 
     </span>
     <span class='ocr_line' id='line_1_37' title="bbox 55 4085 1209 4202; baseline 0.004 -18"><span class='ocrx_word' id='word_1_346' title='bbox 55 4135 107 4185; x_wconf 78' lang='lat' dir='ltr'><strong>tce.</strong></span> <span class='ocrx_word' id='word_1_347' title='bbox 132 4143 173 4188; x_wconf 87' lang='lat' dir='ltr'><strong>Gr.</strong></span> <span class='ocrx_word' id='word_1_348' title='bbox 199 4141 301 4189; x_wconf 83' lang='lat' dir='ltr'><strong>itonam.</strong></span> <span class='ocrx_word' id='word_1_349' title='bbox 324 4145 378 4188; x_wconf 83' lang='lat' dir='ltr'><strong>torn.</strong></span> <span class='ocrx_word' id='word_1_350' title='bbox 396 4141 447 4200; x_wconf 83' lang='lat' dir='ltr'><strong>itt,</strong></span> <span class='ocrx_word' id='word_1_351' title='bbox 470 4153 527 4202; x_wconf 80' lang='lat' dir='ltr'><strong>pop.</strong></span> <span class='ocrx_word' id='word_1_352' title='bbox 539 4137 607 4200; x_wconf 74' lang='lat'><strong>669,</strong></span> <span class='ocrx_word' id='word_1_353' title='bbox 641 4133 809 4202; x_wconf 77' lang='grc' dir='ltr'><strong>προςέπηξαν,</strong></span> <span class='ocrx_word' id='word_1_354' title='bbox 827 4129 1049 4200; x_wconf 70' lang='grc' dir='ltr'>ἀνακρεμάσαντες</span> <span class='ocrx_word' id='word_1_355' title='bbox 1067 4085 1154 4197; x_wconf 71' lang='lat' dir='ltr'><strong>ariade,</strong></span> <span class='ocrx_word' id='word_1_356' title='bbox 1173 4133 1209 4197; x_wconf 73' lang='lat' dir='ltr'><strong>oie</strong></span> 
     </span>
     <span class='ocr_line' id='line_1_38' title="bbox 54 4197 1207 4274; baseline 0.004 -23"><span class='ocrx_word' id='word_1_357' title='bbox 54 4205 144 4256; x_wconf 66' lang='lat' dir='ltr'><strong>nolens</strong></span> <span class='ocrx_word' id='word_1_358' title='bbox 159 4201 249 4270; x_wconf 78' lang='grc' dir='ltr'><strong>ἅνακρ.</strong></span> <span class='ocrx_word' id='word_1_359' title='bbox 266 4203 351 4271; x_wconf 75' lang='lat' dir='ltr'><strong>adedo,</strong></span> <span class='ocrx_word' id='word_1_360' title='bbox 370 4203 417 4266; x_wconf 80' lang='grc' dir='ltr'><strong>τὰς</strong></span> <span class='ocrx_word' id='word_1_361' title='bbox 433 4211 520 4274; x_wconf 81' lang='grc' dir='ltr'><strong>χεῖρας</strong></span> <span class='ocrx_word' id='word_1_362' title='bbox 535 4205 607 4271; x_wconf 73' lang='grc' dir='ltr'>ἐπέρ·</span> <span class='ocrx_word' id='word_1_363' title='bbox 642 4197 684 4256; x_wconf 84' lang='lat' dir='ltr'><strong>niel</strong></span> <span class='ocrx_word' id='word_1_364' title='bbox 698 4201 763 4256; x_wconf 76' lang='grc' dir='ltr'><strong>κατὰ</strong></span> <span class='ocrx_word' id='word_1_365' title='bbox 779 4201 825 4270; x_wconf 74' lang='grc' dir='ltr'><strong>τήν</strong></span> <span class='ocrx_word' id='word_1_366' title='bbox 842 4201 930 4269; x_wconf 70' lang='grc' dir='ltr'><strong>μανίαν</strong></span> <span class='ocrx_word' id='word_1_367' title='bbox 946 4207 995 4264; x_wconf 63' lang='lat' dir='ltr'><strong>ivel</strong></span> <span class='ocrx_word' id='word_1_368' title='bbox 1013 4201 1078 4270; x_wconf 80' lang='grc' dir='ltr'>μετὰ</span> <span class='ocrx_word' id='word_1_369' title='bbox 1094 4205 1144 4270; x_wconf 80' lang='grc' dir='ltr'><strong>τῆς</strong></span> <span class='ocrx_word' id='word_1_370' title='bbox 1159 4222 1207 4270; x_wconf 85' lang='grc' dir='ltr'><strong>μα-</strong></span> 
     </span>
     <span class='ocr_line' id='line_1_39' title="bbox 55 4268 1208 4341; baseline 0.004 -20"><span class='ocrx_word' id='word_1_371' title='bbox 55 4285 131 4338; x_wconf 72' lang='lat' dir='ltr'><strong>perat,</strong></span> <span class='ocrx_word' id='word_1_372' title='bbox 149 4281 170 4325; x_wconf 86' lang='lat' dir='ltr'><strong>et</strong></span> <span class='ocrx_word' id='word_1_373' title='bbox 186 4281 289 4337; x_wconf 73' lang='lat' dir='ltr'><strong>vertetu,</strong></span> <span class='ocrx_word' id='word_1_374' title='bbox 304 4275 368 4323; x_wconf 83' lang='lat' dir='ltr'><strong>sieut</strong></span> <span class='ocrx_word' id='word_1_375' title='bbox 384 4291 482 4340; x_wconf 83' lang='lat' dir='ltr'><strong>semper</strong></span> <span class='ocrx_word' id='word_1_376' title='bbox 499 4273 607 4324; x_wconf 71' lang='lat' dir='ltr'><strong>fumosus</strong></span> <span class='ocrx_word' id='word_1_377' title='bbox 641 4270 704 4334; x_wconf 75' lang='grc' dir='ltr'>νίας)</span> <span class='ocrx_word' id='word_1_378' title='bbox 724 4268 738 4324; x_wconf 82' lang='grc' dir='ltr'>ὁ</span> <span class='ocrx_word' id='word_1_379' title='bbox 755 4268 824 4324; x_wconf 74' lang='grc' dir='ltr'><strong>κύων</strong></span> <span class='ocrx_word' id='word_1_380' title='bbox 840 4269 887 4331; x_wconf 81' lang='grc' dir='ltr'><strong>τὰς</strong></span> <span class='ocrx_word' id='word_1_381' title='bbox 903 4276 991 4338; x_wconf 78' lang='grc' dir='ltr'><strong>χεῖρας</strong></span> <span class='ocrx_word' id='word_1_382' title='bbox 1006 4271 1146 4341; x_wconf 60' lang='lat' dir='ltr'><strong>crispeio,</strong></span> <span class='ocrx_word' id='word_1_383' title='bbox 1164 4271 1208 4326; x_wconf 77' lang='lat' dir='ltr'><strong>nal</strong></span> 
     </span>
     <span class='ocr_line' id='line_1_40' title="bbox 56 4337 1159 4407; baseline 0.007 -22"><span class='ocrx_word' id='word_1_384' title='bbox 56 4339 113 4388; x_wconf 75' lang='lat' dir='ltr'><strong>canis</strong></span> <span class='ocrx_word' id='word_1_385' title='bbox 127 4343 280 4407; x_wconf 77' lang='lat' dir='ltr'><strong>suspendens</strong></span> <span class='ocrx_word' id='word_1_386' title='bbox 297 4359 337 4400; x_wconf 85' lang='lat' dir='ltr'><strong>se,</strong></span> <span class='ocrx_word' id='word_1_387' title='bbox 364 4359 449 4391; x_wconf 79' lang='lat' dir='ltr'><strong>mannis</strong></span> <span class='ocrx_word' id='word_1_388' title='bbox 466 4341 562 4392; x_wconf 78' lang='lat' dir='ltr'><strong>invadit</strong></span> <span class='ocrx_word' id='word_1_389' title='bbox 578 4357 607 4392; x_wconf 82' lang='lat' dir='ltr'><strong>sc</strong></span> <span class='ocrx_word' id='word_1_390' title='bbox 642 4367 657 4377; x_wconf 93' lang='lat'>-</span> <span class='ocrx_word' id='word_1_391' title='bbox 674 4339 732 4393; x_wconf 84' lang='lat' dir='ltr'><strong>-el</strong></span> <span class='ocrx_word' id='word_1_392' title='bbox 767 4337 860 4400; x_wconf 76' lang='lat' dir='ltr'><strong>decret,</strong></span> <span class='ocrx_word' id='word_1_393' title='bbox 880 4339 925 4392; x_wconf 77' lang='grc' dir='ltr'><strong>καὶ</strong></span> <span class='ocrx_word' id='word_1_394' title='bbox 940 4341 1091 4406; x_wconf 81' lang='grc' dir='ltr'><strong>παρέδωκαν</strong></span> <span class='ocrx_word' id='word_1_395' title='bbox 1108 4343 1159 4393; x_wconf 69' lang='grc' dir='ltr'><strong>κτλ.</strong></span> 
     </span>
     <span class='ocr_line' id='line_1_41' title="bbox 55 4355 1207 4476; baseline 0.008 -23"><span class='ocrx_word' id='word_1_396' title='bbox 55 4405 127 4457; x_wconf 75' lang='lat' dir='ltr'><strong>mltos</strong></span> <span class='ocrx_word' id='word_1_397' title='bbox 150 4417 201 4460; x_wconf 85' lang='lat' dir='ltr'><strong>cett.</strong></span> <span class='ocrx_word' id='word_1_398' title='bbox 247 4413 375 4462; x_wconf 76' lang='lat' dir='ltr'><strong>comorius</strong></span> <span class='ocrx_word' id='word_1_399' title='bbox 397 4413 516 4461; x_wconf 79' lang='lat' dir='ltr'><strong>transtulit</strong></span> <span class='ocrx_word' id='word_1_400' title='bbox 540 4410 611 4460; x_wconf 83' lang='lat' dir='ltr'><strong>velut</strong></span> <span class='ocrx_word' id='word_1_401' title='bbox 680 4355 825 4461; x_wconf 41' lang='lat' dir='ltr'><strong>curib:—</strong></span> <span class='ocrx_word' id='word_1_402' title='bbox 858 4406 1071 4476; x_wconf 75' lang='grc' dir='ltr'>1.ἐπαγγέλλουσι</span> <span class='ocrx_word' id='word_1_403' title='bbox 1084 4412 1207 4462; x_wconf 78' lang='lat' dir='ltr'><strong>codltlne-</strong></span> 
     </span>
     <span class='ocr_line' id='line_1_42' title="bbox 55 4473 695 4540; baseline 0.008 -20"><span class='ocrx_word' id='word_1_404' title='bbox 55 4473 135 4526; x_wconf 84' lang='lat' dir='ltr'><strong>rabiosi</strong></span> <span class='ocrx_word' id='word_1_405' title='bbox 159 4495 232 4529; x_wconf 72' lang='lat' dir='ltr'><strong>caum</strong></span> <span class='ocrx_word' id='word_1_406' title='bbox 255 4479 453 4537; x_wconf 82' lang='lat' dir='ltr'><strong>insurrexerunt,</strong></span> <span class='ocrx_word' id='word_1_407' title='bbox 478 4487 504 4527; x_wconf 86' lang='lat' dir='ltr'><strong>et</strong></span> <span class='ocrx_word' id='word_1_408' title='bbox 524 4495 610 4528; x_wconf 85' lang='lat' dir='ltr'><strong>manus</strong></span> <span class='ocrx_word' id='word_1_409' title='bbox 645 4477 695 4540; x_wconf 76' lang='lat' dir='ltr'><strong>dig.</strong></span> 
     </span>
    </p>

    <p class='ocr_par' dir='ltr' id='par_1_12' title="bbox 55 4537 1208 4686">
     <span class='ocr_line' id='line_1_43' title="bbox 55 4537 1208 4614; baseline 0.01 -27"><span class='ocrx_word' id='word_1_410' title='bbox 55 4537 198 4606; x_wconf 84' lang='lat' dir='ltr'><strong>iniecerunt,</strong></span> <span class='ocrx_word' id='word_1_411' title='bbox 216 4547 286 4598; x_wconf 87' lang='lat' dir='ltr'><strong>velut</strong></span> <span class='ocrx_word' id='word_1_412' title='bbox 298 4563 399 4614; x_wconf 84' lang='lat' dir='ltr'><strong>semper</strong></span> <span class='ocrx_word' id='word_1_413' title='bbox 413 4563 469 4596; x_wconf 88' lang='lat' dir='ltr'><strong>cum</strong></span> <span class='ocrx_word' id='word_1_414' title='bbox 482 4547 551 4597; x_wconf 82' lang='lat' dir='ltr'><strong>rabie</strong></span> <span class='ocrx_word' id='word_1_415' title='bbox 568 4565 608 4597; x_wconf 86' lang='lat' dir='ltr'><strong>ca·</strong></span> <span class='ocrx_word' id='word_1_416' title='bbox 676 4551 701 4597; x_wconf 73' lang='lat'><strong>⁴2.</strong></span> <span class='ocrx_word' id='word_1_417' title='bbox 720 4549 874 4597; x_wconf 71' lang='lat' dir='ltr'><strong>Scriboniam</strong></span> <span class='ocrx_word' id='word_1_418' title='bbox 888 4553 947 4609; x_wconf 86' lang='lat' dir='ltr'><strong>pulo</strong></span> <span class='ocrx_word' id='word_1_419' title='bbox 969 4545 1004 4600; x_wconf 85' lang='lat' dir='ltr'><strong>Ti</strong></span> <span class='ocrx_word' id='word_1_420' title='bbox 1026 4544 1074 4614; x_wconf 75' lang='grc' dir='ltr'><strong>γὰρ</strong></span> <span class='ocrx_word' id='word_1_421' title='bbox 1095 4539 1156 4600; x_wconf 77' lang='lat' dir='ltr'><strong>dtto</strong></span> <span class='ocrx_word' id='word_1_422' title='bbox 1171 4545 1208 4606; x_wconf 74' lang='lat' dir='ltr'><strong>ti&lt;</strong></span> 
     </span>
     <span class='ocr_line' id='line_1_44' title="bbox 56 4607 1208 4686; baseline 0.009 -24"><span class='ocrx_word' id='word_1_423' title='bbox 56 4607 87 4658; x_wconf 79' lang='lat' dir='ltr'><strong>nu</strong></span> <span class='ocrx_word' id='word_1_424' title='bbox 100 4611 212 4668; x_wconf 73' lang='lat' dir='ltr'><strong>immissis</strong></span> <span class='ocrx_word' id='word_1_425' title='bbox 228 4628 301 4668; x_wconf 73' lang='lat' dir='ltr'><strong>anteo</strong></span> <span class='ocrx_word' id='word_1_426' title='bbox 317 4614 429 4668; x_wconf 79' lang='lat' dir='ltr'><strong>manibus</strong></span> <span class='ocrx_word' id='word_1_427' title='bbox 442 4614 556 4683; x_wconf 78' lang='lat' dir='ltr'><strong>invadit,</strong></span> <span class='ocrx_word' id='word_1_428' title='bbox 583 4623 608 4668; x_wconf 86' lang='lat' dir='ltr'><strong>ct</strong></span> <span class='ocrx_word' id='word_1_429' title='bbox 642 4608 671 4670; x_wconf 73' lang='lat' dir='ltr'><strong>td</strong></span> <span class='ocrx_word' id='word_1_430' title='bbox 688 4617 788 4684; x_wconf 76' lang='grc' dir='ltr'><strong>πνεῦμα</strong></span> <span class='ocrx_word' id='word_1_431' title='bbox 803 4611 832 4669; x_wconf 82' lang='lat' dir='ltr'><strong>cd</strong></span> <span class='ocrx_word' id='word_1_432' title='bbox 848 4608 927 4686; x_wconf 75' lang='grc' dir='ltr'><strong>ἅγιον,</strong></span> <span class='ocrx_word' id='word_1_433' title='bbox 946 4611 1028 4674; x_wconf 73' lang='grc' dir='ltr'>λοιπὸν</span> <span class='ocrx_word' id='word_1_434' title='bbox 1044 4612 1074 4672; x_wconf 80' lang='lat' dir='ltr'><strong>ed</strong></span> <span class='ocrx_word' id='word_1_435' title='bbox 1092 4609 1139 4670; x_wconf 76' lang='lat' dir='ltr'><strong>cdx</strong></span> <span class='ocrx_word' id='word_1_436' title='bbox 1154 4616 1208 4672; x_wconf 73' lang='grc' dir='ltr'><strong>κτλ.</strong></span> 
     </span>
    </p>
   </div>
   <div class='ocr_carea' id='block_1_8' title="bbox 0 0 1534 5026">
    <p class='ocr_par' dir='ltr' id='par_1_13' title="bbox 0 0 1534 5026">
     <span class='ocr_line' id='line_1_45' title="bbox 0 0 1534 5026; baseline 0 0"><span class='ocrx_word' id='word_1_437' title='bbox 0 0 1534 5026; x_wconf 95' lang='lat' dir='ltr'><strong> </strong></span> 
     </span>
    </p>
   </div>
  </div>
 </body>
</html>
