3042 5016
306 305 444 359 ransart
462 306 526 360 nro.
538 307 583 358 ιιι.
599 304 715 360 roret.
733 304 835 358 naun.
846 305 967 358 nxxrr.
1154 296 1217 362 ete

48 426 199 504 luntatcs,
224 437 255 491 et
268 426 463 510 cogitetiones
479 426 622 504 lubricae,
646 435 678 490 et
693 425 723 490 in
738 445 872 490 errorem
887 445 997 510 pronae
1014 438 1100 506 suntq
1124 447 1217 512 qnnn·
1236 427 1238 434 ’

47 529 207 614 doquirlem
227 549 262 593 ea
287 540 411 594 naturae
435 529 604 594 conditione
626 549 740 592 surnuo.
785 526 901 594 Natura
926 551 1014 614 porro
1037 529 1083 592 dei
1101 539 1131 592 et
1147 529 1216 594 sub·

47 632 160 696 stantia
183 632 300 696 dieitur.
347 629 434 714 Quod
460 641 557 696 autern
582 642 716 696 naturam
737 651 773 694 ao
793 641 947 710 naturam,
978 640 1008 694 et
1023 631 1216 698 substantium

46 746 138 818 etque
154 735 349 800 substantiam
370 734 525 814 andimus,
548 755 607 798 uon
628 733 696 798 ideo
715 732 971 818 incomparabilem
995 743 1112 818 oportet
1129 734 1214 800 doum

45 859 114 900 eum
135 847 240 901 natura
262 847 363 900 nostra
387 838 537 901 eonlorre.
584 835 695 900 Eadem
713 847 744 899 et
764 835 870 920 ubique
888 835 964 900 ratio
982 845 1046 912 est,
1077 835 1215 921 quioquid

45 939 83 1002 dc
105 940 164 1002 deo
190 940 335 1003 affirmare
361 939 504 1003 nolueris.
551 937 609 1004 Est
630 938 709 1002 enim
735 936 877 1002 eiusmodi
906 949 936 1002 nt
960 959 1026 1001 oum
1050 939 1130 1002 nullo
1155 938 1214 1005 aliu

45 1041 237 1106 commisceri
253 1051 303 1106 aut
322 1041 485 1126 eomparari
505 1041 616 1126 poscit,
641 1041 803 1126 perlectum
823 1041 958 1120 insece,
990 1061 1026 1104 ao
1044 1040 1087 1105 rei
1107 1041 1215 1106 nullius

44 1143 201 1226 indigens.
247 1141 301 1207 Est
328 1144 406 1208 enim
426 1164 478 1228 per
498 1164 531 1206 se
549 1143 614 1229 ipso
634 1163 740 1208 sensus
758 1153 789 1207 et
804 1163 856 1228 por
877 1163 911 1206 se
934 1143 1083 1210 voluntns.
1131 1139 1215 1208 Unde

44 1245 309 1330 incomparabilem
336 1245 513 1330 unicumque
540 1246 628 1309 lilium
657 1245 721 1310 sine
755 1245 813 1308 ulln
838 1247 1059 1330 eorrrparatione
1087 1245 1214 1329 gignens

43 1369 101 1412 nec
122 1347 287 1412 substantia
304 1349 367 1434 ipse
381 1369 435 1412 sua
452 1347 585 1435 privatus
598 1360 657 1426 est,
681 1368 736 1412 neo
753 1347 802 1411 ille
822 1367 908 1431 quem
925 1367 965 1412 ex
980 1368 1049 1412 seso
1063 1348 1158 1412 solum
1173 1369 1212 1414 ex

43 1451 113 1514 solo
133 1453 254 1534 genuit,
287 1471 382 1535 neque
401 1452 522 1536 spiritus
538 1461 670 1514 sauctus.
717 1445 777 1532 Qui
796 1450 883 1514 anrbo
900 1450 1007 1514 nullam
1024 1451 1214 1516 contesteris

43 1553 138 1616 rebus
152 1551 304 1637 dignitatis
319 1564 454 1630 naturae,
479 1552 528 1616 rel
545 1551 667 1616 alterius
684 1551 740 1630 rei,
764 1551 970 1637 aequalitatem
986 1552 1105 1616 babent.
1150 1551 1214 1616 Ne·

44 1675 104 1739 que
127 1673 202 1718 vero
217 1655 407 1740 semetipsum
424 1654 569 1739 privavit,
600 1654 665 1718 siro
683 1655 887 1732 affectionem,
917 1654 983 1718 sire
1000 1654 1213 1739 incomparabi-

44 1757 81 1820 lis
99 1756 197 1843 ipsius
213 1755 375 1822 divinitatis
393 1757 586 1823 substantiam
602 1767 738 1841 spectes,
764 1777 819 1821 neo
838 1757 934 1836 illius,
959 1757 1001 1820 uti
1019 1757 1101 1837 dixi,
1125 1757 1213 1821 sobo-

43 1860 103 1924 lenr
131 1869 257 1922 aeterno
282 1861 439 1946 splendore
463 1848 511 1926 est
535 1871 566 1923 et
584 1859 761 1944 aequalitate
780 1859 912 1944 privata,
945 1879 1020 1944 quae
1039 1858 1161 1943 perinde
1179 1879 1214 1924 ao

42 1962 171 2047 spiritus
192 1973 314 2028 sanetus
344 1984 409 2028 oum
440 1963 520 2026 nullo
551 1963 610 2028 ulio
633 1963 664 2026 in
692 1961 940 2046 comparationem
970 1961 1074 2026 deduci
1102 1971 1212 2046 potest,

42 2085 123 2149 quae
141 2065 333 2148 estperleete
352 2065 485 2144 trinitas,
510 2065 677 2150 perlaetus,
709 2064 847 2148 inquam,
880 2073 980 2149 peter,
1014 2065 1163 2148 perlectus
1181 2065 1225 2126 li·-

42 2168 124 2244 lius,
158 2168 309 2252 perlectus
334 2167 454 2253 spiritus
479 2176 612 2232 sanetus.
660 2164 745 2250 Quae
773 2166 889 2250 quidem
912 2164 1026 2228 trinitas
1049 2165 1078 2229 in
1097 2185 1131 2229 so
1154 2185 1214 2232 uun

42 2269 183 2334 confusio
200 2268 296 2353 aliqua
316 2279 380 2348 cst,
404 2280 455 2333 aut
472 2269 500 2332 in
517 2269 633 2355 seipso
652 2267 904 2354 perturbationem
921 2267 1007 2333 ullum
1026 2265 1131 2348 babet,
1162 2280 1214 2333 aut

42 2371 195 2456 quispiam
221 2371 297 2454 quod
320 2370 472 2438 inferioris
496 2370 673 2436 eonditiunis
690 2370 748 2450 sit,
782 2391 819 2436 ue
839 2370 864 2434 si
882 2371 1067 2434 discernatur
1090 2370 1212 2456 aliquid,

42 2473 277 2558 incomparabile
293 2473 388 2558 ipsum
407 2473 488 2538 tollat
509 2473 658 2551 emedio,
690 2483 742 2537 aut
757 2473 782 2538 si
798 2473 866 2557 quid
884 2482 1092 2538 commutatum
1111 2473 1211 2549 luerit,

42 2595 113 2640 esse
138 2575 254 2640 desinet
277 2574 443 2660 privatione
467 2574 634 2655 subletum,
665 2595 700 2640 ao
723 2575 786 2640 sola
811 2574 996 2654 habitudine,
1029 2595 1087 2640 non
1110 2596 1150 2642 ex
1168 2575 1213 2640 rei

43 2677 191 2752 veritate,
214 2688 266 2742 aut
281 2698 356 2741 roeo
372 2688 458 2741 tenus
475 2677 532 2754 ait,
557 2677 711 2762 obiterque
728 2678 925 2754 nominatum,
950 2698 985 2741 ae
1000 2676 1126 2763 deniqne
1143 2697 1213 2744 uus·

42 2803 135 2865 quam
152 2789 254 2860 extet,
290 2779 367 2864 quod
386 2799 475 2864 prora
493 2778 545 2844 tibi
561 2780 700 2864 opinione
718 2780 882 2864 confingis,
913 2800 952 2844 ert
973 2801 1029 2864 qua
1048 2781 1213 2865 scripturae

43 2882 122 2946 beno
146 2883 323 2946 seutentiam
340 2903 357 2946 a
375 2881 440 2946 idei
459 2883 646 2967 professione
670 2882 830 2946 excludere
850 2893 881 2945 et
899 2881 1068 2946 abiudirore
1090 2894 1213 2946 conteu-

41 2985 107 3062 dis,
136 2987 259 3048 Credere
273 2995 385 3066 oportet
403 2989 578 3048 mredentern
593 2989 633 3048 ud
648 2989 744 3060 deum,
774 2989 904 3067 pnonr'um
923 2997 982 3060 eet,
1006 2996 1036 3048 et
1051 2991 1366 3076 quaerenta2q,q,‚11‚1q

42 3090 95 3150 bue
112 3091 206 3168 r‘preum
230 3099 428 3152 remunerator
446 3099 499 3150 ert.
549 3086 613 3152 lion
637 3097 736 3150 eutem
757 3087 821 3150 solo
846 3087 875 3150 in
898 3097 982 3170 patre
1003 3085 1128 3172 intelligi
1154 3109 1213 3152 non
1422 3089 1427 3100 '

42 3199 157 3275 potest.
203 3185 282 3252 Nam
307 3188 356 3273 qui
383 3188 471 3252 lilium
498 3211 556 3254 non
578 3189 682 3266 babet,
717 3199 798 3275 patro
823 3210 938 3273 qunque
962 3209 1066 3254 carere
1088 3209 1214 3254 neeesse

42 3303 106 3370 est,
134 3300 166 3354 et
184 3289 234 3374 qui
250 3290 339 3356 filium
363 3290 511 3370 nominat,
535 3291 600 3355 sine
622 3290 726 3373 spiritu
748 3305 853 3356 sancto
877 3293 976 3355 lacero
999 3291 1076 3356 istud
1099 3291 1212 3377 nequit.

133 3389 191 3456 ΙΙΙ.
238 3390 295 3456 Est
309 3393 386 3456 enim
406 3413 440 3457 ro
461 3374 625 3478 ipsn⁸petcr
640 3413 730 3458 verus
746 3393 836 3472 deuo,
862 3405 893 3458 ιιι
909 3403 1034 3458 testatur
1052 3395 1141 3473 lilius,
1165 3393 1215 3478 qui

44 3495 131 3560 norit
146 3505 279 3581 patrem,
304 3505 334 3558 et
348 3515 420 3559 vcra
438 3495 491 3560 lux
508 3506 556 3560 est
572 3494 665 3572 lilius,
690 3495 738 3580 qui
756 3495 946 3581 cognoscitur
959 3496 1148 3582 eiusdemque
1171 3505 1214 3560 te·

43 3597 190 3662 stimonio
215 3597 400 3675 laularetur,
434 3608 464 3662 et
478 3596 600 3682 spiritus
617 3597 752 3664 veritatis
770 3609 817 3662 est
834 3598 973 3684 spiritus,
998 3598 1046 3684 qni
1064 3621 1122 3666 nou
1142 3598 1214 3662 alio·

45 3721 101 3764 nus
129 3710 195 3776 est,
226 3704 278 3762 red
301 3712 422 3783 oputre
438 3702 649 3782 proficiscitur,
684 3713 714 3764 ct
731 3703 829 3783 ofilio
853 3707 968 3784 ueor‘pr't.
1017 3703 1114 3786 Atque
1140 3700 1213 3766 bueo
1243 3717 1322 3768 tesan

45 3801 147 3864 omnia
175 3810 254 3866 tuam
279 3803 357 3867 illam
383 3811 624 3888 argumentorum
648 3803 773 3868 tabulam
797 3804 1054 3872 circumscribunt.
1105 3801 1214 3888 Neque
1244 3775 1323 3831 Μ

45 3911 71 3973 id
92 3910 265 3974 hortatione
283 3906 340 3970 ulla
356 3906 498 3990 perticere
515 3914 601 3989 potes
615 3917 647 3970 ut
661 3907 833 3971 Aristotelis
850 3905 1050 3993 praeceptoris
1069 3905 1109 3970 tul
1126 3905 1214 3970 disei-

46 4013 104 4097 pnli
135 4033 204 4076 csse
222 4010 365 4085 uelimus,
400 4017 450 4072 aut
469 4008 666 4093 piscatorum,
698 4010 746 4094 qui
764 4010 810 4073 dei
829 4010 932 4093 spiritu
950 4007 1113 4073 collustrati
1130 4019 1212 4087 suut,

47 4113 212 4178 doctrinam
232 4111 416 4194 relinquere,
441 4110 644 4174 illiteratorum
664 4110 779 4195 quidem
801 4122 831 4173 et
847 4111 980 4188 rudium,
1004 4109 1057 4174 sed
1077 4109 1213 4175 veritatis

47 4216 241 4280 nibilominus
258 4235 448 4300 praeconum,
467 4235 524 4296 quo
541 4233 663 4278 munere
677 4213 723 4278 dei
737 4214 844 4275 virtute
861 4233 895 4274 ae
908 4210 1051 4276 beuslioio
1068 4213 1212 4297 perluueti

47 4418 125 4488 ιιιιφή
143 4421 198 4472 edit·
215 4421 299 4474 remu.
647 4419 745 4482 ltludtq.

86 4493 125 4541 ιι.
144 4481 158 4541 t
176 4490 227 4538 aaa
247 4489 343 4552 amora.
684 4485 724 4538 tu.
753 4476 910 4554 γραμμάτων
943 4487 1012 4539 ouo.
1040 4501 1097 4540 no.
1125 4492 1147 4540 e
1175 4487 1212 4542 ιι

84 4559 124 4610 te.
152 4556 204 4610 τῶν
228 4553 310 4622 λόγων
335 4558 483 4608 demeretur
508 4559 534 4608 tn
563 4557 613 4608 ced
646 4557 722 4620 enne.
