3072 5002
302 369 440 423 ransart
458 369 523 423 ure.
537 369 581 423 nr.
598 369 681 424 rou.
692 369 712 420 r.
729 367 829 422 uana.
840 367 961 424 mur.
1149 359 1208 424 101

57 487 163 554 uindex
182 489 316 556 veritatis
330 491 415 570 dens,
440 490 488 577 qni
505 493 713 573 comprehendit
724 494 864 571 amabam
880 495 910 552 r'o
925 495 1032 553 cstutrlr
1048 512 1101 556 mm
1119 491 1137 532 *
1154 490 1174 534 *
1191 489 1365 563 *sumtus

56 591 99 674 qni
124 592 269 676 unigeniti
291 593 356 660 eins
380 593 434 658 lilii
455 592 678 676 cognationem,
709 589 834 656 similem
857 611 924 656 eum
939 591 970 655 in
988 593 1122 658 omnibus
1143 615 1212 660 esse

56 693 141 778 patris
165 697 348 777 asserendo,
381 717 479 760 coram
503 694 643 780 religioso
664 695 842 780 imperatore
860 693 1012 779 prolessus
1030 673 1098 760 est.l
1131 694 1211 762 Nam

56 795 176 882 etipse,
209 810 312 885 utpote
329 800 411 886 pins,
443 818 502 861 nou
526 796 613 860 aliter
637 797 672 860 de
694 807 819 883 patrono
843 817 897 861 suo
918 817 954 860 ao
974 807 1141 882 protectore
1157 820 1212 864 sno

54 899 136 964 unico
159 901 208 964 dei
233 902 295 966 lilio
312 899 475 979 sentiebat,
508 910 538 964 et
556 899 632 984 quod
649 898 796 964 sentiebat
811 899 859 985 pio
874 899 903 963 in
921 898 1056 965 omnibus
1074 923 1128 967 ore
1144 924 1211 987 pro·

55 1001 217 1084 nuntiavit3
240 1004 268 1067 id
285 1006 361 1090 pund
377 1024 432 1068 nos
448 1000 584 1068 catholici
600 1001 758 1080 credimus,
779 1000 902 1066 similem
918 1022 985 1066 esse
998 1005 1090 1089 patris
1105 1004 1209 1085 lilium,

54 1125 142 1189 nequa
166 1126 225 1192 per
248 1109 342 1193 ipsum
368 1105 586 1170 haeretieorum
613 1103 782 1168 insidiosam
810 1105 954 1168 adversus
978 1105 1210 1172 ecclesiasticam

55 1205 133 1270 fidem
161 1207 352 1273 calliditatem
380 1229 451 1274 suos
479 1226 654 1294 progressus
680 1205 857 1270 habituram.
915 1203 1001 1290 Quae
1027 1207 1211 1274 substantiae

54 1329 152 1372 nomen
176 1331 215 1374 eo
240 1311 365 1375 consilio
385 1322 509 1374 conatur
532 1310 728 1393 extinguere,
760 1318 791 1372 ut
807 1329 865 1372 non
885 1311 1074 1395 pronuntiata
1087 1311 1210 1395 amplius

53 1433 119 1475 noae
143 1413 331 1482 substantiae
359 1413 475 1477 demum
496 1412 527 1474 in
556 1411 725 1496 pectoribus
749 1410 925 1476 delitescens
943 1412 1076 1477 haeresis
1092 1413 1210 1499 impune

53 1526 213 1596 grassetur.
259 1511 371 1580 Verum
390 1513 439 1600 qui
452 1513 577 1580 similem
593 1532 661 1577 esse
678 1512 847 1588 voluntate,
871 1513 1035 1580 substantia
1058 1537 1132 1582 vero
1151 1515 1210 1580 dis·

53 1617 170 1683 similem
189 1617 282 1682 lilium
301 1639 370 1682 essa
385 1617 585 1702 scripserunt,
617 1613 725 1694 iidem,
757 1616 783 1678 si
804 1615 880 1680 bona
903 1616 962 1680 lide
979 1637 1015 1683 an
1036 1618 1153 1684 sincere
1169 1620 1210 1686 si·

54 1720 142 1784 mileru
161 1721 288 1785 eundern
304 1720 333 1784 in
352 1719 488 1784 omnibus
503 1738 571 1782 esse
587 1718 716 1782 confessi
734 1726 819 1797 sunt,
845 1719 1021 1786 vanissimos
1038 1741 1141 1789 eorum
1159 1743 1210 1786 co·
1239 1742 1242 1746 ·

54 1832 131 1886 natus
155 1841 228 1886 esse
252 1821 521 1908 deprehendemus,
557 1821 624 1885 dum
647 1820 830 1886 substantiae
856 1843 961 1887 nomeu
988 1823 1104 1909 eripere
1129 1825 1208 1890 omni

55 1925 239 1989 contentione
265 1926 397 1990 student.
442 1922 561 1987 Etenim
582 1921 610 1987 si
628 1922 657 1986 in
678 1923 830 2003 omuibus,
863 1935 896 1988 ut
919 1937 1072 2004 asserunt,
1104 1925 1208 1992 similis

54 2025 101 2106 sit,
131 2038 164 2094 ut
180 2037 230 2091 est
246 2047 279 2092 re
295 2048 386 2109 vera,
419 2026 492 2114 patri
513 2027 609 2105 filius,
642 2046 700 2089 non
718 2025 870 2089 voluntate
889 2036 919 2090 et
935 2027 1052 2092 actione
1069 2029 1151 2107 sola,
1175 2040 1208 2096 ut

53 2126 103 2193 illis
122 2131 239 2217 placet,
270 2131 321 2194 sed
339 2129 499 2195 existentia
517 2150 552 2192 ec
567 2127 730 2193 substantia
748 2138 778 2191 et
792 2129 822 2191 in
838 2148 874 2192 eo
889 2129 954 2214 ipso
970 2132 1046 2214 quod
1066 2141 1129 2211 est,
1162 2143 1207 2196 ut·

54 2243 112 2316 pote
129 2233 223 2313 lulius,
248 2232 351 2297 similis
368 2233 408 2297 sit
421 2252 545 2297 necesse
562 2242 620 2295 est.
665 2228 743 2295 Nam
762 2230 834 2294 haec
850 2230 987 2316 loquendi
1007 2233 1148 2311 formula,
1172 2237 1207 2297 ln

54 2337 187 2414 omnebus,
228 2335 367 2400 universa
401 2333 624 2421 complectitur,
663 2353 719 2396 nec
751 2333 840 2398 ullum
878 2333 1034 2399 discrimen
1067 2333 1205 2417 admittit,

55 2439 281 2524 quandoquidem
306 2437 336 2501 in
355 2439 493 2502 confesso
518 2437 592 2523 apud
612 2443 716 2500 omnes
734 2436 811 2500 istud
829 2447 891 2516 est,
922 2458 977 2501 nec
995 2436 1120 2502 similem
1138 2459 1206 2504 esse

54 2539 100 2602 sibi
117 2551 379 2626 patrem,·neque
395 2538 450 2604 sibi
467 2539 523 2626 ipsi
542 2537 653 2619 filium,
683 2539 736 2603 sed
760 2538 851 2604 hlium
871 2559 938 2604 esse
957 2541 1049 2624 patris
1066 2540 1203 2622 similem,

55 2651 80 2704 et
92 2663 125 2706 eo
140 2643 226 2730 ipso,
260 2645 336 2727 quod
353 2643 383 2706 in
404 2641 539 2707 omnibus
556 2641 632 2727 patri
648 2641 752 2706 similis
769 2652 832 2721 est,
861 2641 953 2707 lilium
971 2663 1058 2725 esse,
1082 2665 1142 2708 non
1156 2665 1206 2727 pa·

55 2753 129 2808 trem.
176 2743 238 2830 Qui
265 2745 381 2830 quidem
411 2745 543 2831 'perlecta
572 2746 744 2831 aperlecto
771 2755 854 2831 patre
882 2755 951 2808 ante
979 2745 1204 2831 intelligentiam

55 2865 178 2928 omnem,
204 2867 381 2932 omnemque
397 2847 559 2927 rationem,
585 2868 620 2911 nc
637 2857 787 2934 tempora,
819 2847 997 2934 saeculaque
1014 2848 1139 2931 epatris
1159 2859 1206 2914 est

55 2947 234 3015 similitudine
250 2950 385 3036 genitus,
410 2971 446 3015 eo
465 2950 570 3031 modo,
603 2971 688 3034 quem
705 2950 786 3015 solus
801 2950 955 3035 cognoscit
970 2959 1072 3034 pater,
1105 2951 1153 3035 qui
1169 2951 1205 3015 il·

55 3049 134 3116 lume
153 3055 254 3140 seipso
275 3053 350 3116 eitra
374 3052 542 3138 passionem
567 3073 683 3116 omnem
710 3052 823 3137 gennit.
869 3049 981 3117 Sedet
1005 3051 1083 3118 silius
1107 3053 1202 3133 uouit,

55 3153 94 3235 pni
116 3155 151 3220 ab
176 3176 214 3219 eo
237 3165 269 3219 nt
285 3165 365 3218 esset
386 3155 511 3239 accepit.
555 3153 651 3219 Novit
666 3166 815 3240 postremo
833 3165 864 3219 et
879 3155 906 3218 is
922 3154 969 3218 cui
985 3155 1034 3220 ille
1050 3154 1202 3236 revelarit,

55 3255 146 3342 cuique
169 3257 202 3321 in
225 3257 270 3322 sui
296 3257 542 3344 contemplatione
567 3257 738 3342 patrissui,
770 3268 803 3322 ut
820 3278 873 3344 par
891 3267 956 3336 est,
979 3257 1202 3342 intelligentiam

55 3360 238 3426 concesserit.

127 3459 241 3528 Verum
264 3482 301 3528 ne
318 3483 404 3548 quem
430 3463 628 3548 hypostaseon
646 3461 801 3549 appellatio
817 3464 881 3550 ipsa
900 3463 1063 3550 perturbet.
1109 3459 1156 3529 0b
1172 3463 1202 3526 id
1216 3473 1355 3544 crvat.

55 3561 119 3626 enim
141 3564 320 3651 hypostases
345 3564 381 3629 ab
406 3561 607 3631 Orientalibus
634 3576 828 3651 usurpantur,
862 3577 894 3630 ut
917 3587 1109 3653 personarum
1134 3585 1202 3651 pro-

55 3665 184 3744 prietates
212 3668 408 3733 subsistentes
435 3669 659 3753 existentesque
686 3668 847 3733 declarent.
892 3667 971 3734 Nam
996 3669 1052 3733 etsi
1080 3668 1202 3754 spiritus

56 3777 126 3846 pater
139 3781 200 3850 est,
223 3779 255 3834 et
272 3770 350 3834 filius
370 3769 501 3855 spiritus,
526 3780 556 3834 et
571 3771 693 3858 spiritns
710 3781 828 3837 sanatus
845 3771 909 3858 ipse
927 3771 1060 3858 spiritus,
1079 3791 1137 3834 non
1158 3781 1202 3832 te-

56 3885 109 3930 neo
124 3883 237 3957 patrem
252 3891 319 3937 esse
337 3873 427 3937 hlium
443 3873 622 3958 concipimus
640 3873 757 3954 animoa
780 3874 849 3959 quin
867 3884 896 3938 et
913 3874 1033 3960 spiritus
1048 3872 1112 3959 ipse
1131 3871 1201 3936 sub-

56 3966 135 4050 sistit,
156 3975 207 4060 qui
223 3995 406 4060 nequaquam
425 3975 503 4040 filius
520 3974 709 4061 intelligitur,
734 3978 895 4043 cuiusmodi
915 3999 972 4041 non
990 3986 1053 4056 est,
1077 3975 1129 4040 sed
1148 3995 1202 4060 per

56 4071 167 4157 seipsum
196 4077 317 4164 spiritus
340 4089 461 4142 sanctus
486 4077 536 4142 ille
561 4077 706 4143 subsistit.
754 4079 811 4144 llic
827 4080 905 4143 euim
924 4099 1019 4163 neque
1040 4088 1124 4164 pater
1139 4087 1199 4160 est,

56 4209 107 4258 latur
118 4211 207 4264 um
218 4213 288 4282 ipsos
303 4211 378 4266 nnt'ea
392 4213 600 4283 deprehendimus
633 4229 681 4268 csse
699 4218 774 4268 uideo.

57 4275 167 4344 ἀἱρήσω
184 4288 235 4334 cett.
668 4283 693 4336 8.
711 4281 743 4337 ts
759 4285 803 4337 τοῦ
820 4286 912 4336 ootetot
927 4285 1046 4336 Petuntur.

83 4345 103 4394 5·
119 4349 180 4400 lasum
194 4353 266 4414 uulgo
281 4344 365 4416 denec
383 4339 433 4404 oda.
669 4350 695 4403 9.
711 4350 922 4416 τέλειοειιιίσᾳω
939 4353 1006 4404 codd
1024 4367 1080 4404 msa.
1095 4351 1200 4415 τελείως

83 4409 104 4464 b.
121 4414 196 4483 petiens
214 4433 262 4469 nm.
281 4421 332 4470 cod.
351 4421 448 4482 stede.
635 4421 700 4472 emet

78 4477 104 4558 J·
130 4485 199 4549 tutpo
221 4480 298 4541 adada
321 4481 406 4541 αὐτὸν.
432 4489 479 4539 Sed
502 4491 602 4540 werram
673 4489 710 4541 10.
728 4480 806 4543 adrui
822 4491 889 4542 codd
904 4503 961 4541 ores.
973 4494 996 4540 et
1009 4491 1045 4542 ed
1058 4493 1134 4554 prtne
1268 4522 1271 4528 ·

59 4545 129 4607 ortt.
144 4555 422 4619 messanamque
429 4559 520 4609 menn
533 4562 602 4608 aom-
671 4556 711 4609 ιι.
728 4557 845 4628 παρέχων
860 4561 1013 4610 mosoma
1029 4561 1158 4611 coenum
1177 4563 1200 4612 a

58 4615 385 4676 *memmerunt
394 4625 469 4677 cotors
480 4627 603 4678 metum
635 4627 755 4680 Paternus.
789 4630 855 4680 man
870 4629 956 4680 nmen
971 4625 1096 4701 παρέχειν.
