3082 5006
281 227 322 292 τε
709 247 1019 304 ειυοτιιιιιιιιιιειι

281 361 438 441 σχίσματα,
467 363 543 444 μηδέ
570 364 736 448 διαιρέσεις.
782 357 875 432 Ούτοι
901 367 934 433 δέ
963 367 1004 450 μή
1022 364 1181 452 νοήσαντες
1205 367 1260 436 τδν
1279 377 1355 437 νοῦν
1379 379 1445 438 τιῦν

282 456 457 528 α’ποστόλοιν
483 466 533 530 καί
562 473 616 532 τοῦ
644 465 734 550 λόγου
761 475 816 534 τοῦ
838 471 1057 554 ἐμφερομένου,
1083 479 1140 536 τοῦ
1168 474 1201 538 ἐν
1229 480 1267 562 τῇ
1289 472 1444 554 Διατιίξει,

283 560 424 646 ἐνόμισαν
444 564 486 650 μή
508 593 569 633 που
591 564 650 652 ύρα
671 565 743 650 μετὰ
763 575 824 635 τῶν
843 566 995 636 Ἰουδαίων
1015 571 1071 656 χρὴ
1092 569 1125 640 τό
1150 571 1257 656 Πύσχα
1283 576 1443 642 ἐπιτελεῖν·
1527 567 1528 642 ?

282 663 344 747 ίίμα
372 668 405 732 δέ
434 671 485 734 καί
514 671 723 736 πεντεκαιδέκα
752 670 912 738 ἐπίσκοποι
940 671 1093 758 γεγόνασιν
1121 679 1155 743 ἐκ
1183 683 1359 761 περιτομῆς,
1387 679 1445 742 καί

281 768 369 850 ἐχρῆν
396 767 462 836 τότε
488 778 548 836 τοῦτ
577 770 750 838 ἐπισκόπων
771 775 804 838 ἐκ
826 781 986 857 περιτομῆς
1006 771 1103 842 ύνιιιν
1124 780 1158 844 ἐν
1174 771 1368 862 Ἰερουσαλὴμ
1387 805 1444 842 κα-

280 871 488 937 τασταθέντων
508 869 561 938 τόν
582 872 679 938 πάντα
694 873 808 957 κόσμον
829 872 947 952 τούτοις
968 877 1163 958 συνέπεσθαι,
1184 883 1236 946 καλ
1257 877 1317 962 μετ’
1339 879 1444 944 αύτοῦν

282 971 435 1054 ἐπιτελεῖν,
463 977 515 1040 ’ίνα
536 979 589 1056 μία
609 1001 653 1051 τις
676 977 799 1061 χένηται
825 980 1000 1060 συμφωνία,
1031 981 1082 1044 καλ
1113 984 1166 1063 μία
1193 977 1353 1066 ύμολοχία,
1386 983 1444 1062 μία

281 1073 368 1159 ἐορτή
384 1077 600 1158 ἐπιτελουμένη.
645 1075 702 1144 Διό
721 1079 841 1144 ἐκείνων
861 1075 882 1160 ἦ
904 1079 1051 1160 ἐπιμέλεια
1071 1079 1125 1146 τόν
1145 1088 1218 1147 νοῦν
1238 1090 1297 1148 τοῦτ
1318 1078 1444 1166 ύιιθροί-

280 1200 347 1240 πων
368 1174 540 1262 συνάγουσα
561 1179 602 1254 είς
622 1179 728 1246 ένασιν
749 1185 803 1262 τῆς
823 1180 991 1262 ἐκκλησίας,
1014 1180 1056 1263 μή
1075 1185 1241 1264 δυνηθεῖσα
1261 1180 1312 1249 τόν
1332 1189 1442 1248 τοσοῦ-

281 1302 333 1342 τον
350 1275 459 1363 χρόνον
476 1281 712 1362 ἐπιτελεσθῆναι,
735 1280 889 1364 εύδοκήσει
910 1289 987 1347 θεοῦ
1009 1283 1059 1350 ἐπί
1076 1287 1303 1350 Κονσταντίνου
1327 1286 1443 1370 ἐγένετο

159 1399 211 1446 εει·
223 1388 269 1435 811·
283 1374 424 1460 ύμονοίας
447 1381 540 1446 ἕνεκα.
586 1379 676 1467 Παρδ
703 1389 767 1458 τοῖς
787 1381 966 1460 ἀποστόλοις
987 1384 1019 1449 δέ
1040 1381 1074 1450 τό
1096 1383 1187 1469 βητδι
1209 1383 1274 1450 ῡδό
1294 1381 1445 1468 όμόνοιαν

283 1481 450 1566 ἐμφέρεται,
464 1479 507 1558 τίς
521 1483 754 1567 ἐπιμαρτυροῦσι
772 1485 904 1569 λέγοντες
920 1483 977 1564 ότι,
1001 1481 1113 1551 Κύντε
1129 1493 1316 1570 πλανηθῶσι,
1343 1487 1444 1570 ομηδέ

281 1577 353 1663 ύμῖν
374 1584 490 1665 μελέτω.
531 1582 580 1662 Ἐξ
602 1580 702 1650 αύτοῖν
724 1584 757 1650 δέ
777 1591 838 1650 τῶν
859 1588 952 1652 ἐκεῖσε
973 1588 1133 1672 εἰρημένων
1158 1590 1258 1673 βητοῦν
1277 1585 1298 1671 ἦ
1319 1586 1443 1654 (ἐντίθε-

281 1702 328 1758 σις
358 1681 534 1767 ὀφθήσεται.
580 1684 738 1753 Φύσκουσι
767 1684 823 1772 χδρ
853 1684 908 1770 τὴν
934 1686 1101 1774 ἆγρυπνίαν
1127 1690 1229 1775 φέρειν
1257 1690 1444 1772 μεσαζόνταν

280 1789 342 1850 τοῦν
360 1782 501 1868 Ἅζύμαν.
549 1783 595 1854 on?
617 1787 742 1854 δύναται
762 1788 795 1855 δέ
815 1795 905 1855 τοῦτο
926 1789 1053 1857 πάντοτε
1074 1791 1214 1880 γενέσθαι
1235 1792 1268 1858 ἐν
1288 1797 1324 1882 τῇ
1342 1789 1444 1880 ψήφῳ

280 1893 318 1976 τῇ
340 1889 572 1981 ἐκκλησιαστικῇ.

248 2201 265 2259 ‘.
362 2196 417 2262 Ἐκ
432 2203 521 2283 τριῶν
546 2194 602 2283 χείρ
624 2198 800 2278 συνέστηκεν
822 2193 913 2262 ότοῦ
936 2195 1043 2280 Πύσχα
1063 2196 1243 2281 σύνδεσμος,
1275 2197 1308 2262 έκ
1330 2221 1361 2262 τε
1387 2203 1444 2264 τοῦ

280 2293 405 2380 ἡλιακοῦ
421 2296 536 2380 δρόμου
550 2296 602 2363 διαί
619 2297 674 2380 τήν
690 2297 837 2382 κυριακήν
852 2299 902 2362 καλ
918 2297 971 2364 τόν
987 2304 1076 2382 μῆνα,
1099 2302 1132 2364 ἐκ
1149 2325 1179 2365 τε
1196 2306 1251 2365 τοῦ
1264 2304 1442 2380 σεληνιακοῦ

280 2399 412 2481 δρόμου,
441 2397 492 2464 έιοί
515 2397 549 2464 τό
571 2395 647 2464 κατό
666 2397 720 2464 τόν
733 2396 842 2482 νόμον,
871 2398 955 2476 ὅπως
977 2402 1009 2466 ἐν
1021 2407 1060 2490 τῇ
1078 2399 1373 2488 τεσσαρεςιιαιδεκότη
1391 2407 1445 2482 τῆς

280 2499 404 2582 σελήνης
417 2507 498 2589 ταθῇ
518 2497 574 2565 1τδ
591 2499 708 2584 Πάσχα,
732 2497 773 2576 τίς
790 2497 900 2567 είπενδ
915 2499 1016 2584 νόμος.
1047 2499 1123 2568 Ούτε
1138 2495 1194 2568 σύν
1207 2502 1332 2568 δύναται
1345 2498 1445 2584 ύχθῆ-

280 2627 340 2680 ναι,
356 2599 409 2666 ἐόν
421 2600 464 2684 μη
474 2598 592 2691 ύπερβῇ
607 2603 752 2686 ἐσημερία,
767 2601 841 2687 ὅπερ
857 2601 939 2686 παροδ
954 2612 1018 2679 τοῖς
1028 2600 1183 2680 Ἰουδαίοις
1199 2601 1237 2669 ού
1249 2600 1443 2684 φυλάσσεται,

281 2702 354 2768 ούδέ
367 2701 478 2787 ἀκριβῆ
491 2705 615 2768 θέλουσι
627 2703 766 2785 τοιαύτην
781 2704 921 2770 ἐπιτελεῖν
933 2709 1147 2789 πραγματείαν
1170 2705 1286 2770 διέπεσε
1298 2700 1354 2790 χύρ
1372 2701 1443 2790 παρ’

280 2803 400 2884 αὐτοῖς,
428 2807 480 2870 καί
503 2803 653 2888 ἠπύτηται
675 2802 711 2868 τό
738 2801 844 2870 πάντα.
891 2803 977 2888 Πλέχν
1001 2809 1028 2870 εί
1052 2808 1104 2870 καὶ
1125 2804 1271 2888 τοσαύτης
1296 2804 1444 2887 ζητήσεως

281 2903 406 2989 ύπύρχει
419 2904 440 2989 ἡ
453 2905 575 2989 τοιαύτη
593 2905 745 2988 ἀκρίβεια,
774 2903 812 2970 ού
828 2903 878 2970 διδ
894 2904 948 2988 την
964 2905 1085 2988 ζήτησιν
1097 2905 1207 2990 ταύτην
1224 2909 1275 2974 ιιαλ
1289 2904 1344 2989 τήν
1359 2903 1445 2987 όκρέ-

281 3011 365 3092 βειαν
383 3017 448 3084 τοῖς
465 3006 641 3082 ιἰποστόλοις
658 3010 786 3090 είρηται,
816 3004 888 3071 ιἰλλιί
904 3005 942 3072 δι’
957 3004 1117 3089 όμόνοιαν,
1147 3012 1223 3074 ἐκαὶ
1249 3011 1277 3073 εί
1297 3005 1370 3090 μετιέ
1383 3013 1444 3073 τιῦν

281 3113 397 3195 ἐχθρῶν
412 3118 465 3175 τοῦ
483 3115 614 3196 Χριστοῦ
630 3110 770 3173 ἐπιτελεῖν
784 3110 817 3172 οί
829 3105 989 3174 ἀπόστολοι
1005 3111 1202 3193 προςέταξαν,
1225 3107 1267 3185 οἱς
1284 3100 1367 3175 οῦτοι
1383 3112 1442 3173 διί·

280 3217 474 3294 σχυρίζονται,
490 3210 576 3300 πόσῳ
594 3235 627 3296 χε
642 3216 751 3291 μᾶλλον
766 3207 804 3274 δι’
819 3206 962 3290 όμύνοιαν
975 3209 1046 3292 μετδ
1063 3219 1116 3294 τῆς
1132 3213 1286 3294 ἐκκλησίας
1304 3207 1359 3293 χρὴ
1379 3211 1443 3274 ἐπι-

282 3321 390 3391 τελεῖν,
421 3317 472 3378 ίνα
494 3311 536 3396 μη
558 3311 612 3395 την
627 3308 771 3394 ὁμόνοιαν
787 3311 959 3395 χαριίξαμεν
977 3317 1030 3394 τῆς
1045 3314 1215 3395 ἐκκλησίαςς
1237 3319 1304 3388 πῶς
1318 3303 1374 3404 ούν
1390 3309 1445 3376 δύ-

281 3439 368 3480 ναται
381 3423 528 3480 τελεῖσθαι
544 3421 648 3490 τοῦτο,
692 3415 822 3497 Λέγουσι
839 3411 897 3498 χείρ
915 3415 947 3476 οί
959 3411 1046 3478 αύτολ
1061 3409 1223 3479 ιίπύστολοι
1247 3411 1333 3490 θὸτι,
1347 3410 1445 3478 Ὅταν

283 3518 391 3582 ἐκεῖνοι
406 3514 588 3599 εὐωχοῦνται,
610 3511 695 3596 ύμεῑς
712 3510 900 3596 νηστεύοντες
915 3509 989 3597 ύπίρ
1006 3510 1105 3580 αὐτῶν
1122 3523 1272 3590 πενθεῖτε,
1294 3513 1341 3579 ὅτι
1357 3515 1391 3578 ἐν
1405 3522 1444 3604 τῇ

281 3614 377 3706 ἡμέρα
394 3625 448 3699 τῆς
469 3619 573 3702 ἑορτῆς
592 3613 646 3681 τόν
665 3613 795 3700 Χριστόν
815 3613 1017 3697 ἐσταύρωσαν·
1047 3616 1098 3682 καί
1114 3613 1186 3680 ὅταν
1204 3614 1290 3682 αύτολ
1307 3621 1445 3681 πενθῶσι

281 3718 318 3784 τύ
340 3716 456 3800 ’Ἆζυμα
482 3721 634 3793 ἐσθίοντες
660 3719 692 3782 ἐν
716 3721 862 3800 αικρίσιν,
893 3712 979 3798 ύμεῖς
1002 3714 1169 3800 εύωχεῑσθε.
1214 3721 1380 3800 Συμβαίνει
1409 3717 1444 3781 δέ

282 3817 393 3896 αύτούς
407 3823 439 3886 ἐν
455 3825 584 3907 κυριακῇ
600 3815 819 3906 ἡμέρχιἍζυμα
835 3816 1004 3900 λαμβάνειν.
1047 3816 1295 3900 Ἐπιιμωσιιούσης
1314 3815 1371 3903 χδρ
1388 3825 1446 3901 τῆς

282 3929 429 4006 κυριακῆς
444 3922 570 4005 έστιέρας
582 3921 725 3985 δύνανται
739 3917 828 3995 θύειν
842 3916 876 3985 τό
892 3918 1011 4002 Πύσχα·
1025 3918 1097 4002 μετέ
1118 3918 1174 4005 γδρ
1191 3921 1318 4006 έσπέραν
1334 3927 1443 4005 παρελ-

281 4021 393 4100 θόντος
413 4031 469 4090 τοῦ
487 4021 640 4106 σαββάτου
662 4021 699 4088 ού
722 4019 866 4086 δύνανται
884 4021 971 4106 ἐρχον
989 4024 1137 4086 ἐπιτελεῖν.
1174 4014 1252 4106 Ἀριι
1268 4019 1324 4106 χείρ
1341 4019 1444 4087 αύτοῦν

281 4124 457 4203 θυσιέντοιν,
488 4127 515 4190 εί
529 4127 688 4210 ἐγείρονται
704 4119 919 4204 εὐωχούμενοι,
941 4129 1006 4198 πῦς
1027 4120 1112 4204 ἡμεῖς
1128 4125 1161 4189 ἐν
1176 4128 1305 4212 κυριακῇ
1327 4121 1443 4204 πενθή-

315 4263 339 4315 5.
354 4257 387 4317 δι’
402 4258 519 4328 ὁμόνοιαι
534 4264 664 4314 nonhabet
681 4261 844 4322 τοδίλίιιιίίς.
913 4259 937 4310 2
955 4258 1000 4313 καὶ
1024 4259 1047 4312 εί
1063 4259 1129 4328 μετὰ
1149 4263 1233 4324 εοελμεί
1256 4261 1286 4311 δι
1309 4263 1445 4312 οοιιίιτίατιι

315 4329 339 4382 6.
357 4333 394 4381 λιι
410 4333 508 4392 fortasse
525 4329 626 4396 μηδλνλ
879 4331 981 4390 Patavii,
1003 4343 1049 4380 ιιοιι
1065 4330 1094 4378 δι
1108 4332 1222 4380 librorum
1237 4331 1376 4379 ουιίοτδίολι
1384 4363 1393 4389 ,
1417 4331 1444 4380 in

318 4396 376 4447 (διε.
386 4398 435 4446 XI.
445 4423 476 4436 -
497 4399 517 4449 1.
531 4399 566 4460 Cf.
575 4400 593 4449 ί.
604 4398 711 4462 senuaar
721 4397 842 4446 διΕιιιιιι·
875 4397 958 4458 quibua
969 4397 1030 4446 ι’λλιιδ
1043 4392 1065 4448 εί
1078 4397 1232 4448 desideratur.
1247 4398 1376 4447 Commu
1386 4411 1443 4444 τοπ-

282 4465 333 4516 act.
350 4467 457 4530 Τσυεμοσ.
473 4465 563 4530 mlo:
875 4465 944 4514 ντείλί
957 4461 979 4513 εἰ
996 4461 1063 4514 enim
1087 4473 1113 4514 et
1135 4479 1192 4514 cum
1215 4459 1330 4514 hostibus
1349 4461 1443 4513 Christi
