3058 5014
296 319 702 373 rannenma.1n.ron.r.
720 318 957 372 nasnmxxrr.
1145 307 1207 372 25³

133 435 255 506 Conlnt.
269 437 314 505 X.
361 436 455 504 lnstat
478 439 619 525 oppositis
644 439 807 504 rationibus
828 448 858 502 et
879 439 1061 523 argumentis
1089 438 1206 519 Attius,

58 540 208 606 dialecticis
230 541 353 608 vocibus
376 543 503 607 hurirano
524 543 643 626 ingenio
667 542 817 605 fabricatis
845 541 1094 625 comprehendere
1123 542 1207 605 deum

57 644 180 724 capiens,
204 665 238 707 ac
254 644 449 708 certissimam
466 643 612 710 evidentis
626 645 692 708 lidei
710 665 791 728 spem
809 643 967 706 dictionum
984 665 1103 708 suarum
1119 665 1208 728 argu·

57 746 99 809 tiis
123 747 258 810 mutilare
285 749 479 812 cenitendens.
526 744 628 830 ltaque
653 747 802 810 dissimilis
829 745 1001 810 vocabulum
1027 746 1210 812 dissimiliter

57 849 220 928 committit,
251 859 281 912 et
300 850 444 914 dictiones
460 849 532 913 alias
555 849 620 912 aliis
639 850 674 911 ad
696 849 887 912 evertendum
904 848 1028 929 inserit,
1062 860 1093 913 ut
1107 869 1142 914 ea
1162 871 1208 914 re·

55 950 127 1014 tione
144 952 296 1030 conliciat,
330 952 419 1016 lilium
436 953 526 1038 patris
546 973 614 1015 esse
632 951 820 1028 dissimilemq
853 952 929 1035 quod
946 952 1008 1016 lieri
1027 952 1107 1016 nullo
1123 954 1208 1016 modo

55 1064 156 1137 potest.
203 1051 305 1137 erare
328 1055 391 1118 suis
417 1053 480 1138 ipse
504 1053 684 1140 syllogismis
710 1075 746 1116 ee
768 1053 931 1118 rationibus
957 1055 1104 1140 capietur.
1156 1051 1208 1120 Sic

53 1157 123 1220 eninr
152 1157 297 1242 disputat:
330 1153 364 1222 Si
392 1159 523 1242 perlecta
546 1157 585 1220 sit
608 1155 708 1239 genita
734 1155 869 1234 soboles,
901 1156 1003 1220 eadem
1027 1157 1055 1221 iu
1075 1157 1209 1242 ingenito

54 1259 122 1338 erit,
155 1281 215 1323 nnn
239 1279 279 1323 ex
303 1259 340 1322 iis
363 1281 439 1343 quae
463 1280 528 1323 cum
551 1259 739 1342 ubingenito
758 1258 931 1342 gigneretur
947 1259 1084 1323 obtinmt.
1129 1257 1207 1323 Num

52 1361 144 1443 genita
164 1372 268 1428 natura
289 1362 319 1426 in
337 1361 469 1447 ingenita
485 1355 648 1425 substantia
667 1381 810 1425 essenon
829 1369 944 1446 potest3
976 1373 1058 1426 essct
1073 1361 1150 1426 eninr
1169 1363 1209 1426 si·

53 1463 106 1527 mul
120 1464 220 1541 idem,
252 1475 358 1528 etoeu
377 1476 469 1528 esset.
514 1461 593 1528 Nam
616 1463 841 1548 quodgenitum
866 1475 928 1544 cst,
960 1464 1122 1550 ingenitum
1150 1486 1209 1528 iren

52 1578 108 1644 est,
139 1567 261 1651 etquod
279 1566 441 1650 ingenitum
460 1577 524 1645 est,
557 1567 688 1650 genitum
709 1588 767 1631 non
787 1565 852 1630 luit.
897 1565 1014 1653 Quippe
1036 1566 1208 1632 dissimilem

51 1668 172 1752 aliquam
187 1669 244 1732 deo
260 1679 372 1754 partem
390 1668 519 1734 tribuere
536 1669 682 1733 maledicti
698 1670 728 1734 in
743 1689 808 1733 eum
823 1689 857 1732 ec
872 1669 1067 1734 contumeliae
1080 1670 1208 1755 speciem

52 1773 190 1853 praelert.
240 1769 289 1836 Ex
314 1772 419 1856 quibus
445 1772 519 1836 lalsa
545 1771 622 1836 illius
649 1792 684 1835 uo
708 1771 868 1836 mendaciis
894 1773 1005 1837 relcrta
1023 1771 1210 1838 conuincitur

52 1874 160 1952 oratio,
192 1871 278 1957 idque
301 1875 455 1960 perspicue
481 1884 613 1951 constat,
646 1873 815 1938 dissimilem
841 1875 932 1960 patris
954 1895 1021 1939 esse
1043 1875 1130 1940 tilium
1152 1898 1210 1940 riou

51 1994 155 2057 posse,
182 1997 277 2060 neque
305 1979 455 2063 perlectae
477 1975 622 2042 divinitati
648 1977 727 2040 illius
751 1976 947 2062 inaequalem.
995 1975 1112 2042 Etenim
1136 1999 1210 2063 quae

51 2078 169 2142 omnino
188 2079 270 2142 velut
289 2089 410 2144 coactus
426 2080 589 2164 eloquitur,
622 2099 656 2142 ea
674 2080 840 2144 sententiae
860 2101 933 2144 suae
951 2081 1099 2144 contraria
1117 2082 1210 2146 disse·

50 2179 101 2258 rit,
133 2181 202 2244 dmn
228 2180 345 2246 assidue
369 2181 498 2268 genitum
527 2193 556 2245 et
583 2183 743 2266 ingenitum
768 2182 852 2246 nobis
876 2182 1017 2246 obtrudit.
1069 2181 1155 2249 Unde
1180 2193 1210 2248 ct

50 2284 122 2365 quud
141 2285 178 2346 ad
196 2295 325 2348 ereetum
341 2283 563 2370 increatnmque
578 2296 710 2371 spectat,
740 2284 809 2349 illud
829 2307 885 2349 une
903 2285 1019 2348 discere
1036 2286 1138 2366 debet,
1169 2287 1211 2350 al·

49 2393 142 2448 terum
167 2407 233 2449 omn
254 2386 348 2450 alteru
373 2387 480 2451 nullam
500 2387 650 2471 dignitatis
674 2389 909 2452 communionem
929 2387 1054 2468 haberer
1087 2409 1162 2474 queo
1181 2389 1210 2454 io

49 2505 84 2549 ee
100 2487 200 2572 posita
220 2499 265 2552 est
280 2497 312 2552 ut
332 2498 423 2554 tntum
439 2490 479 2553 sit
493 2491 666 2555 adcretione
685 2492 931 2576 prosequendum.
978 2487 1012 2556 Si
1036 2490 1112 2554 enim
1134 2492 1209 2576 quod

48 2587 193 2655 dissimile
216 2601 262 2654 est
277 2613 344 2654 oum
364 2613 399 2654 eo
417 2592 499 2657 euius
519 2591 660 2658 dissimile
676 2609 722 2657 est
740 2594 934 2678 adaequatum
950 2594 1066 2680 penitus
1083 2591 1123 2656 sit
1140 2594 1212 2658 ado-

48 2695 187 2772 randum,
205 2713 280 2758 unus
293 2693 330 2757 ab
346 2694 495 2760 universis
511 2695 582 2759 nilit
600 2695 702 2760 axilla
719 2697 854 2760 oratione
870 2696 1094 2782 discrepaverit.
1130 2694 1209 2760 Tum

47 2796 123 2859 euim
142 2795 345 2861 conditionum
369 2797 419 2860 illa
441 2796 646 2862 dissimilitudo
666 2799 696 2863 in
717 2820 772 2864 sue
794 2799 897 2863 ordine
922 2819 958 2862 ac
976 2799 1117 2883 dignitate
1140 2821 1212 2862 ocu·

46 2895 134 2962 lineri
153 2919 214 2962 non
235 2896 360 2984 poteritq
386 2901 501 2963 tametsi
514 2921 601 2965 unum
619 2901 688 2966 illud
706 2901 832 2979 ceteris,
865 2923 941 2986 quae
959 2901 1110 2966 dissimilia
1130 2912 1210 2982 sunt,

46 3001 208 3085 splendere
226 3021 261 3064 ιο
280 3001 375 3086 gloria
394 3003 571 3068 antecellere
590 3004 721 3086 dicatur,
754 3004 792 3068 ob
819 3025 922 3068 eorum
947 3002 1211 3070 dissimilitudinem

42 3123 119 3186 quae
144 3125 214 3168 eum
238 3125 297 3168 unu
314 3105 480 3170 consociari
507 3107 728 3193 compararique
749 3129 806 3172 non
830 3118 965 3192 possunt.
1011 3104 1211 3190 Qiramobrcm
1320 3179 1325 3192 ,

45 3224 80 3267 eo
101 3207 224 3271 medem
243 3228 295 3272 res
310 3207 422 3274 recidet
439 3221 470 3274 ut
486 3210 550 3290 sol,
575 3211 660 3286 lune,
684 3210 799 3288 sidera,
824 3219 923 3289 terra,
954 3220 1040 3294 etque
1063 3209 1100 3274 iis
1122 3212 1211 3275 etiam

43 3305 193 3374 interiora
210 3331 344 3395 quaeque
361 3313 509 3377 adoranda
527 3312 699 3390 rideantur,
725 3332 819 3396 neque
836 3313 864 3376 id
882 3311 931 3376 inni
949 3334 1014 3376 eum
1030 3335 1089 3377 arro
1106 3313 1212 3400 spiritu

44 3413 231 3498 praecipium
255 3435 289 3478 ac
314 3415 536 3500 peculiarem,
570 3435 644 3499 qnae
668 3425 713 3478 est
735 3436 792 3479 una
811 3401 948 3492 irinitas,
980 3414 1118 3480 divinitas
1140 3438 1210 3496 una,

42 3525 72 3577 et
93 3515 294 3600 singulariter
315 3518 480 3583 adoranda.
532 3517 721 3604 Quapropter
746 3519 771 3582 si
800 3517 855 3582 hoc
879 3518 966 3581 modo
991 3518 1132 3602 colligere
1154 3520 1212 3584 ista

43 3617 126 3700 lieet,
155 3643 222 3684 cum
237 3621 279 3682 rei
296 3621 421 3685 ueritate
436 3633 668 3686 consentaneum
685 3621 742 3685 erit
758 3623 834 3705 quod
848 3619 964 3686 dieitur.
1010 3619 1118 3708 Neque
1133 3622 1212 3686 enim

42 3742 136 3786 caum
154 3722 277 3787 verbum
293 3721 470 3806 reliquorum
486 3723 582 3788 simile
597 3735 656 3802 cat,
680 3745 776 3809 oeque
793 3723 868 3788 lilius
885 3745 961 3789 unus
980 3724 1046 3788 aliis
1063 3725 1210 3804 omnibus,

44 3827 92 3911 qui
111 3845 170 3913 per
187 3825 358 3910 allegoriam
383 3826 426 3890 sie
446 3827 647 3912 appellantur,
679 3827 822 3912 aequalis.
867 3825 946 3890 Nam
964 3827 1043 3890 inter
1064 3827 1139 3891 alies
1159 3827 1212 3890 mi·

44 3931 125 3995 nime
145 3939 305 4008 censetur,
336 3930 389 3993 sed
407 3950 459 4015 per
474 3950 540 3994 eum
557 3929 605 3994 isti
625 3930 769 4016 procreati
788 3941 868 3994 sunt.
916 3927 961 3992 lta
982 3930 1058 4014 quod
1076 3929 1212 4015 impossi-

42 4031 103 4098 bile
139 4033 228 4096 initio
259 4033 411 4117 proposuit
437 4033 562 4114 Aetius,
598 4034 732 4118 quodque
756 4031 951 4097 contumeliae
980 4032 1009 4094 in
1039 4032 1141 4110 deum,
1177 4053 1212 4096 ac

43 4133 200 4200 maledicti
229 4136 357 4220 speeiem
388 4134 532 4215 habebat,
564 4135 601 4199 ob
625 4136 703 4200 illam
732 4157 818 4220 quam
842 4135 999 4199 affinxerat
1020 4135 1076 4197 deo
1099 4145 1210 4218 partem

42 4241 140 4324 (quae
158 4236 275 4322 quidem
293 4258 352 4301 non
368 4236 564 4318 dill'erentiae,
579 4238 631 4302 sed
649 4237 833 4323 aequalitatis
846 4257 913 4322 pers
926 4248 992 4316 est3
1017 4237 1092 4300 adeo
1106 4249 1138 4302 ut
1152 4259 1210 4302 non

43 4343 83 4407 sit
102 4339 252 4428 particula
272 4339 428 4418 divinitas,
460 4361 535 4425 quae
553 4339 768 4427 perfectissima
787 4360 905 4427 semper
921 4353 969 4406 est
984 4341 1014 4404 iu
1034 4339 1126 4405 tribus
1144 4363 1211 4428 per·

41 4445 134 4511 lectis
154 4441 340 4522 consistens,
365 4463 422 4506 una
440 4442 606 4528 diuinitas),
625 4443 697 4524 huc,
720 4442 852 4528 inquam,
876 4442 983 4530 ipsum,
1008 4444 1083 4530 quod
1101 4445 1137 4509 de
1152 4444 1214 4510 dis-

40 4549 137 4614 simili
153 4546 274 4628 iniecit,
298 4545 335 4610 ad
354 4545 509 4610 veritatem
526 4546 688 4612 catholicae
706 4545 773 4612 lidei
790 4545 1037 4612 corroborandam
1056 4547 1212 4636 plurimum
