3042 5016
228 316 246 347 θ
324 304 466 363 ῬΔΝΔΗΙΙ
482 305 546 357 LIB.
559 305 605 357 ttt.
622 303 704 356 ΤΟΜ.
718 305 738 355 1.
755 302 857 355 HAER.
871 301 992 354 Lxxvt
1178 291 1241 354 277

70 426 184 490 edonis
199 427 414 491 iacturaetaeta
431 425 629 490 conditionem
652 423 751 488 amisit
768 421 905 508 ingeniti.
953 419 1055 506 Quare
1074 421 1240 486 substantia

71 529 192 612 quidem
206 529 307 613 genita
323 528 431 606 fuerit,
456 527 619 612 ingenitum
639 537 737 590 autem
755 525 884 590 affectio.
932 521 1018 607 Quod
1035 525 1060 588 si
1076 525 1174 609 genita
1190 545 1240 590 so-

71 631 158 696 boles
178 631 334 695 transitum
349 630 494 718 quendam
512 627 677 714 significat,
708 649 767 694 non
791 625 908 692 dubium
928 637 975 692 est
989 627 1175 692 adiectionem
1193 629 1239 692 in-

71 734 174 800 dicare
199 745 330 814 certam,
361 731 424 798 sive
448 733 572 816 quadam
589 753 606 796 e
624 730 787 796 substantia
804 730 965 794 mutatione
987 731 1170 795 conformata
1184 732 1236 812 sit,

72 837 139 902 aive
163 837 219 900 hoc
240 838 334 922 ipsum
359 847 405 900 est
424 835 523 920 genita
547 834 666 898 soboles
689 834 765 917 quod
789 853 856 898 esse
880 833 997 898 dieitur.

160 935 313 1004 Contatat.
332 935 410 1002 XX.
456 934 482 1000 Ι.
507 933 678 1000 iamdudum
695 935 731 1000 de
750 936 805 1000 hoc
822 935 996 1022 privationis
1012 935 1132 1021 negotio
1148 936 1239 1002 motta

71 1063 139 1106 cum
155 1041 193 1108 iis
209 1041 258 1126 qui
278 1063 294 1104 a
313 1052 394 1104 recta
419 1040 474 1104 bde
498 1039 586 1104 alieni
614 1049 683 1102 sunt
704 1049 906 1103 consentanee
932 1038 1008 1102 dixit
1027 1037 1151 1118 Attius,
1187 1060 1238 1102 eo-

71 1147 199 1230 demque
221 1165 285 1207 cum
312 1143 368 1206 iliis
392 1143 489 1207 studio
512 1141 699 1227 oppugnandi
725 1140 860 1204 catholici
884 1140 1029 1224 dogmatis
1052 1141 1147 1206 elatus
1177 1152 1236 1221 est,

71 1249 148 1312 adeo
172 1245 287 1330 quidem
299 1288 320 1325 ,-
343 1245 414 1309 nihil
434 1255 500 1308 ute
519 1245 657 1308 sincerae
675 1243 742 1307 fidei
759 1243 939 1328 praescripto
963 1243 1150 1328 pronuntiet,
1183 1265 1238 1308 nec

70 1349 152 1414 iilius
175 1347 341 1414 sententiae
367 1347 535 1411 meminerit
557 1367 632 1431 quae
656 1346 799 1410 adversus
824 1366 876 1410 eos
900 1355 1111 1429 contorquetur
1130 1347 1238 1430 quiex

71 1453 194 1537 ingenio
217 1473 271 1516 suo
294 1451 434 1536 pleraque
459 1449 588 1514 inaniter
612 1448 765 1528 effutiunt,
799 1448 949 1532 nequead
974 1447 1041 1512 hdei
1065 1448 1237 1534 principium

70 1555 301 1619 adhaerescunt.
349 1550 433 1636 Quos
456 1552 571 1636 quidem
588 1551 633 1616 bis
650 1550 750 1616 verbis
775 1551 921 1636 scriptura
944 1551 1137 1616 condemnata
1168 1558 1234 1634 Ego
1258 1566 1352 1666 lqpmpp

71 1662 183 1720 dr'xie'u
199 1677 317 1718 εεεεεεει
335 1677 411 1730 aueo,
437 1659 533 1716 Omani
549 1657 781 1730 aomanorum,-
807 1654 895 1733 item,
925 1657 1173 1718 Humr'labtucsum
1189 1661 1233 1719 ai·
1298 1651 1306 1672 ’
1345 1651 1352 1664 ’

70 1765 137 1822 aad.
184 1756 274 1823 Nunc
290 1768 388 1822 autem
405 1757 434 1820 iu
449 1755 553 1820 iisdem
570 1777 638 1822 sess
655 1777 799 1835 versans,
824 1739 1236 1844 privationis„affectionisque

71 1883 197 1939 vocum,
233 1871 264 1925 et
287 1860 431 1926 humanae
454 1880 488 1922 ac
514 1857 644 1924 iubricae
670 1858 817 1945 opinionis
842 1869 1082 1942 argumentorum
1109 1881 1184 1924 onus
1206 1871 1238 1925 et
1355 1940 1359 1948 .

71 1963 240 2028 molestiam
259 1963 449 2049 praeferens,
482 1983 517 2025 ao
535 1961 707 2048 spiritaliter
723 1961 898 2028 diiudicatus
912 1962 1060 2047 proprium
1079 1962 1169 2027 animi
1182 1964 1237 2027 im·

70 2077 170 2152 petum
196 2065 233 2128 ab
256 2065 381 2130 hunana
405 2063 563 2128 calliditate
583 2066 745 2150 profectum
766 2062 891 2127 inhiberi
914 2065 1117 2148 conpatitur,
1150 2067 1237 2150 eique

70 2181 104 2234 nt
122 2170 159 2232 de
178 2170 233 2232 deo
248 2188 324 2252 quae
338 2166 411 2231 velit
426 2167 580 2251 eloquatur
596 2166 673 2232 laxis
698 2166 819 2232 habenis
840 2165 993 2251 permittit.
1041 2163 1121 2250 Quin
1135 2179 1166 2232 et
1181 2189 1237 2236 nos

70 2290 191 2357 qnoque
213 2281 279 2356 post
296 2269 387 2334 multa
406 2269 442 2332 de
461 2269 674 2354 privationibus
698 2269 789 2334 verba
815 2270 891 2334 iacta
916 2269 952 2332 ad
972 2267 1047 2334 idem
1072 2280 1236 2336 retractan-

68 2376 140 2438 dum
159 2395 194 2436 ac
212 2373 398 2437 refutandum
415 2371 548 2457 impellit.
594 2371 737 2436 sufficere
756 2371 871 2456 quidem
888 2381 1002 2456 poterat
1022 2373 1098 2457 quod
1113 2373 1148 2437 ad
1168 2394 1235 2439 eum

68 2476 266 2542 refellendum
282 2475 312 2538 in
329 2473 476 2560 superiori
495 2474 695 2539 confutatione
712 2474 856 2554 diximus,
880 2475 956 2559 quod
973 2485 1093 2561 propter
1111 2477 1235 2540 eandem

67 2588 312 2664 argumentorum
331 2577 389 2642 vim
406 2597 440 2640 ao
453 2575 671 2643 similitudinem
687 2577 829 2642 ambobus
842 2588 1053 2663 opponeretur.
1084 2575 1147 2643 set
1163 2601 1236 2663 quo-

68 2684 152 2748 niam
175 2703 270 2766 nequa
291 2680 474 2746 contumacis
497 2680 559 2745 oris
578 2701 685 2765 equum
703 2680 900 2745 infraenatum
918 2680 1085 2766 relinquere
1103 2701 1157 2766 par
1175 2693 1234 2762 est,

68 2786 138 2850 siva
165 2805 218 2869 per
240 2782 412 2869 praecipitia
438 2783 571 2863 seratur,
608 2783 672 2846 sive
697 2783 875 2848 concitatum
903 2804 1021 2847 cursum
1044 2785 1234 2869 represserit,

69 2907 169 2971 neque
188 2885 215 2950 ei
233 2885 342 2950 bomini
359 2884 408 2969 qui
427 2885 529 2948 eadem
553 2886 696 2950 adversus
719 2886 805 2950 fidem
831 2884 960 2950 inculcat
984 2886 1090 2950 cedere
1105 2896 1234 2972 oportet,

70 3001 103 3054 ut
121 3010 183 3054 nnn
201 2988 229 3053 ei
247 2988 484 3065 contradicatur,
516 2987 593 3052 buno
614 2987 644 3051 in
664 2988 781 3052 modom
806 2988 917 3052 idcireo
936 2987 1164 3073 disputabimus:
1201 2985 1236 3053 Si

72 3091 258 3177 privationes
277 3091 392 3175 quidem
412 3088 602 3154 affectionum
622 3091 764 3174 quandam
780 3091 944 3156 ablationes
957 3091 1034 3170 sint,
1058 3090 1234 3175 ingenitum,

71 3195 149 3278 quod
167 3194 225 3256 deo
241 3193 395 3273 tribuitur,
420 3192 468 3255 vel
483 3192 646 3256 affectionis
665 3193 807 3276 quaedam
826 3193 952 3278 privatio
969 3203 1028 3273 cst,
1052 3193 1100 3257 vel
1118 3193 1236 3258 affectio

72 3295 233 3382 privationi
250 3297 394 3382 opposita.
441 3291 533 3372 ltem,
557 3296 582 3358 si
599 3294 725 3380 privatio
742 3295 907 3360 affectionis
924 3306 982 3375 est,
1007 3317 1133 3380 quonam
1151 3307 1236 3382 pacto

70 3400 101 3464 id
124 3399 284 3484 qnodUnon
308 3397 386 3463 inest
407 3398 463 3460 deo
486 3408 622 3480 tanquam
645 3396 717 3461 insit
739 3398 895 3462 tribuitur?

162 3497 203 3564 ΙΙ.
249 3500 297 3564 Ad
331 3499 408 3564 buno
434 3500 541 3584 igitur,
574 3499 622 3564 rel
649 3501 685 3564 ad
709 3500 797 3564 istum
829 3501 944 3566 modum
974 3501 1106 3586 cogitare
1138 3511 1234 3586 potes,

70 3603 164 3680 Asai,
199 3623 235 3666 ac
252 3603 288 3665 de
309 3603 365 3667 deo
388 3603 588 3666 coniecturam
606 3622 732 3688 capere,
763 3613 813 3668 tna
831 3624 904 3668 vero
927 3603 1115 3669 nibilominus
1132 3603 1161 3668 in
1179 3604 1237 3689 pri·

72 3706 295 3770 rationemors
318 3705 496 3769 versabitur.
544 3703 662 3768 Etenim
689 3707 844 3790 quantavis
860 3727 895 3770 se
914 3707 1102 3772 contentione
1121 3706 1236 3770 animus

71 3818 143 3872 tuns
155 3807 192 3870 ad
210 3808 294 3870 deum
312 3807 425 3892 erigat,
449 3807 474 3870 ai
492 3806 585 3871 solam
604 3807 688 3872 tidem
708 3819 738 3872 et
752 3807 987 3888 admirationem,
1002 3818 1042 3872 ‘ct
1059 3808 1177 3874 enixam
1196 3830 1237 3874 ex

74 3922 139 3974 toto
161 3920 280 3995 pectore
298 3909 547 3996 praedicationem
567 3910 716 3996 excipias,
747 3932 785 3976 co
803 3913 920 3976 tandem
937 3911 1080 3996 redigeris
1100 3922 1133 3976 ut
1148 3933 1236 3998 appa·

73 4021 144 4076 reat
158 4013 244 4076 deum
263 4021 291 4075 te
310 4012 584 4077 ratiocinationibus
606 4014 724 4097 assequi
750 4015 867 4078 minime
888 4013 1037 4099 potuisse,
1072 4033 1127 4077 neo
1143 4013 1236 4099 ipsius

74 4116 187 4193 hlium,
219 4134 274 4179 nee
297 4114 431 4200 spiritum
457 4125 610 4193 sanctum,
644 4135 681 4179 nc
705 4125 734 4179 te
756 4117 912 4182 convincat
938 4117 1010 4180 dens
1037 4137 1072 4180 ac
1092 4116 1237 4182 mendacii

73 4217 254 4300 redarguat,
286 4228 318 4280 nt
336 4217 477 4302 scriptam
502 4227 559 4282 est.
605 4215 689 4301 Ergo
713 4229 741 4280 et
760 4219 933 4283 affectiones
952 4218 982 4282 in
1001 4218 1104 4297 nobis,
1136 4229 1167 4283 ct
1183 4203 1237 4284 ross

71 4355 335 4489 wammeh
358 4425 410 4474 aaa.
428 4425 473 4474 aa.
493 4430 515 4476 a
534 4427 591 4476 aaut
611 4427 640 4476 u-
673 4356 1097 4493 mmqopqppquppp‘pmq).
1129 4360 1237 4410 rm

72 4495 116 4542 trt
153 4486 324 4557 περισκᾶμενη
343 4493 393 4542 cod.
409 4493 508 4556 sstedtp.
541 4509 640 4560 περικε-
711 4491 748 4542 10.
766 4484 820 4546 δᾶν
836 4485 896 4560 (δᾶν
909 4495 960 4546 cod.
975 4495 1168 4563 aucupata.
1181 4509 1236 4548 nana.

72 4557 190 4630 κομμένη
211 4573 289 4624 neap.
307 4561 344 4612 ert
363 4561 444 4610 Petoo.
461 4565 508 4629 teat
525 4563 576 4614 cort
591 4565 642 4614 Po·
673 4565 696 4612 et
713 4561 768 4614 cdtt.
784 4564 860 4628 princ
