3042 5016
321 232 457 286 rinnau
474 233 537 286 ure.
548 225 594 287 tu.
612 231 695 286 uon.
703 235 723 285 1.
740 233 972 287 nnsnmxxvt.
1166 223 1229 286 327

58 373 95 416 ac
109 353 302 418 tenebrarum
316 351 458 418 vocabola
476 353 657 438 pronuntiet,
682 373 758 436 quae
775 352 925 418 auditione
944 352 1099 434 didicerat,
1125 353 1228 419 borum

57 465 162 519 tamen
178 455 301 540 figuram
316 477 351 520 ae
364 455 493 541 speciem
507 455 626 520 minime
642 456 807 540 cognoscit,
829 477 883 519 nec
902 455 1063 520 cuiusmodi
1080 457 1120 520 sit
1135 458 1229 544 expli·

59 579 132 621 oare
148 567 263 642 potest,
288 558 365 642 quod
384 558 420 622 ab
436 569 521 622 utero
540 558 641 622 matris
661 579 768 622 coecus
785 557 947 643 prodierit,
975 579 1011 621 ae
1028 560 1150 644 proinde
1167 560 1229 623 sin·

59 660 199 744 gulosum
229 661 416 747 qualitatem,
457 661 645 740 discrimina,
687 660 839 745 ligurasre
878 662 1048 725 discernere
1088 673 1226 745 nequent.

61 760 225 845 Quodlibet
245 764 322 827 eninr
341 765 464 828 istorum
483 765 632 827 nominum
652 784 791 827 sensuum
809 763 990 849 perceptioni
1010 763 1228 849 experientiae-

59 887 120 950 que
144 877 374 931 consentaneam
400 866 529 952 speeiem
557 864 713 951 exprimit,
747 865 799 927 sed
821 886 855 929 ea
881 886 1018 930 sermone
1039 867 1182 930 declarari
1200 869 1228 932 ei

60 968 111 1053 qui
129 990 188 1032 uon
205 967 283 1032 illam
307 968 401 1033 oeulis
419 968 586 1053 usurparit,
621 987 716 1051 neque
735 977 813 1031 tactu
834 967 952 1053 probari
969 968 1159 1032 diiudicarive
1177 987 1227 1054 po·

60 1081 133 1134 test.
179 1069 281 1154 Quare
298 1083 362 1135 eunt
383 1071 463 1134 caeci
482 1069 523 1134 illi
543 1071 578 1134 de
602 1070 674 1133 iisoe
694 1069 843 1134 coloribus
863 1070 1063 1150 disserentes,
1094 1071 1227 1154 quicum

58 1173 149 1256 nigro
167 1173 337 1252 candidum,
361 1171 456 1236 viride
474 1193 540 1235 cum
557 1171 714 1250 caeruleo,
746 1184 806 1236 tum
824 1193 1018 1258 purpureum,
1043 1175 1226 1253 coccineum,

59 1296 95 1337 ae
115 1285 233 1339 ceteros
259 1276 386 1339 intense
414 1276 508 1360 perite
528 1285 717 1359 comparant,
751 1275 787 1336 de
806 1273 947 1358 cuiusque
963 1276 1082 1358 generis
1099 1296 1133 1338 au
1148 1275 1228 1338 colo·

59 1379 101 1440 ris
120 1376 260 1461 qualitate
284 1399 301 1440 a
322 1378 406 1441 uobis
432 1377 673 1461 interrogantur,
703 1397 759 1439 nec
785 1377 861 1440 istud
889 1377 1004 1462 eloqui,
1039 1399 1094 1440 nco
1110 1399 1126 1441 a
1143 1378 1227 1442 nobis

58 1481 180 1544 edoceri
197 1491 338 1565 possunt,
363 1481 415 1544 sed
434 1501 508 1544 rone
527 1489 613 1543 tenus
633 1479 762 1564 sibiipsis
780 1480 973 1563 persuadent,
1007 1491 1038 1542 et
1056 1480 1227 1546 auctoribus

59 1584 226 1668 imponunt,
250 1581 411 1644 utiliorum
427 1582 585 1645 discrimen
604 1582 818 1665 perfectissime
835 1581 944 1644 callere
962 1581 1129 1662 videantur,
1153 1593 1227 1647 tam-

59 1685 117 1748 etsi
140 1683 210 1747 nibil
226 1695 343 1768 praeter
363 1684 439 1748 nuda
458 1684 548 1747 verba
567 1695 689 1747 teneant
706 1705 806 1748 earum
825 1705 943 1761 rerum,
976 1707 1116 1769 quarum,
1150 1687 1226 1769 quod

59 1809 114 1852 eas
131 1785 248 1850 minime
263 1786 514 1871 comprehendere
530 1786 655 1870 possint,
679 1807 791 1850 summa
806 1789 836 1848 in
853 1785 1041 1870 ignoratione
1056 1798 1224 1853 versantur.

60 1891 109 1954 Ad
128 1890 204 1952 buno
220 1890 336 1953 modum
352 1889 402 1952 ille
419 1889 455 1952 de
472 1888 527 1951 deo
543 1908 710 1952 sermonem
726 1888 869 1967 instituit,
895 1899 926 1953 et
942 1899 1108 1974 corruptam
1126 1893 1227 1955 nescio

60 2013 148 2076 quam
168 1991 266 2070 uobis,
292 2002 414 2067 mutarn,
438 2012 472 2054 ac
491 1992 623 2070 surdam,
647 2011 825 2076 caecamque
842 1992 985 2076 virgiuum
1002 2013 1056 2076 per
1071 1992 1226 2056 ludibrium

61 2094 174 2172 obiicit,
198 2114 251 2178 pro
266 2114 321 2156 sua
335 2093 366 2155 in
380 2093 509 2156 divinum
526 2113 635 2157 numen
652 2093 812 2178 petulantia
829 2105 984 2179 corruptus
999 2094 1075 2178 ipse,
1100 2105 1129 2157 et
1142 2094 1227 2177 igno-

59 2197 156 2262 rantia
174 2195 255 2258 velut
271 2195 308 2258 ab
325 2195 439 2278 origine
458 2207 611 2258 contracta
628 2195 768 2260 caecitate
786 2195 935 2259 laborans.
983 2193 1042 2278 Qui
1059 2197 1100 2258 ita
1119 2196 1225 2260 dedeo

59 2301 206 2383 disputat,
249 2307 281 2360 ut
306 2298 341 2360 de
369 2299 433 2361 eius
460 2308 563 2361 natura
595 2299 821 2362 sermocinando
850 2299 998 2362 coniicere
1028 2319 1062 2362 ac
1092 2299 1226 2363 divinare

58 2403 191 2466 studeat.
236 2397 393 2464 Postremo
415 2399 574 2485 discipulos
598 2420 669 2463 suos
688 2401 723 2462 ad
744 2410 908 2466 extremam
933 2399 1141 2486 impudentiam
1160 2421 1227 2487 per·

59 2506 159 2570 duxit.

148 2603 204 2671 Vl.
249 2603 332 2669 Nibil
356 2605 432 2669 enirn
451 2615 497 2670 est
513 2627 570 2690 quo
591 2627 649 2671 non
667 2605 783 2670 illorum
805 2606 953 2692 pertingat
971 2606 1105 2671 audacia.
1150 2603 1227 2670 Pro-

56 2710 212 2796 phetarum
236 2707 497 2793 apostolorumque
522 2709 640 2773 nomina
663 2709 848 2774 coutumeliis
876 2710 1039 2773 incessunt.
1091 2705 1226 2795 Cumque

58 2813 162 2896 urgeri
180 2810 325 2875 rationum
342 2811 371 2872 vi
387 2832 422 2873 ac
442 2811 517 2873 nrule
535 2811 637 2875 baberi
655 2813 824 2897 coeperint,
856 2812 1000 2896 effugiunt
1018 2811 1159 2889 subinde,
1191 2833 1226 2876 ac

56 2915 233 3001 prosiliunt,
258 2924 305 2991 ct,
331 2909 411 2992 ista,
444 2913 595 2996 inquiunt,
627 2914 796 2999 apostolus,
831 2924 967 2998 tauquam
997 2913 1102 2991 bonno,
1137 2913 1223 2979 dixit.

57 3019 167 3093 Alias,
192 3013 269 3097 Quid
287 3025 316 3076 tu
334 3013 401 3077 nribi
421 3025 518 3092 retus,
543 3017 636 3095 uiuunt,
662 3026 868 3079 testamentum
889 3016 1014 3079 obiioisl
1059 3014 1144 3098 Quod
1163 3016 1227 3101 qui·

57 3123 125 3182 dern
144 3119 262 3182 minime
279 3117 384 3181 mirum
403 3129 466 3194 est,
498 3119 523 3179 si
541 3117 648 3180 dictum
670 3118 737 3181 illud
761 3119 918 3182 salvatoris
937 3119 1159 3182 consideretur:
1189 3123 1227 3181 Sa'
1251 3129 1335 3227 Ἦ

55 3234 169 3303 petrem
184 3224 311 3301 fumr‘lr'us
328 3221 487 3284 beelzebub
503 3231 688 3292 uocauerunt,
714 3226 926 3302 quantomagis
941 3225 1107 3283 domesticos
1123 3225 1225 3284 r'llrirs?
1283 3215 1290 3232 ⁸
1329 3212 1336 3227 ⁶

56 3323 95 3390 Si
112 3323 260 3386 dominum
278 3324 391 3406 ipsum,
416 3343 451 3386 ac
467 3341 569 3385 verum
589 3321 652 3385 eius
672 3323 780 3404 decus,
812 3334 841 3387 et
859 3322 981 3408 gloriam
999 3323 1147 3408 abnegare
1166 3345 1224 3386 noo

56 3426 210 3504 dubitant,
253 3436 361 3510 quanto
387 3424 478 3508 magis
505 3423 661 3508 propbetas
687 3425 782 3504 illius,
821 3436 851 3489 et
878 3427 1029 3511 apostolos
1058 3426 1224 3511 urgebunt?

56 3529 220 3593 Praeterea
236 3549 308 3592 vero
325 3528 435 3590 maiore
452 3527 575 3610 quadam
596 3527 711 3590 insania
726 3547 760 3589 ao
780 3530 878 3591 lurore
895 3529 1023 3614 correpti
1040 3529 1119 3592 nerii
1137 3529 1223 3593 disci·

57 3633 136 3718 puli,
161 3652 227 3693 cum
244 3630 346 3694 borum
363 3650 555 3706 successore,
581 3631 628 3712 qui
648 3626 810 3693 Eunomius
829 3631 903 3694 lalso
921 3631 1106 3709 nominatur,
1140 3631 1222 3694 etad

57 3737 132 3798 baec
150 3743 282 3818 tempora
300 3743 455 3817 superest,
486 3732 564 3795 aliud
583 3732 716 3816 quiddam
735 3733 910 3797 sceleratum
931 3755 965 3797 ac
983 3734 1126 3797 nefarium
1144 3754 1225 3796 com·

58 3836 188 3900 mittunt.
236 3831 386 3918 Siquidem
403 3855 456 3898 eos
472 3833 521 3918 qui
535 3833 674 3920 baptizati
692 3835 750 3900 iam
766 3837 876 3900 luerint
890 3836 996 3900 iterum
1018 3835 1148 3920 baptizat
1162 3833 1223 3899 Eu·

58 3939 192 4016 nonnius,
215 3959 274 4001 uon
293 3939 379 4001 modo
396 3939 443 4021 qui
461 3958 478 3999 a
493 3937 659 4015 catholicis,
683 3949 735 4002 out
750 3940 786 4003 ab
807 3939 872 4003 aliis
891 3937 1076 4016 haeresibus,
1099 3939 1151 4000 aed
1170 3958 1223 4002 eos

58 4147 195 4209 recitaverit
205 4159 251 4194 non
264 4147 322 4194 sotis
333 4157 456 4207 essequam
470 4147 538 4194 oerru
551 4160 626 4210 quum
694 4143 735 4196 32.
754 4137 832 4196 united
849 4145 886 4194 ed.
903 4145 984 4194 Peter.
1004 4138 1080 4194 αὑτοῦ
1104 4144 1154 4192 eod.
1164 4144 1224 4194 llbe-

60 4215 90 4262 ab
107 4211 229 4279 aliquibus
247 4209 429 4277 redarguuntur
451 4229 480 4262 so
498 4211 623 4279 castigan-
660 4215 709 4276 dip.
744 4209 833 4264 bautoni
851 4213 902 4262 eud.
918 4214 966 4262 den.
983 4216 1004 4260 tt
1019 4213 1073 4260 edit.
1090 4214 1165 4272 prins

60 4292 105 4330 tor.
151 4282 209 4329 tdtbr'
229 4281 404 4330 rescribendum
424 4283 517 4331 uidetur
537 4277 625 4334 ὖποπι-
693 4279 735 4331 33.
747 4280 854 4330 ltescrr'bo
867 4276 912 4330 sul
924 4275 1013 4338 κακὸν,
1029 4285 1154 4341 praeeunte
1167 4281 1224 4331 Cur-

60 4347 200 4416 κράζονται.
659 4351 736 4410 nome,
753 4351 793 4410 qui
810 4351 877 4397 until
890 4346 932 4414 qui
948 4345 1029 4397 adhue
1041 4347 1117 4396 hodie
1132 4364 1223 4416 super-

92 4419 134 4468 31.
153 4415 283 4484 τρέχοντες
298 4417 350 4468 eod.
366 4417 460 4478 ltbrdr'p.
478 4414 625 4486 ὖποτρέχον·
659 4427 697 4466 est
711 4415 737 4464 in
752 4415 802 4465 vira
823 4432 940 4481 magnum
956 4425 981 4464 et
996 4416 1154 4466 temerarium
1174 4417 1223 4470 ttr-

60 4502 100 4546 τες
114 4487 200 4536 cittium
214 4491 248 4536 est
263 4487 299 4535 ed.
315 4487 395 4535 Peter.
414 4487 492 4538 dotare
510 4492 580 4552 repet.
658 4484 753 4554 gitium.
791 4487 902 4538 Petuntur
919 4487 1009 4536 uolebat
1025 4487 1119 4540 κακῶν.
1181 4519 1184 4527 ·
