3082 5006
240 245 279 309 12
664 255 789 309 οιοοτι
806 253 982 308 τοιουτοιί

238 370 392 458 ὁμολογεῖν
408 371 464 456 μέν
481 372 514 440 τό
527 369 592 439 κατ’
607 369 707 439 είκόνα
724 369 797 438 κέναι
812 375 845 439 ἐν
856 379 900 462 τῷ
912 370 1087 460 άνθραίπμ,
1117 373 1169 437 ἰ’να
1185 369 1226 454 μή
1241 369 1298 456 τὴν
1315 371 1411 458 χάριν

237 481 292 540 τοῦ
314 480 392 540 θεοῦ
418 473 611 558 άθετήσωμεν
632 477 683 540 καλ
707 473 915 558 ἐπεστήσαμεν
935 480 1010 563 θεῷ.
1044 472 1125 539 Ὅσα
1147 473 1201 556 μέν
1217 471 1275 560 γάρ
1290 477 1366 561 λέγει
1386 471 1411 542 ό
1531 489 1532 516 ³

237 574 328 656 θεός,
350 584 443 642 ταῦτα
456 573 557 661 άληθῆ
571 576 721 662 τυγχάνει,
743 579 771 642 τί
784 577 833 642 καλ
849 578 972 661 ἐξέφυγε
987 571 1043 659 τόν
1058 573 1145 659 ἡμῶν
1160 577 1280 642 ἐννοιαν
1291 579 1324 642 ἐν
1340 577 1411 643 όλί-

236 704 302 767 γοις
317 676 424 764 λόγοις.
463 679 670 766 Ἀρνήσασθαι
686 671 744 745 ούν
756 685 844 744 τοῦτο
863 676 896 745 τό
915 675 987 743 Κατ’
1006 675 1107 743 είκόνα
1122 677 1161 743 ού
1180 675 1300 756 πιστόν,
1332 676 1411 745 ούτε

239 789 294 864 τῆς
311 779 396 870 άγίας
411 789 464 848 τού
480 788 559 848 θεοῦ
574 783 735 865 ἐκκλησίας.
770 777 871 846 ῡἚστι
889 779 946 868 γάρ
961 785 1022 857 πάς
1035 778 1201 866 άνθρωπος
1216 787 1322 862 σοφοῖς
1339 778 1409 846 κατ’

237 883 354 964 είκόνα,
376 885 428 950 καέ
442 884 544 960 ούδελς
556 891 616 949 τόν
634 883 761 968 ἐχόντων
775 885 817 959 είς
835 882 907 949 θεόν
927 880 982 966 τήν
997 885 1101 949 ἐλπίδα
1115 879 1289 966 άρνόσειαι,
1317 884 1347 948 εέ
1361 881 1410 966 μὴ

238 983 276 1052 όν
295 1011 372 1063 τινες
387 988 504 1062 έαυτοῖς
522 985 642 1069 μύθους
655 985 854 1065 πλάττουσιν,
887 982 1095 1068 ἐκβαλλόμενοι
1110 991 1164 1066 τῆς
1181 986 1337 1066 ἐκκλησίας
1351 987 1410 1050 καλ

237 1095 291 1172 τῆς
304 1095 363 1154 ταῖν
384 1091 520 1172 πατέρων
536 1091 570 1154 ἐκ
586 1095 751 1173 προφητοῐν
765 1111 799 1153 τε
819 1089 871 1152 καί
888 1087 1003 1170 νόμον,
1035 1089 1086 1154 καί
1101 1084 1273 1153 άποοτόλων
1287 1088 1340 1152 καί
1354 1086 1408 1152 εύ-

238 1197 414 1278 αγγελιστόν
433 1189 633 1276 παραδόσεως.

101 1509 168 1580 Κεφ.
186 1507 219 1580 γ’.
313 1495 405 1574 Ὥςτε
421 1490 475 1563 οὖν
492 1499 599 1564 ἐκεῖνοι
623 1497 860 1583 φιλονεικότερον
879 1497 1025 1587 ἐντούτῳ
1048 1500 1227 1580 διακείμενοι
1247 1494 1335 1574 ἐκτός
1353 1499 1407 1564 καλ

238 1597 325 1666 αύτολ
350 1601 485 1681 βαίνουσι
508 1607 561 1682 τῆς
577 1598 653 1665 κατά
676 1598 731 1683 τὴν
756 1596 999 1682 ἐκκλησιαστικάν
1023 1597 1172 1666 ύπόθτσιν
1196 1597 1405 1684 παραδόσεως,

238 1709 290 1783 τῆς
307 1702 504 1784 πιστευούσης
524 1700 587 1767 κατ’
608 1701 708 1768 είκόνα
729 1704 782 1785 μέν
803 1699 879 1768 είναι
902 1702 1000 1766 πάντα
1025 1700 1207 1786 ἄνθρωπον,
1237 1700 1278 1784 μή
1298 1698 1409 1784 όρίζειν

238 1805 271 1870 δέ
290 1805 321 1869 ἐν
335 1808 412 1893 παίω
429 1805 561 1869 τέτακται
579 1803 612 1870 τό
631 1801 694 1870 κατ’
707 1803 822 1882 εἰκόνα,
855 1803 929 1888 μήτε
943 1802 1071 1887 ἐχόντων
1086 1809 1145 1870 τῶν
1162 1807 1316 1887 μυθωδῶς
1334 1805 1407 1888 περὶ

236 1904 350 1971 τούτων
375 1904 648 1990 διαλαμβανόντων,
680 1903 729 1972 εἴτ’
751 1899 806 1974 σύν
828 1905 1036 1991 ἀρνουμένων,
1066 1909 1167 1984 δεῖξαι.
1214 1909 1256 1971 Οί
1272 1907 1328 1988 μέν
1345 1904 1405 1991 γάρ

237 2009 372 2093 λέγουσιν
389 2010 420 2074 ἐν
437 2016 473 2099 τῇ
490 2015 574 2098 ψυχῇ
599 2015 790 2094 πληροῦσθαι
811 2008 844 2074 τό
864 2005 928 2074 κατ’
947 2006 1065 2086 είκόνα,
1095 2013 1260 2090 νομίζοντες
1273 2006 1308 2074 τδ
1326 2006 1406 2073 κατά

116 2144 167 2189 m.
177 2133 223 2177 ιιι.
238 2109 292 2194 τὴν
309 2111 405 2197 σάρκα
420 2114 513 2193 μόνον
525 2116 756 2198 συλλογίσασθαι
771 2109 930 2176 δύνασθαι.
966 2111 1027 2175 Καί
1042 2109 1100 2176 ούκ
1115 2113 1212 2176 λ’σασιν
1226 2113 1259 2176 σι’
1271 2116 1407 2176 τοιοῦτον

238 2211 285 2279 ότι
300 2212 333 2280 τό
353 2213 429 2279 κατά
447 2212 548 2297 ψυχὴν
572 2219 783 2300 συλλογίζεται,
813 2214 841 2277 εί
854 2212 910 2295 χρὴ
931 2219 1133 2299 συλλογισμοῖς
1152 2213 1318 2298 προςέχειν,
1349 2213 1406 2276 καλ

238 2313 279 2400 μη
294 2313 396 2390 άπλοῖς
417 2313 496 2404 άπλξγ
514 2323 551 2405 τῇ
573 2319 692 2405 διανοίᾳ
709 2321 775 2404 θεῷ
790 2316 958 2398 προςιέναι,
991 2317 1040 2379 καλ
1059 2314 1206 2380 πιστεύειν
1220 2312 1266 2378 ότι
1279 2311 1317 2377 τά
1339 2310 1405 2378 ύπδ

237 2423 315 2483 θεοῦ
334 2419 472 2501 ιίρημένα
488 2419 567 2482 ἐστίν
585 2415 726 2499 άλόθεια,
750 2417 832 2504 αύτῷ
843 2416 877 2482 δέ
895 2415 978 2504 μόνῳ
993 2418 1159 2501 ἐγνωσμένα
1175 2423 1215 2504 τρό
1230 2412 1285 2497 τὴν
1300 2421 1405 2479 πᾶσαν

237 2516 382 2601 α’λύθειαν
402 2517 501 2585 ιίδότε.
537 2517 640 2585 ’Ἀλλοι
667 2520 700 2585 δέ
716 2521 851 2606 λέγουσιν
868 2516 936 2584 ούτε
951 2520 984 2584 ἐν
1000 2524 1100 2607 ψυχῇ,
1134 2515 1202 2583 ούτε
1225 2519 1257 2584 ἐν
1276 2516 1403 2600 σάματι,

238 2618 311 2686 ἀλλά
336 2617 443 2706 ἀρετὴν
466 2616 542 2687 κέναι
564 2619 598 2686 τύ
615 2617 679 2686 κατ’
697 2620 807 2686 είκόνα.
840 2619 963 2706 Ἕτερον
979 2620 1011 2685 δέ
1025 2618 1178 2701 φάσκουσι
1196 2616 1237 2702 μὴ
1252 2616 1328 2685 εέναι
1347 2618 1404 2702 την

236 2720 357 2807 άρετὴν,
381 2719 454 2786 άλλύ
469 2721 501 2789 τό
520 2720 690 2805 βάπτισμα,
712 2725 763 2788 καί
779 2721 813 2788 τό
831 2721 958 2805 χάρισμα
975 2720 1009 2787 τό
1027 2725 1059 2787 ἐν
1073 2728 1117 2810 τῷ
1130 2725 1324 2805 βαπτίσματι,
1347 2725 1399 2804 δῆ-

236 2834 294 2890 θεν
310 2825 342 2889 ἐκ
360 2831 415 2890 τοῦ
431 2827 524 2908 ῥητοῦ
541 2832 594 2890 τοῦ
610 2827 783 2909 είρημένου,
815 2823 931 2900 Καθάς
954 2823 1139 2907 ἐφορέσσμεν
1156 2822 1211 2906 τὴν
1227 2821 1329 2890 είκόνα
1347 2828 1402 2888 τού

236 2933 357 3010 χοϊκοῦ,
389 2929 564 3010 φορέσωμεν
586 2929 637 2992 καλ
658 2925 713 3008 τίγν
730 2924 832 2992 είκόνα
849 2933 903 2991 τοῦ
919 2927 1108 3010 ἐπουρανίου.
1142 2923 1244 2991 Ἀλλοι
1261 2929 1294 2993 δέ
1312 2925 1403 2993 πάλιν

238 3035 324 3095 τοῦτο
340 3026 378 3094 ού
396 3028 572 3110 βούλονται,
595 3024 667 3094 άλλά
680 3030 803 3094 θέλουσι
818 3029 911 3113 λέγειν
925 3025 990 3093 τότε
1005 3027 1057 3110 μέν
1076 3023 1153 3094 εέναι
1169 3025 1203 3094 τό
1221 3026 1284 3094 κατ’
1299 3027 1403 3095 είκόνα

238 3132 270 3196 έν
285 3136 326 3220 τῷ
341 3128 451 3212 Ἀδάμ,
474 3132 530 3206 έως
547 3127 596 3196 ὅτε
613 3133 645 3196 ἐν
660 3137 800 3218 παρακοῇ
816 3132 931 3214 γέγονε,
961 3130 1010 3193 καί
1036 3131 1187 3214 βέβρωκεν
1202 3128 1262 3197 άπδ
1281 3138 1334 3197 τοῦ
1351 3130 1403 3208 ξά-

236 3240 309 3311 λου,
336 3235 387 3298 καὶ
405 3229 534 3314 ἐξεαόθη·
569 3228 621 3312 εἶφ’
638 3223 676 3296 ού
692 3231 724 3296 δέ
743 3228 875 3313 ἐξεσύθη,
910 3228 1040 3296 άποίλεσε
1058 3229 1091 3298 τό
1108 3229 1170 3296 κατ’
1186 3231 1293 3298 είκάνα.
1339 3235 1404 3298 Καί

238 3332 329 3417 πολλή
345 3338 388 3410 τίς
403 3336 465 3400 ἐστι
482 3339 542 3399 τῶν
557 3331 732 3418 άνθραίπων
749 3339 932 3416 μυθοποιΐα,
962 3329 1011 3408 οίς
1032 3333 1092 3398 ιού
1107 3333 1162 3417 χρὴ
1182 3334 1253 3400 ούδέ
1270 3333 1347 3418 πρός
1361 3331 1403 3400 δό-

238 3461 295 3521 ραν
315 3432 402 3514 εἶξαι,
433 3433 499 3501 οὔτε
520 3434 654 3514 τούτοις,
686 3433 757 3502 ούτε
779 3438 901 3510 ἐκείνοις
924 3442 987 3510 τοῖς
1011 3433 1090 3501 ούτω
1108 3433 1130 3518 ἢ
1147 3436 1226 3503 ούτα
1249 3438 1405 3522 λέγουσιν·

239 3537 296 3604 ἀλλ’
321 3534 397 3602 εἶναι
415 3537 468 3619 μέν
490 3537 635 3602 πιστεύειν
658 3537 690 3602 ἐν
710 3543 752 3627 τῷ
769 3536 925 3625 άνθροίπρι
953 3533 1011 3602 ’τά
1029 3534 1093 3602 κατ’
1111 3538 1231 3619 εέκόνα,
1263 3540 1295 3604 ἐν
1311 3541 1406 3605 παντὶ

240 3641 272 3706 δέ
293 3637 436 3721 μάλιστα,
466 3641 518 3704 καί
540 3637 594 3722 ούχ
618 3635 728 3716 άπλοῖς.
774 3645 844 3704 Ποῦ
865 3639 899 3705 δέ
917 3641 1012 3719 ἐστιν,
1043 3637 1144 3721 ἦπού
1161 3637 1349 3722 πεπλήρωται
1365 3638 1404 3707 τδ

238 3739 302 3808 κατ’
322 3739 440 3818 είκόνα,
471 3740 553 3828 αύτῷ
576 3739 659 3829 μόνῳ
683 3744 825 3827 ἔγνωσται
842 3747 884 3830 κρῖ
898 3748 976 3828 θεῷ,
1011 3747 1077 3829 Ι’τῷ
1097 3739 1173 3806 κατά
1191 3743 1276 3827 χάριν
1290 3749 1331 3831 τῷ
1348 3745 1404 3809 άν·

238 3843 358 3932 θρύπρν
380 3843 582 3931 δωρησαμένῳ
602 3841 637 3908 τό
664 3841 727 3908 κατ’
747 3841 856 3909 είκόνα.
904 3841 981 3908 Ούτε
997 3841 1053 3928 γάρ
1078 3839 1229 3909 άποίλεσεν
1246 3841 1265 3910 ό
1281 3842 1406 3930 άνθρω-

238 3969 297 4020 πος
317 3945 350 4011 τό
365 3942 428 4011 κατ’
454 3941 570 4025 είκύνα,
592 3945 649 4009 ἀλλ’
676 3949 704 4010 τί
718 3941 777 4028 άρα
799 3947 959 4027 ίχυδαίωσε
982 3941 1015 4010 τό
1038 3941 1100 4010 κατ’
1123 3946 1243 4027 εέκόνα,
1272 3945 1406 4029 μολύνας

240 4043 346 4113 έαυτδν
367 4048 399 4112 έν
420 4043 628 4132 4άδιαφύροις
656 4046 808 4134 πράγμασι
833 4048 886 4113 καλ
909 4047 1083 4130 άνηκέστοις
1111 4045 1274 4133 άμαρτίαις.
1323 4046 1406 4116 Ἰδού

273 4221 297 4271 5.
315 4216 353 4271 έτι
367 4222 448 4271 vium
464 4235 598 4284 ιτρκιιιαιιι
615 4227 647 4272 ιιλ
660 4224 686 4272 in
703 4222 738 4272 ιδ.
756 4223 802 4272 Pe·
870 4216 895 4275 4.
913 4223 1042 4272 comorius
1065 4224 1134 4271 νιτλλι
1156 4219 1276 4281 divertis,
1304 4227 1331 4272 αλ
1347 4219 1406 4275 διά-

239 4294 288 4339 λου.
836 4285 925 4357 φόροις
945 4292 1079 4350 suminam
1099 4303 1147 4339 τινα
1164 4294 1288 4350 appareat
1330 4284 1406 4343 α’θιά·

275 4353 334 4420 (λαμ.
355 4355 397 4402 m.
417 4381 450 4393 -
472 4355 491 4403 1.
511 4349 540 4407 σύ
556 4369 602 4407 στα.
619 4359 670 4407 κοιλ
687 4357 785 4422 λλλιόλγ.
835 4373 903 4425 φαρα
933 4351 1071 4421 πράγματα
1094 4359 1142 4406 δι’ω·
1165 4361 1223 4418 χνολο
1248 4372 1312 4424 quae
1336 4357 1405 4408 αιιλΙα

273 4423 298 4474 ’2.
314 4421 353 4488 τῷ
371 4423 420 4471 οοδ.
440 4423 534 4484 ἐλλεδλς.
854 4433 1028 4490 ιααοεριοιυω
1051 4422 1091 4473 des
1113 4423 1233 4490 religione
1255 4441 1286 4475 ιο
1308 4433 1405 4475 ταωετα

224 4494 231 4515 ’
273 4488 299 4542 δ.
316 4489 355 4559 τῷ
372 4492 437 4541 σδιιλ
452 4492 484 4540 αθ
500 4496 595 4555 utroque
611 4493 680 4543 τσλλο.
869 4500 904 4542 οι.
