3042 5016
282 328 419 382 annnam
435 331 498 382 utu.
516 331 558 382 ιιι.
576 329 658 384 ron.
671 330 704 380 n.
721 327 821 380 naun.
834 286 965 379 llxxvii.
1145 314 1207 379 343

52 446 96 508 sed
123 467 248 530 quotum
274 471 330 512 una
358 450 520 534 eademque
544 469 628 514 mens
651 459 732 513 esset
761 469 828 514 cunr
857 447 1008 532 impietate
1037 445 1206 511 coniuncta.

49 545 209 633 Propterea
236 549 416 616 dissidebant
432 573 448 615 a
463 571 497 616 se
514 551 639 617 invicem
665 572 699 617 ac
716 551 883 638 pugnabant
899 549 918 612 ii
937 549 986 634 qui
999 549 1036 612 de
1055 549 1121 612 fidei
1140 570 1207 634 pro·

50 652 176 734 sessione
191 672 208 716 a
225 653 356 738 patribus
373 653 403 717 in
418 652 553 720 Ninanna
570 654 685 740 synodo
701 654 814 740 prodita
830 653 1006 736 gloriantur.
1052 649 1119 734 Ego
1134 671 1207 715 vero

46 753 183 836 pictatem
206 765 284 820 tuam
302 775 481 842 magnopere
500 755 659 821 demiratus
682 777 765 835 snm,
797 756 872 839 quod
891 755 965 818 istos
981 753 1114 817 homines
1130 753 1205 816 tole·

45 875 110 919 rare
135 857 280 941 potnerit,
305 878 400 943 neque
417 859 484 924 talia
502 859 677 922 iactantibus
697 857 845 922 silentium
861 855 1052 942 imposuerit,
1076 877 1111 920 ac
1131 854 1206 940 piam

44 959 250 1044 sinteca-amque
274 960 339 1026 bdei
357 963 489 1046 regulam
510 961 666 1039 obtulerit,
697 981 754 1044 qna
770 960 885 1044 quidem
903 959 1002 1022 audita
1022 959 1069 1022 vel
1089 957 1207 1040 acquie-

43 1071 175 1138 scerent,
198 1063 259 1142 rel,
282 1063 307 1126 si
323 1063 526 1127 contradicere
540 1064 669 1142 mallent,
694 1061 833 1127 baeretici
850 1061 1082 1125 nominarentur.
1125 1057 1205 1124 Nam

42 1183 116 1247 qnae
141 1173 211 1228 aute
235 1177 570 1245 commemorassem,
606 1185 701 1249 neque
723 1164 866 1249 proferri,
898 1183 993 1248 neque
1019 1162 1113 1226 audiri
1130 1162 1205 1245 apud

42 1265 232 1332 Christianos
252 1280 391 1352 possunt,
423 1270 478 1350 sed¹
494 1270 530 1333 ab
546 1268 709 1356 apostolica
727 1266 878 1352 disciplina
897 1264 1014 1351 penitus
1031 1264 1202 1328 abhorrent.

40 1367 192 1452 Quocirca
215 1371 384 1434 eorumdem
408 1393 465 1458 ego
486 1372 638 1455 dogmata,
671 1370 833 1436 cuiusmodi
856 1381 924 1432 ante
948 1367 1097 1453 proposita
1121 1376 1202 1444 sunt,

39 1473 115 1536 nude
142 1471 210 1536 ltnie
236 1473 377 1559 epistolae
400 1475 560 1540 attexenda
586 1474 706 1553 curari,
738 1483 770 1536 ut
793 1471 841 1556 qui
864 1471 935 1534 haec
952 1471 1047 1534 solum
1064 1469 1202 1549 audierit,

37 1573 157 1638 illorum
181 1574 328 1640 inlamiam
353 1576 589 1661 impietatemque
604 1576 830 1660 contempletur.
875 1574 923 1637 An
947 1573 1062 1638 tametsi
1087 1593 1202 1653 eorum,

36 1677 180 1762 aquibus
203 1679 371 1762 excogitata
394 1679 450 1742 ista
476 1689 563 1756 sunt,
597 1679 743 1763 turpitudo
763 1677 895 1763 pluribus
918 1676 1083 1740 accusanda
1103 1695 1138 1738 ac
1154 1695 1202 1739 re·

35 1781 210 1864 darguenda
227 1781 372 1860 videatur,
398 1781 586 1846 nibilominus
602 1781 675 1845 baec
690 1781 726 1844 ad
743 1780 884 1867 epistolae
900 1779 1014 1842 modum
1030 1779 1102 1844 satis
1118 1799 1200 1857 esse,

34 1903 133 1966 neque
151 1882 272 1947 uberius
286 1883 473 1948 scribendum
489 1882 670 1950 existimavi.
716 1881 794 1946 Nam
814 1903 888 1966 quae
906 1893 963 1946 tam
980 1892 1082 1968 aperta
1100 1883 1202 1966 nequi·

34 1985 73 2046 tia
94 1984 349 2069 implicatorum,
373 1986 485 2070 agitare
504 1986 709 2050 vehementius
727 2007 763 2050 ac
780 1986 926 2050 curiosius
944 1985 1122 2070 perscrutari
1141 2005 1201 2048 non

32 2098 174 2171 oportet,
200 2109 238 2150 ne
254 2109 271 2151 a
288 2088 483 2152 contentiosis
501 2088 665 2152 hominibus
684 2109 738 2174 pro
754 2088 851 2153 dubiis
867 2098 896 2150 et
911 2086 1055 2172 ambiguis
1072 2085 1201 2150 babean-

32 2201 90 2252 tur.
150 2185 253 2272 Quare
277 2191 306 2252 id
335 2213 423 2255 uuum
449 2192 593 2255 adversus
621 2190 763 2254 eiusmodi
788 2190 928 2273 excipere
956 2211 990 2254 ac
1018 2189 1199 2274 respondere

29 2291 162 2369 sufficit,
195 2313 253 2354 non
278 2313 346 2356 essa
368 2292 441 2356 baec
460 2291 605 2357 ecclesiae
629 2292 792 2358 catholicae
815 2294 969 2378 dogmata,
1001 2311 1095 2374 neque
1121 2291 1199 2354 bunc

30 2405 152 2477 patrum
172 2405 339 2460 nostrorum
361 2416 481 2460 sensum
506 2396 656 2460 extitisse.
703 2393 815 2460 Verum
839 2415 894 2472 ne,
926 2395 952 2458 si
968 2395 1088 2458 omnino
1111 2393 1199 2458 dissi-

27 2498 209 2574 mulavero,
234 2497 465 2580 perniciosorum
484 2499 650 2582 dogmatum
666 2497 837 2563 inventores
851 2498 901 2564 isti
917 2498 1113 2584 impudentiae
1125 2517 1199 2564 suaa

27 2599 194 2664 honestum
216 2599 343 2682 aliquem
366 2599 496 2664 colorem
524 2600 667 2681 babeant,
699 2623 791 2687 pauca
817 2603 944 2666 ceucris
969 2599 1064 2666 literis
1088 2621 1198 2686 expro-

24 2703 140 2766 menda
166 2700 319 2780 uidentur,
351 2723 392 2766 ex
412 2702 516 2788 quibus
535 2704 645 2788 pudore
668 2703 791 2769 lorsitan
814 2705 911 2769 allecti
930 2704 965 2768 ab
987 2704 1199 2770 sordidissimis

24 2803 90 2868 illis
115 2804 248 2868 inventis
270 2804 426 2890 aliqnando
449 2806 626 2872 desciscent.

117 3109 272 3177 Undenam
294 3111 385 3198 igitur
410 3134 554 3197 usurpare
576 3114 653 3178 istud
679 3114 763 3178 vobis
782 3116 810 3178 in
828 3115 954 3178 animum
973 3113 1092 3194 incidit,
1127 3136 1193 3178 cor·
1212 3123 1273 3192 Gap.
1289 3124 1333 3178 Vt.

19 3237 82 3299 pns
109 3213 258 3278 divinitati
282 3214 365 3278 verbi
389 3236 456 3279 esse
481 3216 750 3281 consubstantiale?
802 3215 880 3280 Hinc
906 3216 983 3281 enim
1012 3216 1195 3302 potissimum

19 3317 165 3380 exordiri
184 3317 282 3395 iuvat,
318 3331 347 3381 ut
365 3338 401 3381 eo
420 3318 562 3382 convulso
587 3339 622 3382 ac
639 3317 815 3382 labefactata
839 3329 939 3382 cetera
959 3319 1080 3404 perinde
1103 3319 1196 3385 imbe-

19 3420 97 3484 cilla
117 3429 332 3484 monstrentur.
377 3419 455 3484 Nam
476 3441 492 3483 e
510 3421 604 3484 sacris
627 3420 742 3504 quidem
759 3419 854 3486 literis
872 3421 1016 3486 eiusmodi
1036 3421 1106 3486 nibil
1127 3421 1195 3486 elici

19 3531 148 3605 petest,
182 3543 258 3606 quae
286 3522 413 3586 bumano
435 3523 466 3586 in
492 3543 616 3608 corpore
641 3523 726 3587 deum
752 3523 889 3587 extitisse
916 3525 1098 3609 praedicant.
1152 3525 1195 3590 Αι

19 3645 104 3687 vero
122 3634 220 3707 patres
235 3623 274 3688 illi
291 3624 338 3709 qni
354 3623 487 3689 Nicaeae
501 3635 715 3705 convenerant,
738 3647 796 3690 non
810 3647 917 3712 corpus
929 3627 981 3692 sed
996 3628 1085 3692 lilium
1099 3628 1194 3712 ipsum

17 3727 104 3811 patri
120 3725 399 3792 consubstantialem
416 3747 484 3792 esse
501 3729 652 3808 dixerunt,
670 3749 794 3814 eumque
813 3731 849 3793 de
863 3731 955 3814 patris
969 3731 1113 3816 prodiisse
1126 3731 1195 3796 snb-

15 3829 158 3907 stantia,
189 3849 296 3914 corpus
315 3851 387 3892 vero
404 3851 420 3892 e
436 3828 534 3894 Maria
556 3841 723 3917 susceptum
743 3853 783 3896 ex
801 3853 952 3898 sacrarum
975 3835 1126 3898 literarum
1141 3855 1195 3898 an-

16 3930 169 3996 ctoritate
193 3931 343 3994 decretum
366 3942 424 3994 est.
481 3930 583 4016 Quare
606 3935 654 3999 vel
675 3932 840 4000 Nicaenam
864 3937 1009 4022 synodum
1034 3937 1191 4015 simulate,

58 4169 104 4222 ll.
123 4167 169 4222 aul
186 4171 298 4222 Potamos
314 4173 395 4222 bubula
410 4178 556 4237 rasponum,
573 4179 598 4225 ut
666 4169 706 4226 14.
734 4168 754 4242 al
778 4174 852 4228 τοῦτο
875 4173 949 4242 μόνον
972 4169 1061 4243 ἅιιοκρ.
1085 4192 1111 4228 ιι.
1130 4193 1150 4230 τ.
1168 4194 1191 4231 τ.

10 4240 140 4292 conubis
156 4239 265 4288 eludent
630 4242 676 4296 καὶ
693 4241 784 4298 einata·
801 4238 878 4309 ἀρκεῖ
893 4235 933 4296 ὅτι
948 4247 975 4296 Β.

58 4311 105 4358 tu.
123 4301 200 4357 araldo
217 4301 281 4358 elnon
298 4304 348 4366 darc
364 4300 458 4360 andasta
474 4304 522 4373 tals
538 4306 596 4363 ἐπι·
665 4313 704 4362 15.
722 4306 898 4379 ἀναισχυντίας
914 4313 941 4362 Β.

12 4369 123 4440 στολήν
140 4374 208 4424 codd.
225 4389 281 4424 mss.
303 4381 324 4425 rt
340 4375 377 4426 ed.
393 4379 468 4438 princ.
484 4383 517 4427 ιιι
533 4381 595 4427 son*-
664 4375 703 4430 16.
721 4373 795 4445 o'llpo
812 4382 840 4431 Β.

6 4451 114 4508 peroro,
141 4455 214 4505 mom
232 4445 343 4494 Pelendos
359 4447 459 4494 mntuctt
475 4447 501 4494 ιη
517 4442 593 4499 καλὸν
664 4447 722 4497 cta.
741 4449 783 4496 Vl.
802 4475 835 4488 -
874 4447 893 4498 l.
913 4441 973 4515 ripis
993 4451 1021 4500 Β.
1055 4443 1118 4518 alpolt
1139 4456 1193 4508 anl-

10 4512 77 4570 ἕως
95 4505 192 4562 τούτων
210 4506 336 4578 εἶναιτὴν
353 4507 495 4581 ἐπιστολήν.
625 4523 684 4580 pcto
701 4522 734 4566 ιιι
750 4531 790 4578 nu.
809 4519 919 4580 Eptpbon
943 4522 1068 4582 scrtptorn.

58 4577 104 4632 ts.
122 4575 166 4630 tat
182 4580 265 4633 πλεῖοι
281 4581 310 4631 Β.
659 4585 683 4634 ⁴2.
701 4578 783 4654 ἀρχὰς
798 4587 849 4637 cod.
866 4587 963 4654 libadip.
