3072 5002
304 323 441 375 nasson
458 321 521 374 me.
533 323 574 373 ur.
595 321 677 374 rom.
689 322 709 373 1.
726 318 824 370 narn.
836 317 956 368 exxur.
1171 299 1214 364 95

66 459 130 502 vero
152 450 235 526 patre
257 441 421 522 iuniorem,
452 442 608 506 anathema
639 441 688 506 sit.
743 437 777 504 Si
804 437 869 524 quis
895 435 1036 520 temporis
1062 443 1216 519 expertem

65 543 198 624 unigeniti
223 539 336 609 Christi
361 567 378 608 a
403 555 485 631 patre
510 545 698 629 procedentis
722 541 903 627 hypostasim
928 539 963 603 ad
989 537 1149 622 ingenitam
1169 537 1216 600 dei

65 645 214 708 essentiam
231 648 362 726 reierat,
396 659 533 732 tanquam
552 640 736 728 υἰοπᾶτορα,
768 644 823 708 boe
842 643 1087 723 estfilr'opotrem,
1120 640 1218 725 appel·

64 748 131 827 laos,
148 749 304 814 anathema
321 749 371 813 sit.
415 747 449 816 si
466 751 531 834 quis
548 749 610 813 solo
629 757 775 834 potestate
792 757 902 830 patrem
919 743 1060 827 unigeniti
1078 743 1140 819 iiiii,
1158 762 1218 806 nou

65 862 199 935 potestate
220 851 306 916 simul
325 863 356 916 et
373 853 503 916 essentia
522 871 589 916 esse
606 849 746 928 deliniat,
778 861 915 932 tpnqnam
936 847 1027 911 solam
1045 839 1218 930 potestat'een

64 976 220 1040 usurpans,
253 965 284 1018 et
309 975 493 1019 communem
517 953 544 1016 ei
567 974 632 1017 cum
660 951 768 1016 ceteris
790 951 928 1036 operibns
945 947 1142 1012 conditionem
1166 947 1218 1010 tri·

63 1055 164 1136 bueus,
191 1077 286 1144 neque
306 1078 479 1143 germanum
497 1079 513 1120 a
528 1067 611 1141 patre
628 1053 718 1118 lilium
741 1075 812 1118 vere
826 1064 921 1116 ortum
940 1073 1008 1117 esse
1032 1051 1215 1138 praedicans,

63 1160 211 1224 anathema
228 1160 279 1224 sit.
325 1157 360 1224 si
385 1159 451 1244 quis
476 1170 587 1244 patrem
607 1167 753 1244 potestate
774 1155 859 1220 simoi
875 1166 905 1219 et
919 1154 1082 1218 substantia
1098 1153 1149 1217 lilii
1167 1175 1217 1238 pa·

63 1273 129 1324 trem
150 1283 293 1328 asserens
317 1261 598 1327 consubstantialem
620 1260 670 1324 vei
687 1259 818 1324 eiusdem
842 1279 906 1322 cum
931 1267 1014 1342 patre
1033 1257 1216 1322 substantiae

64 1363 145 1428 lilium
170 1385 238 1428 esse
259 1365 355 1444 dicat,
379 1365 534 1429 anathema
555 1362 605 1426 sit.

138 1463 352 1553 subscripsere
393 1465 537 1546 Basilius,
578 1463 769 1543 Eustathins,
813 1463 1036 1550 Hypereobius,
1079 1459 1216 1540 Latoius,

63 1567 235 1650 iicorticus,
261 1567 460 1656 Gymnasius,
484 1566 694 1648 Memnonios,
718 1565 888 1653 Eutyches,
914 1563 1096 1643 severinus,
1123 1563 1218 1646 Euty·

62 1671 153 1751 obius,
180 1671 370 1750 Alcimedes,
396 1671 582 1736 Alexander.
630 1667 931 1756 itacredoutsnpra
949 1667 1163 1753 scriptumest,
1188 1676 1218 1729 et
1269 1713 1272 1722 .

63 1794 108 1857 per
127 1775 377 1860 subscriptionem
401 1775 555 1858 profiteor.

481 1907 789 1962 HACTENUS.

240 2081 356 2134 eastun
377 2083 420 2133 AC
440 2081 579 2134 GiiOliGll
596 2083 641 2134 ΕΤ
660 2080 833 2132 socratium
851 2079 1036 2132 l’liOFiisslo.

139 2182 332 2250 Substantias
360 2206 468 2248 nomeu
492 2185 611 2249 minime
638 2185 753 2269 quidem
780 2184 874 2268 ipsum
902 2181 931 2247 io
955 2180 1049 2246 veteri
1073 2182 1119 2248 vel
1139 2203 1218 2247 novo
1234 2205 1363 2275 cipxtt.

62 2297 234 2351 testamento
250 2297 351 2372 aperte
368 2287 526 2372 reperitur,
551 2289 602 2352 sed
618 2288 693 2371 qnod
713 2308 749 2350 eo
767 2285 951 2370 significatur
968 2283 1075 2370 passim
1094 2305 1219 2372 expres-

63 2409 120 2452 sum
139 2390 262 2473 legitur.
309 2387 446 2474 inprimis
464 2389 493 2454 iu
518 2411 554 2454 eo
574 2391 639 2454 loco
657 2390 686 2453 iu
709 2410 766 2473 qno
786 2390 859 2452 deus
876 2385 1014 2474 Mopsum
1034 2387 1153 2452 mittens
1175 2389 1218 2452 sic

63 2493 85 2554 ei
100 2491 216 2557 loeutus
234 2503 297 2572 est,
326 2495 376 2554 Sr'e
389 2495 466 2554 dr'ces
476 2495 555 2574 filiis
568 2496 676 2566 lsrael,
709 2496 767 2571 (lui
780 2503 839 2566 est,
865 2502 924 2554 eto.
970 2489 1058 2575 annd
1077 2490 1113 2554 de
1133 2502 1215 2575 patre
1226 2507 1324 2565 mnas,
1339 2510 1372 2556 rt.

63 2595 230 2676 praesertim
252 2595 375 2672 dicitnr,
408 2595 456 2678 qni
479 2596 581 2658 ordine
600 2595 711 2680 primus
731 2594 922 2679 intelligitur,
952 2598 1150 2675 opuoommb
1163 2611 1358 2676 po·npn.s,1s.

62 2702 174 2759 ternotus
197 2702 228 2760 e'u
251 2700 417 2760 cocinaria
433 2708 511 2759 terro
527 2703 698 2760 aemulentur.
746 2693 806 2780 Qui
833 2715 929 2781 neque
951 2696 988 2760 ab
1016 2697 1075 2760 ulio
1094 2706 1157 2774 est,
1189 2709 1219 2761 et

62 2797 92 2860 iis
113 2820 188 2884 quae
207 2809 279 2862 sunt
298 2819 402 2862 caussa
422 2808 469 2862 est
485 2811 516 2864 ot
532 2802 602 2863 siut.
650 2797 761 2863 Verum
779 2821 843 2862 oum
861 2809 892 2862 et
913 2799 989 2862 filins
1006 2798 1045 2862 sit
1068 2799 1216 2878 existens,

61 2909 87 2962 et
100 2901 167 2966 iliud
185 2899 243 2965 sibi
260 2903 504 2966 communicatum
525 2903 684 2987 acceperit,
709 2898 820 2966 Paulus
839 2897 1067 2978 samosatenus,
1091 2913 1121 2964 et
1134 2897 1219 2964 Mar·

62 3002 158 3082 celius,
176 3003 215 3065 ab
235 3003 285 3066 illa
308 2999 426 3067 loannis
445 3005 607 3078 sententia,
632 3026 689 3089 qna
707 3005 847 3090 seriptum
865 3014 923 3082 est,
946 3008 981 3066 ln
994 3007 1137 3085 pnircrpe'o
1154 3015 1217 3066 out
1229 3021 1307 3070 rom.
1321 3022 1372 3080 ι,ι.

61 3107 165 3168 nerium
184 3115 260 3182 etc.,
285 3106 397 3169 erroris
415 3107 602 3170 occasionem
620 3107 819 3193 arripuerunt,
839 3117 870 3169 ut
889 3106 935 3168 dei
955 3105 1042 3168 biinm
1061 3125 1133 3170 vere
1150 3125 1218 3170 csse

61 3205 140 3271 lilium
167 3207 284 3272 nollent
306 3228 481 3292 agnoscere.
537 3207 597 3273 Sed
618 3230 658 3273 ex
680 3210 743 3295 ipsa
769 3209 852 3274 verbi
877 3208 1072 3294 appellatione
1101 3229 1216 3289 arnsam,

61 3311 96 3372 nti
112 3311 263 3388 diximus,
294 3310 469 3396 arripientes
491 3311 579 3374 lilium
596 3312 642 3374 dei
663 3312 854 3388 vocabulum,
886 3311 962 3394 quood
986 3312 1023 3374 ab
1046 3331 1098 3375 ore
1115 3332 1218 3396 proce-

61 3409 112 3492 dit,
144 3436 181 3477 ac
206 3433 311 3477 vocem
336 3413 481 3478 nominari
503 3414 671 3477 voluerunt.
717 3409 764 3476 (ib
790 3413 818 3475 id
839 3422 937 3498 patros
959 3412 1001 3477 iili
1023 3412 1073 3498 qni
1094 3411 1217 3479 Paulum

61 3509 283 3580 samosatenum
310 3517 502 3596 damnarunt,
535 3516 572 3579 ob
598 3515 685 3578 talem
709 3513 1040 3599 interrogatiunculam,
1074 3527 1107 3581 ut
1129 3517 1217 3582 lilium

60 3617 264 3682 subsistentem
289 3629 320 3683 et
334 3619 511 3684 existentem
528 3628 640 3682 etcum
657 3615 706 3701 qni
724 3629 769 3682 est
788 3637 856 3682 esse
872 3618 1126 3700 demonstrarent,
1159 3641 1217 3684 non

62 3731 149 3785 autem
174 3719 351 3785 vocabulum
375 3721 510 3805 aliquod,
543 3720 630 3784 lilium
659 3719 853 3784 substantiam
876 3731 909 3784 ut
937 3734 1080 3786 vocarent
1100 3721 1216 3786 adducti

62 3833 139 3902 sunt,
173 3845 233 3909 qna
256 3824 438 3890 substantiae
462 3822 657 3908 appellatione
682 3823 709 3886 ld
734 3823 810 3907 quod
833 3817 1035 3910 perseipsum
1059 3823 1163 3888 existit
1180 3824 1216 3888 ab

64 3941 94 3986 eo
113 3927 188 4010 qnod
214 3947 269 4012 per
293 3945 326 3990 se
349 3948 407 3990 non
428 3925 531 3988 existit
552 3925 649 4008 aliquo
674 3924 843 3990 discrimine
867 3939 1051 4013 separarent.
1097 3925 1215 3992 Etenim

63 4028 230 4094 vocabulum
250 4048 303 4112 per
325 4049 393 4092 sese
409 4048 467 4092 non
484 4025 637 4106 subsistit,
668 4048 723 4091 nen
738 4049 805 4093 esse
822 4029 869 4093 dei
887 4031 961 4094 lilius
977 4038 1085 4114 potest.
1131 4029 1216 4094 Alin-

65 4129 106 4210 qui
122 4131 220 4215 plures
236 4140 325 4194 erunt
340 4128 395 4192 boc
412 4128 498 4192 modo
515 4128 565 4192 lilii
589 4127 647 4202 dei.
693 4127 770 4194 Nam
789 4143 872 4215 pater
892 4131 980 4194 muita
997 4131 1126 4196 omnium
1144 4153 1216 4198 con·

65 4229 184 4296 lessioue
201 4232 261 4296 blio
277 4231 392 4296 locutus
409 4242 472 4294 este
498 4240 530 4296 ut
550 4251 615 4294 oum
632 4230 719 4312 dixit,
742 4234 1048 4314 Feotfirnmmentum,
1072 4237 1159 4298 Frimt
1171 4239 1216 4300 iu-

68 4359 161 4420 PiiOH
190 4365 269 4419 ΤΩΝ
305 4365 396 4420 ΠΕΡΙ
420 4365 621 4420 Butuntos]
692 4365 869 4418 em.xt1.-
894 4363 1148 4426 l-xuiuiudcttm
1163 4375 1215 4427 doti.

69 4429 123 4483 ΚΑΙ
138 4433 326 4488 ΓΕΩΡΓΙΟΝ
351 4435 375 4488 0
397 4433 621 4488 ΥΠΟΜΝΗΜΑ-
654 4437 752 4498 temeto.

68 4495 211 4622 11:332.
255 4505 325 4566 Quod
348 4507 433 4556 vesun
457 4506 624 4556 nnimodnerttt
689 4503 715 4554 2.
732 4519 762 4570 γε
778 4519 824 4556 um.
842 4507 893 4558 cod.
909 4507 1005 4573 amaa.
1073 4579 1078 4587 Ι
