3044 5018
388 363 473 416 τοιιι
490 362 618 414 motus
636 362 719 414 νινε
737 362 930 419 pneumon.
1176 351 1235 416 631

84 476 203 547 Ἰωάννην
219 482 364 548 διηγοῦνται
379 474 509 552 άκριβιῦς,
536 481 663 549 λέγοντες,
688 475 817 543 Ἀκούσας
829 480 860 538 δέ
877 479 892 539 ά
905 477 1009 550 Ἰησοῦς
1024 477 1064 536 ύτι
1076 480 1210 550 παρεδύθη
1225 480 1239 538 ά

83 559 217 633 Ἰωάννης,
235 564 392 620 καταλειπιλν
410 567 470 632 (εἰσ)
483 565 531 633 τήν
548 565 671 633 Ναζαρέθ
686 565 839 637 κατῴκησεν
855 567 891 628 είς
906 564 1082 634 Καφαρναούμ
1097 565 1145 635 την
1158 585 1239 634 παρα-

84 647 226 705 θαλάσσιον.
260 650 314 706 Καί
332 647 394 722 ύρᾷς
412 645 452 705 ὅτι
468 649 533 706 κατὰ
548 646 672 718 άληθειαν
687 649 720 708 τὰ
743 649 825 707 πάντα
841 659 894 714 τοῖς
910 653 1025 720 τέτρασιν
1047 645 1240 720 εύαγγελισταίς

83 734 226 802 συμφώνως
251 737 355 804 τίρηται
390 735 443 788 Καὶ
459 733 507 804 γὰρ
530 737 575 790 καί
590 736 706 804 φαίνεται
720 733 767 804 τὰν
784 733 934 792 ἀκολουθίαν
951 734 1024 791 πάλιν
1041 735 1207 804 διηγούμενος
1224 734 1239 793 ο“

81 816 215 888 Ἰωάννης,
240 815 280 876 ὅτι
300 817 365 887 μετὰ
381 817 409 874 τὰ
427 821 533 888 ποιῆσαι
549 818 577 877 τά
595 823 692 890 πρῶτον
715 828 819 889 σημεῖον
835 820 879 876 τὸν
897 825 1019 889 σωτῆρσι,
1042 821 1087 874 καί
1103 820 1255 884 ἐλθεῖν“είς’

83 903 270 973 Καφαρναούμ,
287 905 394 972 ποιῆσαί
409 923 437 960 τι
453 904 510 960 ἐκεῖ
521 923 576 960 τινα
593 913 705 974 σημεῖα,
731 903 855 977 άναβῆνοιί
870 923 899 960 ττ
915 907 951 968 είς
966 905 1101 974 Ναζαρὲτ,
1118 906 1163 960 καί
1178 901 1238 961 άνα-

81 992 173 1058 γνῶναι
188 988 217 1046 τὰ
236 991 346 1061 βιβλίον,
363 989 548 1058 παραδοθέντος
562 989 646 1046 λοιπὸν
662 994 707 1045 τοῦ
725 992 862 1061 βαπτιστοῦ
880 981 959 1059 ὰλθεν
975 989 1020 1044 καί
1035 987 1187 1062 κατῴκησεν
1202 991 1239 1055 εἰς

81 1073 256 1143 Καφαρναούμ
275 1072 368 1136 πολλὰς
393 1073 501 1144 ἡμέρας.
536 1068 616 1130 Αύται
631 1076 662 1132 δέ
679 1076 740 1132 εἰσιν
758 1077 785 1130 αἱ
802 1074 866 1144 μετά
886 1075 933 1144 τήν
947 1072 1046 1143 η’μέραν
1062 1077 1112 1130 τῶν
1127 1070 1238 1144 Ἐπιφα-

78 1162 137 1215 νίων
152 1159 257 1228 κοίτην
274 1160 316 1215 έπλ
330 1159 508 1228 Καφαρναούμ
524 1162 569 1215 καί
586 1160 627 1217 ἐπί
642 1159 765 1228 Ναζαρὲθ
782 1160 877 1216 έλευσιν
896 1157 989 1222 αύτοῦ,
1017 1159 1122 1227 κοίτην
1138 1160 1175 1221 εἰς
1188 1156 1239 1216 ‘It-

79 1244 207 1314 ροσύλυμα
223 1244 308 1301 διὰτὸ
327 1244 424 1314 Πάσχα
438 1241 539 1306 ἄνοδον,
557 1246 602 1300 καί
616 1245 689 1301 πάλιν
704 1245 785 1301 έλθτῖν
802 1245 866 1314 πρὸς
881 1245 925 1302 τάν
940 1241 1077 1312 Ἰωάννην,
1096 1241 1158 1300 ὅπου
1173 1244 1238 1316 έβά-

77 1336 177 1400 ιιτιζεν,
196 1332 232 1392 είς
247 1331 327 1386 Αἰνύν
343 1332 387 1385 τοῦ
405 1331 494 1398 Σαλίμ
510 1331 579 1397 (εἰσ).
615 1325 692 1386 Οῦτω
708 1329 756 1399 γάρ
774 1331 858 1399 λέγει,
876 1328 950 1387 Μετὰ
966 1333 1039 1386 τοῦτο
1056 1333 1184 1398 κατῆλθεν
1201 1331 1238 1392 είς

78 1415 255 1485 Καφαρναούμ
272 1412 350 1477 αύτίς
365 1416 409 1470 καί
425 1413 445 1483 η’
462 1412 549 1486 μήτηρ
570 1410 665 1478 αύτοῦ,
688 1416 733 1470 καί
750 1417 773 1470 οἱ
788 1414 896 1484 άδελφολ
913 1411 1006 1478 αύτοῦ,
1032 1415 1078 1469 καί
1100 1415 1153 1470 έκτι
1170 1414 1238 1484 ἐμει-

76 1521 119 1557 ναν
137 1496 165 1556 ού
183 1500 276 1562 πολλάς
290 1498 398 1570 ἡμέρας.
434 1495 515 1554 Ούπω
531 1498 580 1570 γάρ
597 1496 690 1568 έδηἸου
707 1497 754 1568 τήν
769 1502 864 1556 τελείαν
880 1498 1025 1568 καταμονην
1039 1499 1097 1568 περί
1113 1491 1147 1568 οἷς
1163 1495 1238 1554 ύστε-

77 1606 117 1654 ρον
142 1585 209 1642 εἶπεν
234 1585 299 1654 μετὰ
316 1584 345 1641 τά
364 1587 541 1654 παραδοθῆναι
557 1583 601 1640 τάν
616 1580 752 1653 Ἰωάννην,
779 1583 880 1640 Ἐλθών
904 1582 1056 1658 κατῴκησεν
1075 1584 1112 1646 είς
1129 1585 1237 1654 Καφαρ

75 1670 157 1739 ναούμ
171 1672 217 1740 τήν
232 1669 448 1738 παραθαλάσσιον,
466 1671 511 1724 καί
526 1668 602 1738 ἐγγύς
616 1660 648 1738 η’ν
664 1669 692 1724 τί
713 1669 811 1741 Πάσχα
823 1673 873 1726 τιῦν
887 1667 1032 1726 Ἰουδαίων·
1052 1665 1089 1731 ω”ς
1102 1671 1171 1738 λέγει
1182 1669 1236 1732 καί,

75 1752 168 1828 ’Δυέβη
187 1758 224 1818 ιίς
238 1754 404 1824 Ἱεροσόλυμα
422 1753 436 1810 o*
454 1751 572 1824 Ἰησοῦς,
600 1755 645 1810 καί
661 1746 732 1823 ιύρεν
755 1755 814 1817 τούς
837 1757 983 1818 πωλοῦντας
1005 1754 1081 1825 ἐντῷ
1099 1757 1160 1826 ἱερῷ
1177 1754 1237 1818 τούς

75 1841 141 1912 βύας
166 1842 211 1898 καί
232 1841 265 1897 τὰ
289 1840 407 1911 πρόβατα
423 1841 467 1896 καί
483 1839 646 1910 περιστεράς,
672 1841 716 1895 καί
733 1839 792 1902 τοῦς
806 1839 978 1910 κερματιστὰς
992 1840 1165 1909 καθημένους,
1192 1841 1237 1896 καί

74 1926 142 1994 μετὰ
159 1926 188 1982 τὰ
206 1928 322 1998 ἐκβαλεῖν
338 1925 397 1988 τούς
413 1922 507 1988 αύτούς
529 1924 699 1994 κερματιστὰς
722 1928 767 1980 καί
788 1925 846 1988 τοῦς
867 1928 1002 1987 πολοῦντας
1016 1923 1063 1986 τάς
1075 1925 1234 1994 περιστεράς,

73 2013 118 2068 καί
136 2010 169 2068 τὰ
184 2007 264 2079 ἄλλοι,
288 2011 333 2066 καί
348 2011 490 2080 εἰρηκέναι,
512 2003 609 2078 ΙἈροιτε
625 2012 706 2065 ταῦτα
721 2009 804 2073 ἐνθεν,
831 2009 876 2064 καί
890 2008 928 2078 μή
944 2013 1034 2078 ποιῆτε
1049 2009 1092 2065 τὸν
1107 2009 1174 2066 οἶκον
1190 2009 1235 2067 τοῦ

71 2095 171 2165 πατρός
187 2117 234 2165 μου
252 2093 319 2152 οἶκον
334 2095 467 2164 ἐμπορίου,
485 2099 528 2150 καί
544 2089 682 2162 άκηκοέναι
695 2091 753 2164 παρ’
769 2090 869 2156 αύτιῦν,
888 2095 923 2149 Τί
940 2101 1043 2162 σημεῖον
1059 2093 1183 2156 δεικνύεις
1199 2092 1235 2163 η-

72 2189 129 2248 μῖν,
150 2177 191 2236 ὅτι
205 2184 287 2237 ταῦτα
303 2188 395 2245 ποιεῖςς
413 2182 458 2237 καί
473 2175 659 2248 εἶπενάύτοῖς,
677 2179 782 2234 Λύσατε
794 2178 837 2234 τὰν
852 2177 910 2234 ναῦν
924 2177 1026 2242 τοῦτον,
1052 2179 1097 2234 καί
1112 2179 1137 2232 ἐν
1154 2180 1234 2248 τρισίν

71 2264 185 2334 η’μέραις
207 2267 296 2336 ἐγείρω
321 2263 413 2320 αύτάν·
441 2261 486 2322 ῦτε
505 2261 656 2332 Νικόδημος
674 2255 740 2332 ἦλθε
761 2262 825 2331 πρὸς
847 2259 940 2331 αύτόν,
965 2264 1010 2319 καί
1027 2262 1092 2332 μετὰ
1108 2262 1137 2318 τὰ
1156 2265 1233 2321 εἰπεῖν

70 2347 152 2406 πολλά
173 2369 266 2420 φησιν,
289 2344 388 2406 Ἦλθεν
412 2349 427 2407 ά
448 2347 552 2419 Ἰησοῦς
575 2349 619 2404 καὶ
643 2351 665 2405 οί
683 2349 798 2418 μαθηταί
818 2344 896 2404 αύτοῦ
912 2349 949 2410 είς
971 2347 1018 2416 τὰν
1033 2345 1158 2404 Ἰουδαίαν
1173 2351 1232 2418 γῆν,

70 2435 116 2490 καί
133 2435 191 2490 έκεῖ
203 2436 325 2505 διέτριβεν
343 2431 396 2503 μετ’
412 2431 495 2492 αύτιῦν
509 2435 553 2488 καί
567 2433 713 2506 ἐβάπτιζεν*
739 2424 772 2502 ἦν
787 2434 817 2490 δέ
832 2434 877 2488 καί
890 2429 1013 2502 Ἰωάννης
1037 2433 1062 2487 έν
1082 2435 1160 2489 Αίνυῦν
1171 2435 1232 2504 (sic)

69 2518 153 2588 ἐγγύς
167 2521 211 2574 τοῦ
233 2517 347 2588 Σαλὰμ,
374 2511 414 2574 ἔτι
432 2511 514 2572 ῦδατα
529 2518 607 2574 πολλὰ
623 2510 656 2588 ἦν
674 2519 742 2574 ἐκεῖ·
768 2515 838 2574 οῦττω
854 2517 902 2588 γάρ
918 2509 950 2587 η’ν
965 2519 1120 2589 βεβλημένος
1134 2518 1170 2580 είς
1184 2517 1232 2586 την

68 2603 190 2672 φυλακην
205 2601 219 2659 ά
236 2600 371 2672 Ἰωάννης·
391 2604 435 2656 τοῦ
451 2603 480 2658 δὲ
494 2599 611 2659 Ἰωάννου
633 2602 712 2661 πολλὰ
730 2602 858 2669 ιίπύντος,
883 2599 936 2666 ὅτι,
966 2601 998 2658 '0
1015 2603 1079 2674 έχων
1102 2602 1149 2671 την
1164 2602 1232 2672 νύμ-

68 2708 123 2757 φην
139 2690 246 2759 νυμφίος
261 2689 345 2754 ἐστίν,
371 2686 425 2743 εἶτα
441 2689 508 2756 λέγει
524 2688 553 2744 τά
573 2685 735 2759 εύαγγέλιον,
753 2687 803 2751 Ὧς
816 2678 858 2744 σύν
874 2688 937 2757 ἔγνω
955 2687 968 2742 ύ
983 2684 1140 2756 Ἰησοῦςῦτι
1154 2685 1232 2758 ἤκου·

68 2792 116 2828 σαν
133 2777 157 2829 οί
172 2775 309 2843 Φαρισαῖοι
325 2769 365 2830 ὅτι
379 2771 482 2841 Ἰησοῦς
498 2775 612 2836 πλείονας
626 2772 745 2842 μαθητάς
760 2781 828 2828 ποιεῖ
843 2774 887 2827 καί
900 2773 1015 2842 βαπτίζει
1028 2771 1159 2843 Ἰωάννης,
1177 2794 1232 2830 και-

66 2862 107 2916 τοί
121 2877 154 2928 γε
171 2856 274 2927 Ἰησοῦς
288 2853 369 2920 αύτύς
386 2855 433 2913 ούκ
450 2857 599 2930 ἐβάπτιζεν,
628 2855 682 2915 ἀλλ’
699 2861 722 2914 οί
739 2859 854 2928 μαθηταί
870 2854 963 2926 αύτοῦ,
989 2854 1090 2928 άφῆκεν
1104 2858 1152 2927 τήν
1164 2855 1231 2914 Ἰου-

66 2945 144 3000 δαίαν
169 2947 217 3014 γῆν
233 2946 278 3000 καί
293 2941 395 3012 ἀπῆλθε
409 2942 482 2998 πάλιν
496 2945 532 3006 είς
547 2943 595 3012 τὰν
611 2945 755 3000 Γαλιλαίαν.
783 2938 863 3000 Ἔδει
878 2942 908 3000 δὲ
924 2940 1001 3002 αύτῦν
1023 2945 1169 3014 διέρχεσθαι
1188 2945 1232 3008 διά

65 3031 118 3098 τῆς
133 3031 293 3099 Σαμαρείας,
311 3024 355 3085 ὅτε
369 3029 411 3084 έπί
423 3031 461 3100 τῷ
475 3031 566 3098 φρέατι
582 3029 713 3098 έκαθέσθη
728 3030 773 3084 καί
789 3031 822 3100 τη
837 3030 1007 3097 Σαμαρείτιδι
1020 3029 1151 3100 διελέχθη.
1177 3031 1231 3087 Καί

65 3111 251 3183 α’νηγγειλενιί
271 3117 428 3184 Σαμαρεῖτις
442 3115 499 3180 περί
514 3111 592 3170 αύτοῦ
609 3116 635 3168 έν
655 3117 688 3184 τῇ
706 3113 793 3178 πόλει,
811 3116 856 3170 καί
871 3104 950 3182 ἦλθον
966 3113 1030 3182 πρὰς
1047 3112 1122 3169 αύτύν
1139 3117 1162 3170 οἱ
1175 3118 1230 3172 Σα·

66 3207 190 3268 μαρεῖται
203 3201 247 3254 καί
262 3199 417 3268 παρεκάλουν
432 3197 509 3254 αύτὰν
526 3207 609 3266 μεῖναι
624 3198 682 3266 παρ’
696 3194 797 3266 αύτοῖς,
816 3200 860 3254 κοιλ
876 3199 972 3267 ἔμεινεν
988 3199 1045 3255 έκεῖ
1059 3194 1105 3254 δύο
1120 3197 1230 3269 η’μέρας,

65 3285 113 3339 καί
139 3288 222 3354 πολλῷ
241 3286 341 3346 πλείους
363 3283 512 3338 ἐπίστευσαν
537 3282 580 3339 διὰ
600 3282 643 3338 τάν
660 3283 732 3351 λύγον
748 3281 834 3339 αύτοῦ.
869 3281 943 3338 Μετὰ
959 3283 988 3340 δέ
1006 3282 1053 3346 τάς
1067 3284 1114 3340 δύο
1129 3282 1231 3355 ’ἡμέρας

64 3360 149 3436 ἦλθεν
174 3369 210 3430 εἰς
227 3369 274 3437 τήν
297 3370 442 3424 Γαλιλαίαν.
479 3370 531 3422 Καὶ
548 3359 580 3437 η’ν
597 3388 635 3430 τις
653 3368 784 3438 βασιλικὰς
801 3362 831 3424 ού
848 3367 863 3425 ά
879 3367 934 3430 υίὰς
955 3364 1060 3437 η’σθένει
1076 3369 1102 3426 έν
1118 3372 1229 3441 Καφαρ-

63 3453 166 3520 ναούμ,
195 3449 239 3510 ὅτε
264 3452 330 3508 εἶπεν
347 3451 417 3526 αύτῷ
434 3449 579 3521 σ’Ἰησοῦς,
606 3453 736 3522 Πορεύου,
762 3453 845 3516 ύυίύς
863 3473 907 3509 σου
932 3458 980 3525 ζῇ,
1007 3456 1051 3510 καί
1074 3455 1230 3526 ἐπίστευσεν,

63 3539 112 3594 καί
131 3537 194 3607 ἰάθη
211 3537 226 3594 ά
242 3546 311 3602 παῖς.
345 3539 398 3595 Καί
416 3540 483 3608 λέγει
499 3535 527 3594 τά
548 3535 707 3607 εύαγγέλιον,
734 3536 855 3606 Δεύτερον
872 3540 944 3596 πάλιν
963 3547 1068 3608 σημεῖον
1082 3541 1198 3608 ἐποίησεν
1214 3539 1229 3597 ά

62 3623 173 3692 Ἰησοῦς
196 3623 277 3680 έλθιὰν
296 3625 326 3680 ένι
341 3629 391 3692 τῆς
411 3620 538 3685 Ἰουδαίας
561 3624 598 3690 εἰς
614 3621 662 3693 τήν
675 3625 820 3680 Γαλιλαίαν.
855 3623 929 3680 Μετὰ
945 3629 1018 3681 τοῦτο
1034 3617 1067 3695 η’ν
1084 3625 1159 3694 έορτὰ
1178 3627 1229 3682 τῶν
1252 3629 1255 3634 ’

61 3709 213 3772 Ἰουδαίων,
238 3707 310 3778 οἶμαι
326 3710 355 3765 δέ
371 3707 410 3764 ὅτι
425 3711 483 3776 περλ
506 3705 586 3777 άλλης
608 3709 699 3778 ἐορτῆς
721 3706 851 3766 Ἰουδαίων
868 3711 950 3779 λέγει,
976 3706 995 3779 ἦ
1014 3705 1228 3779 ΙΙεντεκοστ-ῆςήΙ

62 3798 271 3865 Σκηνοπηγιῶν,
289 3825 321 3838 -
346 3797 391 3850 καί
412 3793 492 3865 άνέβη
515 3789 619 3863 Ἰησοῦς
637 3795 674 3856 είς
688 3791 869 3866 Ἱεροσόλυμα,
896 3791 939 3853 ὅτε
953 3796 994 3850 ἐπί
1009 3798 1058 3863 τῆς
1071 3797 1229 3866 προβατικῆς

63 3877 253 3952 κολυμβήθρας
268 3879 349 3936 έλθὰν
363 3881 388 3935 έν
405 3879 527 3953 σαββάτῳ
543 3879 634 3935 ίάσατο
644 3878 687 3935 τὰν
700 3879 899 3948 τριακοντοοκτιύ
915 3881 995 3936 ἐτεσιν
1008 3881 1034 3936 ἐν
1046 3877 1167 3951 άσθενείςι
1180 3899 1228 3936 πα-

63 3967 242 4036 ραλελυμένον.
277 3961 441 4022 ’Δπεντεῦθεν
464 3963 547 4021 λοιπὰν
563 3965 738 4032 πληρωθέντος
755 3967 798 4020 τοῦ
818 3968 909 4022 δεκτοῦ
926 3966 1038 4022 ἐνιαυτοῦ
1060 3961 1168 4034 ἤρξαντο
1181 3963 1228 4021 αύ-

62 4051 110 4108 τόν
128 4050 247 4114 διύκτιν,
275 4051 347 4116 ἐξύτι
362 4051 405 4106 τὰν
424 4052 465 4108 έπλ
481 4055 531 4119 τῆς
554 4049 736 4122 κολυμβήθρας
758 4040 924 4117 παραλύτικον
946 4048 1036 4106 ίάσατο
1051 4050 1077 4105 έν
1094 4051 1226 4124 σαββάτῳ.

62 4135 137 4192 Εἶτα
152 4134 223 4192 πάλιν
238 4137 320 4204 λέγει,
347 4134 491 4193 Ἐπιπλεῖον
507 4138 567 4206 (sie)
592 4135 696 4192 ἐδίωκον
714 4137 738 4190 οί
753 4131 872 4191 Ἰουδαῖοι
885 4135 927 4190 τὸν
939 4133 1056 4203 Ἰησοῦν,
1080 4130 1120 4192 ὅτι
1136 4132 1165 4192 ού
1180 4135 1228 4207 μύ-

61 4242 104 4277 νον
124 4221 181 4276 ἐιυε
195 4219 224 4276 τὰ
243 4223 383 4294 σάββατον,
409 4219 473 4278 ἀλλὰ
493 4223 537 4277 καί
557 4222 654 4286 πατέρα
675 4223 736 4276 ἴδιον
753 4219 837 4289 έλεγεν
854 4219 896 4276 τὰν
913 4221 985 4286 θεὸν,
1010 4220 1064 4277 ἶσον
1086 4223 1134 4290 (ita
1150 4225 1227 4278 etiam

61 4311 158 4360 Venet.
182 4309 284 4376 ubique)
310 4307 397 4363 έαυτόν
421 4309 497 4362 ποιων
520 4307 557 4378 τῷ
574 4309 636 4378 θεῷ.
671 4308 736 4368 Παῖς
753 4296 794 4360 ούν
818 4303 847 4361 ού
868 4308 1059 4376 καταγνωστέαι
1074 4310 1100 4363 αἱ
1116 4310 1226 4378 αἱρέσεις

60 4393 171 4460 ἐλλειπῆ
196 4397 311 4449 ποιοῦσαι
329 4392 371 4450 τὰν
394 4393 447 4448 υἱὸν
471 4391 535 4460 πρὸς
550 4392 593 4448 τάν
610 4394 722 4461 πατέρας
753 4383 821 4448 Ἰσον
836 4391 901 4460 γάρ,
926 4393 1019 4461 φασίν,
1044 4392 1133 4450 ἐαυτὸν
1148 4397 1225 4452 ποιῶν

59 4481 102 4549 τῷ
123 4479 185 4548 θεῷ.
216 4469 299 4547 ’Λέγει
322 4476 349 4533 τά
374 4475 531 4547 εύαγγέλιον,
555 4477 630 4533 Μετὰ
652 4478 778 4533 δὲταῦτα
801 4475 915 4546 άπῆλθεν
932 4473 945 4534 ὁ
960 4474 1063 4548 Ἰησοῦς
1083 4480 1159 4549 πέραν
1174 4485 1225 4549 τῆς

60 4560 202 4630 θαλάσσης
222 4565 270 4632 τῆς
285 4563 422 4625 Γαλιλαίας
437 4565 487 4630 τῆς
503 4561 668 4634 Τιβεριάδος,
694 4559 832 4631 ἠκολούθει
846 4562 876 4620 δὲ
891 4560 961 4634 αύτῷ
983 4558 1057 4635 ὄχλος
1073 4563 1166 4629 πολύς,
1193 4564 1224 4621 ὁ·

60 4649 162 4715 ρῶντις
175 4646 206 4702 τοὶ
222 4655 318 4718 σημεῖα
335 4643 352 4703 ὰ
368 4648 446 4704 ἐποίει
459 4647 501 4703 έπλ
516 4649 567 4704 τῶν
581 4643 761 4706 άσθενούντοιν.
796 4649 919 4720 ’Δνῆλθεν
936 4639 978 4710 οὖν
995 4648 1009 4706 ά
1024 4647 1128 4721 Ἰησοῦς
1142 4651 1180 4716 είς
1193 4653 1227 4710 τὰ·
