3066 5016
299 387 435 438 raanan
453 387 515 438 nra.
527 389 571 438 ιιι.
589 387 713 439 romu.
732 386 830 438 nana.
841 386 953 438 cxxx.
1138 371 1198 436 tar

39 525 135 590 paene
153 506 328 592 scripturam
353 527 405 570 ora
433 508 640 593 pronuntiant,
674 507 798 590 impigre
822 527 857 569 nc
876 515 998 568 strenue
1016 515 1067 568 ant
1088 473 1201 570 orando

37 618 90 670 aut
108 609 238 692 psalmos
265 610 459 673 emodulando
483 609 677 694 pervigilant,
709 609 849 672 solennes
866 609 902 670 de
922 629 1004 671 more
1022 619 1200 688 conuentus,

37 730 73 771 ac
98 712 257 793 quotannis
279 711 457 776 constitutos
482 711 608 790 obeunt,
642 720 735 775 statas
760 711 863 787 horas,
899 721 927 772 et
952 708 1075 773 alternis
1097 710 1200 794 spatiis

37 812 180 874 continuo
203 814 366 899 descriptas
389 814 536 899 perpetuis
559 815 697 876 addeum
724 812 877 877 fundendis
903 811 1056 896 precibus,
1088 831 1201 874 summa

36 935 103 976 cum
119 913 284 979 abiectione
299 917 389 980 animi
405 937 440 980 au
454 915 611 979 laboriosis
627 915 784 998 gemitibus
802 913 981 996 transigunt,
1005 935 1071 976 oum
1086 912 1201 978 interea

35 1016 184 1102 propriis,
210 1017 249 1081 uti
269 1018 348 1096 dixi,
381 1017 534 1096 manibus,
567 1018 701 1081 adiuncta
719 1016 842 1102 spiritali
860 1016 1092 1093 exercitatione,
1127 1035 1201 1100 opus

35 1119 210 1198 instituant,
243 1141 279 1184 ne
295 1133 345 1185 aut
363 1121 459 1205 inopia
476 1119 629 1196 laborent,
661 1130 710 1183 aut
728 1119 757 1182 in
776 1120 918 1182 humanas
933 1118 1136 1182 simulationes
1155 1117 1200 1180 in·

35 1222 154 1299 ridant,
187 1223 249 1302 sio,
282 1235 312 1286 ut
334 1223 429 1308 impiis
448 1222 540 1286 libere
567 1222 721 1286 veritatem
740 1221 836 1306 oloqui
856 1221 1071 1298 nonandemt,
1103 1237 1199 1304 oeque

34 1323 70 1386 ab
87 1343 190 1387 eorum
215 1325 362 1388 bominum
389 1325 436 1410 qni
463 1345 515 1409 per
538 1325 620 1386 netas
637 1345 671 1388 ac
692 1344 851 1409 pauperum
870 1321 1006 1386 iniuriam
1031 1320 1200 1408 locupletati

33 1437 103 1488 sunt
121 1428 297 1510 contagione
318 1449 352 1492 ac
371 1427 493 1490 maculis
517 1425 667 1490 vindicare
689 1446 758 1490 sese
779 1425 910 1510 possint,
942 1445 998 1489 nec
1015 1424 1132 1488 illorum
1149 1423 1199 1487 dc·

33 1529 124 1612 nique
143 1529 262 1592 cibariis
282 1549 401 1607 carere,
431 1529 507 1612 quod
525 1528 611 1592 iustis
635 1528 782 1592 laboribus
799 1528 998 1612 quotidianum
1015 1526 1070 1590 sibi
1088 1526 1198 1590 victura

33 1651 208 1715 comparare
231 1642 397 1715 nequeant,
430 1632 485 1694 sed
508 1631 545 1693 ob
565 1630 691 1716 inopiam
714 1652 755 1696 ex
777 1632 837 1694 otio
853 1641 885 1694 et
904 1630 1012 1694 inertia
1035 1629 1199 1694 derivatam

32 1732 68 1794 ad
94 1733 246 1796 beatorum
270 1753 387 1796 mertsas
410 1734 572 1816 coningere
595 1743 750 1817 cogantur.

121 1831 349 1916 Quamobrem
366 1835 496 1898 diuinum
516 1855 570 1898 nos
586 1835 734 1898 oraculum
758 1837 861 1912 docet,
894 1839 939 1898 Ne
957 1839 1140 1916 conruptione
1155 1838 1197 1896 σι’·
1221 1844 1280 1912 cap.
1298 1845 1329 1896 v.

32 1939 81 1998 bos
97 1942 234 2013 diarium,-
266 1941 385 2000 dt'ena'rn
400 1959 463 1999 cunr
484 1939 614 1999 mendaci
628 1943 686 2000 ur'to
704 1941 851 2000 coniuncti
870 1949 947 1998 runt.
995 1936 1073 2000 Tum
1091 1937 1149 2000 alio
1166 1936 1196 1999 iu
1209 1910 1351 1970 ‘mm

32 2039 99 2102 loeo
118 2039 262 2104 eiusmodi
278 2039 379 2125 qttalcs
398 2039 522 2124 appositi
541 2038 649 2102 luerint
666 2039 795 2103 uicissim
811 2040 1029 2124 praeparandos
1044 2040 1194 2117 admonet,

32 2145 116 2220 (laod
130 2147 161 2202 ιι·
173 2145 345 2205 inscrutabili&
363 2165 410 2216 es,
443 2145 523 2204 allius
539 2143 616 2203 eibos
633 2163 669 2204 ne
687 2145 880 2222 conruptione.
928 2138 994 2224 Qua
1010 2142 1039 2206 in
1058 2161 1091 2204 re
1108 2161 1195 2227 proe-
1226 2167 1284 2212 nm.
1298 2167 1318 2212 ι.

30 2245 143 2306 claram
164 2245 246 2329 pueri
270 2244 311 2308 illi
332 2243 483 2326 Babylone
507 2244 631 2327 gloriam
657 2242 754 2329 adepti
777 2254 847 2308 sont
867 2243 915 2328 qui
941 2244 1091 2328 repudiata
1116 2243 1197 2327 regis

30 2366 136 2409 mensa
155 2346 314 2430 exquisitis
330 2346 415 2410 buius
429 2346 522 2431 epulis
538 2345 683 2429 legumina
700 2346 901 2430 praetulerunt
917 2367 952 2410 ao
968 2347 1084 2410 divitias
1098 2346 1197 2431 splen·

29 2447 192 2532 daremque
213 2459 464 2534 contempserunt.
509 2446 576 2512 Neo
592 2449 678 2514 aliter
695 2443 837 2534 Moyses,
861 2448 908 2533 qni
927 2447 1032 2511 vexari
1047 2447 1290 2561 affligiqueflapau.
1302 2465 1326 2511 r.

29 2571 95 2613 cum
113 2551 220 2635 popolo
236 2551 282 2614 dei
298 2572 383 2636 qnam
401 2549 595 2637 Aegyptiacis
613 2552 760 2615 thesauris
776 2551 886 2636 pertrui
908 2549 1021 2614 maluit.
1053 2548 1112 2634 Qui
1129 2548 1192 2633 qoi-
1221 2518 1348 2575 ”m

29 2654 95 2714 dem
116 2653 184 2716 dum
199 2652 261 2716 suis
279 2652 343 2739 ipsc
361 2654 494 2722 inanibus
512 2674 585 2737 opos
601 2662 743 2732 exercet,
766 2652 906 2738 propbeta
924 2656 1017 2717 lactus
1037 2663 1094 2715 cst.
1141 2649 1194 2716 llle

29 2755 111 2817 enim
130 2755 194 2839 ipse
220 2755 327 2820 nobilis
349 2767 410 2820 eta
432 2755 488 2819 lilia
512 2755 591 2839 regis
606 2756 778 2841 adoptatus,
812 2767 844 2818 ut
860 2776 896 2818 nc
913 2756 1025 2819 otiosus
1049 2775 1123 2839 pane
1142 2775 1194 2819 ve·

29 2867 182 2932 serretur,
218 2857 307 2942 opilio
331 2858 509 2922 constitutus
535 2869 592 2921 est.
638 2855 717 2922 ldem
743 2869 773 2920 et
795 2869 878 2943 puter
901 2867 1003 2921 noster
1026 2854 1114 2920 laoob
1138 2877 1194 2920 uos

31 2959 152 3035 docuit,
184 2981 249 3022 curu
268 2957 612 3044 Libanumalloquens‚
643 2963 786 3034 Darnr'lr',
817 2959 928 3044 inquit,
959 2964 1052 3040 operr's
1070 2963 1190 3041 clr‘quril,
1219 2977 1320 3023 emus

27 3066 180 3142 proponitur
198 3074 231 3123 ur
246 3067 348 3126 arctum
373 3083 504 3124 mmmm.
550 3059 636 3126 Unde
653 3072 682 3124 et
702 3082 718 3125 ι
736 3082 843 3125 socero
862 3061 960 3124 arvium
979 3061 1078 3124 itidem
1094 3061 1193 3145 gregi·

30 3164 85 3226 bus
114 3164 292 3247 praelioitor.
339 3161 424 3247 Quae
443 3162 553 3226 ideirco
574 3165 648 3228 laeto
669 3162 869 3243 anatomia,
894 3183 932 3226 ue
945 3163 1039 3226 sancti
1059 3161 1193 3228 homines

30 3285 136 3351 paoem
163 3265 250 3330 otiosi
279 3267 477 3330 comederent.
530 3265 684 3350 Apostolis
710 3286 782 3330 vero
813 3287 829 3329 a
858 3265 977 3329 domino
1007 3275 1194 3351 praeceptum

31 3369 108 3432 istud
129 3379 175 3432 est
198 3379 230 3432 nt
250 3368 340 3433 divini
363 3368 446 3432 verbi
471 3368 690 3452 praedicatione
716 3368 984 3448 annuntiassent,
1017 3389 1054 3430 oe
1071 3389 1111 3432 ex
1129 3368 1194 3432 aliis

29 3469 103 3534 alias
126 3470 155 3534 io
173 3471 262 3534 urbes
278 3493 314 3534 ae
332 3472 395 3534 loca
418 3469 606 3555 praedicandi
622 3489 726 3534 caussa
742 3470 902 3555 migrantes
920 3471 1010 3534 variis
1027 3471 1116 3534 rebus
1134 3471 1193 3536 dis·

32 3574 236 3637 traherentur.
281 3577 394 3654 Dignus
420 3587 463 3634 eut
484 3577 557 3641 enain
579 3578 727 3654 operaratus
750 3577 875 3636 mercede
890 3595 962 3650 sac,·
998 3585 1045 3653 et,
1077 3575 1192 3654 Sufficit
1228 3588 1314 3635 Μιιιιι.

29 3681 162 3758 operario
187 3679 349 3738 charentum
377 3697 467 3737 suum.
525 3671 621 3757 Quam
650 3676 772 3738 eandem
798 3676 836 3738 ob
860 3695 994 3740 caussam
1022 3675 1189 3760 pastoribus
1201 3641 1344 3800 iii-’life

31 3801 85 3864 pro
109 3777 271 3840 incredibili
299 3779 427 3864 ipsorum
455 3779 484 3840 io
507 3776 706 3861 gubernandis
736 3777 850 3862 populis
881 3778 1072 3864 occupatione
1102 3773 1221 3862 atquc'
1283 3775 1289 3790 '

30 3881 234 3946 ecclesiastiea
252 3879 459 3966 procuratione
480 3879 759 3964 administrandique
780 3881 880 3944 labore
899 3893 1039 3966 perpetuo
1060 3881 1190 3944 divinum

31 3987 87 4047 boc
103 3985 252 4048 oraculum
270 3983 375 4046 edicite
411 3987 480 4061 (iuri
498 4005 617 4064 gregem
631 3988 742 4064 pareri,
775 3995 804 4044 et
821 3988 901 4046 allaim
920 3989 993 4046 lacte
1008 4005 1064 4046 non
1078 3987 1330 4058 clr'turtt.oor.t‚r.

32 4092 102 4166 (luti
116 4089 233 4167 plantat
247 4089 371 4159 aeneum,
396 4099 426 4146 et
439 4089 499 4147 eiua
513 4088 614 4166 fructu
631 4107 687 4148 non
704 4090 849 4149 ursmiur?
893 4083 1025 4164 Deinde,
1057 4091 1187 4167 Operum

31 4189 143 4272 inquit,
175 4198 322 4250 norontem
338 4191 495 4268 cgrr'eclcm
513 4200 580 4250 onte
600 4209 694 4252 omnes
708 4211 765 4271 pur
782 4201 826 4250 est
837 4192 953 4270 fructus
969 4193 1052 4250 edere
1058 4216 1069 4265 ,·
1102 4193 1140 4252 ut
1151 4209 1189 4254 ue

30 4291 257 4377 presbyterum,
292 4290 338 4352 rel
363 4292 531 4375 episcopum
550 4291 719 4374 quotidiano
739 4291 805 4355 cibo
822 4293 999 4376 indigentem
1016 4291 1186 4356 constituat.

31 4391 79 4459 Ob
97 4395 124 4456 id
142 4392 263 4478 populos
280 4393 466 4471 adhortatur,
493 4403 524 4455 ut
540 4413 614 4476 quae
634 4394 668 4456 ad
687 4393 809 4457 alendos
826 4395 994 4458 sacerdotes
1018 4395 1189 4460 necessaria

30 4507 98 4560 rorat
117 4495 288 4558 iustissimis
306 4493 368 4558 suis
392 4495 541 4559 laboribus
561 4495 914 4581 quaesita'suppeditent‚
951 4497 1111 4562 offerendis
1129 4498 1188 4584 pri-

63 4633 121 4686 ειν.
142 4631 172 4682 V.
200 4659 233 4670 -
278 4631 297 4682 t.
326 4627 399 4702 λόγον
422 4633 594 4686 retentandum
609 4645 657 4684 cerr
673 4634 733 4684 unu
750 4635 870 4688 Petuntur.
