3072 5002
328 316 466 374 ranaatt
482 324 546 375 nro.
564 325 607 375 nr.
627 323 709 402 Tou.
723 323 742 374 r.
759 321 861 374 nana.
875 321 996 372 nxxtv.
1177 295 1244 376 ‘165

85 439 235 505 Postremo
253 441 380 506 infinitis
393 443 423 505 in
440 444 604 529 scripturae
627 443 702 508 lonis
726 441 879 527 sqiritnunr
905 443 1010 506 saetam
1030 461 1097 504 esse
1120 443 1245 508 mentio-

84 565 145 607 nenr
161 545 311 628 sapientes
326 546 503 629 intelligunt.
553 544 612 611 Sed
630 547 869 631 quemadmodum
888 545 986 628 plnres
1003 555 1073 608 sunt
1087 545 1244 630 adoptione

83 647 125 710 ret
142 647 298 711 vocatione
317 649 388 728 otii,
414 671 472 716 non
497 649 641 728 veritate,
667 670 703 712 eo
722 649 797 732 quod
815 659 845 710 et
865 648 948 712 initio
969 658 999 711 et
1014 648 1073 710 tino
1093 658 1242 728 onustant,

83 751 154 812 etad
174 753 354 834 pensandum
379 753 516 836 propensi
537 762 624 831 sunt,
656 752 700 814 sio
726 761 757 814 et
777 750 897 836 spiritus
922 749 1079 836 adoptione
1103 761 1172 814 sont
1193 761 1246 816 ant

81 853 234 916 roratione
259 855 442 940 complures,
477 854 525 940 qui
544 865 574 918 et
597 856 624 918 in
649 866 798 939 pennatum
819 854 902 939 proni
929 863 998 917 sont
1024 873 1058 917 ao
1083 853 1241 938 proclives.

82 954 257 1040 Atspiritns
282 967 403 1020 sanetus
427 957 508 1021 solus
530 967 648 1044 apatre
668 945 700 1020 'et
717 957 796 1034 otio,
829 961 956 1037 Sprit'tus
973 961 1118 1030 ueritatis,
1151 969 1180 1018 et
1196 961 1245 1020 dei
1267 961 1346 1058 {pupp-

79 1063 210 1138 phiris,
243 1072 273 1121 et
287 1065 406 1143 sprin'tus
427 1063 551 1133 Chresti,
582 1065 742 1141 etspirittu
755 1066 871 1140 granos
892 1059 1071 1122 nominatur.
1119 1057 1241 1122 Gratiii-
1293 1047 1301 1072 ’
1340 1043 1346 1060 ’

81 1172 159 1223 nator
176 1162 255 1224 eninr
273 1162 447 1246 uniruique,
473 1183 507 1224 ao
526 1163 632 1227 bonum
652 1162 742 1226 variis
760 1163 853 1226 modis
874 1163 1051 1246 impertitur.
1098 1163 1171 1224 Nom
1189 1165 1325 1224 ahilon·
1334 1170 1396 1228 1²2⁸

79 1269 194 1343 spirtius
211 1270 368 1345 sopientrbe
386 1269 571 1339 ronedaiur,
604 1268 693 1327 olteri
711 1271 829 1346 spiritus
853 1269 1003 1338 srr'entioe,
1037 1266 1103 1325 dur'e
1125 1269 1243 1344 spr'ritus

71 1369 273 1448 sortr'todirnb,
308 1371 356 1429 iiii
374 1372 493 1448 spii-itm
514 1373 709 1442 coronopum,
746 1368 793 1430 isti
822 1371 941 1449 spri‘itus'
958 1370 1141 1447 prophetin,
1177 1365 1243 1429 boio

78 1474 193 1550 spiritus
216 1474 412 1545 discretionis,
438 1476 700 1552 interpretationum
723 1473 777 1533 ilii.
825 1471 872 1533 Ao
890 1481 991 1532 uetera
1010 1469 1135 1552 denique
1152 1471 1241 1546 dona,
1290 1479 1293 1484 '

78 1583 105 1634 nt
119 1583 246 1637 testatur
260 1574 427 1657 apostotusr
456 1577 533 1636 Unus
542 1595 632 1654 porro
647 1585 676 1634 et
691 1578 761 1636 dien
777 1577 896 1655 spr'ritus
913 1585 966 1648 est,
991 1577 1117 1634 druriiens
1133 1576 1243 1634 unirui-

78 1698 125 1755 que
136 1688 230 1756 prom
245 1679 323 1738 nult:
347 1683 478 1758 quonium
494 1681 614 1757 sprn'nrs
630 1687 695 1738 tuus
711 1678 799 1739 bonus
813 1680 933 1739 deducet
950 1669 994 1736 rne
1010 1680 1094 1749 deus,
1120 1674 1161 1736 ait
1178 1672 1238 1738 Da·
1271 1667 1369 1776 {affl

77 1777 133 1840 rid.
169 1776 241 1855 vet,
264 1783 392 1860 Spiritus
409 1781 460 1840 ubi
471 1783 535 1840 uult
547 1784 648 1859 spirat.
697 1774 811 1862 Quibus
830 1779 928 1842 verbis
945 1777 1154 1842 subsistentem
1174 1797 1241 1841 esse
1255 1773 1364 1830 ¹⁰¹⁰¹¹·³2
1376 1773 1396 1818 ⁸·

77 1881 206 1963 spiritum
232 1894 364 1944 sanetum
390 1881 475 1944 nobis
502 1882 642 1944 ostendit.
688 1886 728 1943 Et
747 1905 838 1943 uocem
860 1886 922 1944 eius
946 1885 1044 1955 oniti,
1079 1884 1131 1942 sed
1150 1883 1242 1942 neseis

77 1987 144 2044 unde
161 1989 256 2058 uenit,
282 1995 400 2065 outquo
420 1988 506 2046 ondit.
556 1981 649 2046 item:
680 1989 750 2046 Nisi
760 1990 850 2064 genitr
863 1988 980 2068 sunr'tir
995 2006 1033 2045 eu
1046 2004 1121 2064 oquo
1137 1995 1168 2044 et
1181 1987 1239 2066 spi·
1290 1997 1348 2043 tort

76 2091 141 2146 ritu.
190 2081 249 2150 Cui
272 2096 503 2150 consentaneum
528 2086 596 2149 illud
622 2097 668 2150 est
685 2084 787 2151 Pauli:
820 2091 894 2148 Nom
916 2091 944 2148 in
964 2089 1077 2148 Cdrr'sto
1099 2089 1164 2148 Iesu
1185 2101 1395 2166 egoronntu

73 2194 159 2268 genui
172 2211 233 2250 ons.
281 2185 327 2252 De
343 2190 445 2252 eodem
468 2189 572 2274 spiritu
592 2189 727 2253 dominus
743 2190 782 2252 ita
800 2189 944 2273 loquitur:
979 2193 1047 2250 Cum
1066 2193 1240 2270 ueneritpo-
1277 2209 1355 2254 tonan.

75 2295 212 2366 radiatus,
238 2313 318 2372 quern
334 2315 387 2372 rgo
405 2297 512 2354 nrr'ttom
535 2294 627 2366 undu,
662 2297 783 2373 spiritus
797 2297 926 2355 ueritatis
944 2296 996 2373 qui
1007 2313 1025 2354 o
1040 2304 1125 2372 potre
1135 2315 1238 2373 prooe-
1280 2263 1313 2317 ω’
1327 2263 1358 2306 η’

76 2397 127 2468 iit,
152 2398 204 2456 ilie
217 2399 406 2456 testiinonium
419 2397 582 2476 perhibebit
596 2400 632 2457 de
647 2419 698 2457 me.
747 2393 837 2458 ltenra
861 2399 967 2458 Adduo
983 2397 1071 2458 multo
1087 2397 1175 2457 indeo
1197 2400 1240 2459 di·

77 2501 175 2573 rendo,
200 2501 254 2558 sed
265 2519 322 2559 non
335 2504 455 2578 poteras
468 2501 549 2582 serre
566 2503 663 2561 rnodo:
689 2503 757 2560 Cum
773 2503 883 2562 uenerit
898 2501 948 2560 iile
961 2502 1080 2578 spr'ritus
1097 2504 1237 2574 oerr'ntr's,

77 2602 185 2662 obduret
200 2623 251 2662 uos
264 2604 293 2664 in
307 2623 413 2662 omnen
428 2606 590 2663 veritatem:
614 2604 680 2663 Non
695 2607 767 2663 enr'rn
786 2605 917 2683 loquetur
930 2622 949 2662 o
964 2606 1066 2682 seipso,
1090 2605 1142 2664 sed
1154 2623 1240 2683 quoe·

75 2723 187 2784 nonque
201 2707 300 2765 duint
314 2705 456 2784 loquetur,
481 2715 510 2764 et
526 2715 644 2766 oenmro
660 2705 803 2766 nunnbbit
813 2706 908 2766 nobas:
932 2707 986 2766 ttte
998 2705 1236 2785 rne‘oiorrfioobin

74 2809 134 2883 qut
155 2809 192 2867 de
213 2827 273 2866 rneo
295 2809 430 2886 ueipr'et,
455 2817 485 2867 et
504 2808 582 2867 nobes
604 2811 696 2869 amnuo
717 2809 869 2870 nuntrirbit.

151 2907 269 2990 igitur,
303 2913 467 2990 siopotre
485 2913 631 2990 procedit,
663 2921 694 2972 et
709 2914 744 2972 de
760 2931 835 2984 meo,
870 2908 911 2971 ait
934 2909 1087 2986 dominus,
1118 2915 1232 2991 oeerpit,
1256 2917 1316 3027 epp.
1336 2917 1369 2970 x.

75 3015 301 3088 poemodrnodunr
319 3033 398 3073 nemo
420 3015 500 3072 novit
511 3025 622 3092 putrem
641 3013 811 3093 nriifilrus,
846 2991 935 3094 nique
946 3013 1046 3093 fitium
1063 3017 1123 3074 nisi
1137 3026 1233 3094 poter,
1267 2983 1354 3092 nib:

74 3110 108 3172 ita
125 3113 264 3176 eatbodoi
281 3113 379 3176 dioere
395 3114 519 3191 audent,
545 3135 641 3198 neque
659 3113 792 3199 spiritum
814 3114 896 3177 novit
912 3115 1054 3198 quispiam
1072 3115 1127 3177 nisi
1146 3107 1236 3193 iiiios,

74 3234 157 3298 equo
175 3216 308 3300 recepit,
334 3226 364 3278 et
380 3225 479 3300 pater,
504 3237 596 3300 aquo
613 3217 763 3300 procedit,
790 3238 885 3301 neque
904 3217 994 3280 tilium
1013 3227 1043 3278 et
1058 3227 1169 3300 patrern
1185 3239 1238 3280 no-

74 3315 111 3376 rit
134 3318 260 3401 aliquis,
296 3317 354 3381 nisi
378 3317 497 3400 spiritns
520 3327 658 3394 sanetus,
694 3319 742 3402 qui
770 3341 840 3382 vere
865 3319 996 3382 celebrat
1018 3341 1052 3383 ao
1074 3319 1236 3405 praeditat,

74 3418 116 3500 qut
131 3423 217 3481 docet
231 3425 342 3494 omnio,
369 3419 417 3504 qni
432 3425 467 3482 de
475 3422 545 3501 filio
563 3425 750 3482 testrirronrirm
768 3425 854 3497 oron,
880 3423 927 3506 qui
945 3445 963 3484 o
973 3435 1075 3503 putre,
1100 3421 1149 3506 qui
1169 3445 1184 3484 e
1192 3424 1237 3503 fi-

74 3523 107 3580 tio
116 3525 264 3602 procedit,
298 3523 379 3586 solos
399 3521 532 3586 veritatis
549 3524 626 3602 dux,
655 3534 824 3588 sanotarom
840 3525 936 3609 legum
952 3523 1118 3610 interpres,
1151 3523 1237 3610 spiri-

75 3623 134 3686 talis
155 3624 232 3708 legis
260 3636 434 3704 enarrator,
466 3626 672 3711 prophetarum
700 3627 857 3710 magister,
891 3628 1090 3712 apostotorum
1115 3647 1236 3712 praeoe-

75 3735 151 3806 ptor,
176 3728 416 3810 evangelicorum
435 3728 601 3810 dogmatum
619 3730 667 3791 iux
684 3738 715 3791 et
731 3730 824 3808 sidus,
850 3740 1018 3794 sanctorum
1038 3730 1160 3808 elector,
1184 3749 1236 3792 ve·

75 3830 509 3904 rnrnlonreneveroiunrine.
555 3827 649 3894 Fittus
670 3833 812 3896 naturalis
833 3845 898 3912 est,
929 3833 1134 3908 verustiiios,
1168 3853 1235 3917 ger-

76 3949 171 3996 nanns
188 3931 284 4010 iiiios,
321 3930 402 3996 solus
421 3953 437 3995 e
453 3933 538 4012 solo,
569 3953 693 4016 quonum
713 3944 744 3997 et
758 3935 878 4020 spiritus
898 3946 1018 3998 sanetus
1036 3934 1234 4020 coniungitur,

104 4100 143 4152 29.
160 4101 258 4168 πέμψω
277 4105 364 4154 oborn.
666 4107 738 4154 verbo
763 4103 807 4156 nni
831 4101 844 4158 ὁ
867 4101 968 4170 πατὴρ,
994 4119 1054 4169 orsos
1077 4107 1145 4157 bobot
1165 4111 1235 4160 otionr

105 4170 161 4220 Gar.
179 4171 214 4220 X.
232 4199 267 4210 -
286 4169 308 4221 1.
328 4163 355 4222 ‘dr
374 4168 423 4238 γὰρ
440 4169 530 4237 τρόπον
549 4175 630 4224 buor-
667 4173 718 4222 ood.
735 4173 800 4234 ten,
818 4175 858 4224 sed
873 4177 967 4224 ononis
983 4177 1075 4226 inotnso
1091 4179 1121 4226 ob
1136 4181 1235 4240 onttouo

104 4237 125 4287 2.
142 4234 265 4306 τολμήσω
281 4240 311 4289 dr
327 4253 378 4290 meo
395 4241 466 4289 edidi.
500 4243 563 4290 Noni
580 4243 635 4290 iibri
667 4254 759 4302 mono,
776 4247 798 4290 et
813 4246 907 4303 punctis
922 4247 1012 4292 notato,

75 4307 151 4355 babent
172 4309 302 4372 τολμῶσι,
333 4308 417 4358 Annor.
435 4308 528 4374 τολμῶ.
564 4311 634 4358 Peto·
702 4309 727 4358 b.
745 4303 856 4376 duur-dp
871 4307 944 4364 uoti
963 4307 1020 4371 obde
1037 4307 1097 4380 παρ’
1113 4303 1143 4366 ou‘
1159 4310 1232 4367 inno·

76 4377 121 4424 otus
136 4379 268 4437 suspicatus
282 4391 307 4426 es
314 4377 399 4443 τολμῶ
410 4375 545 4442 συλλέγειν.
566 4377 635 4438 Quod
668 4371 769 4441 ρούετοι
784 4377 828 4430 καὶ
843 4373 901 4445 παρ’
918 4369 948 4432 οὔ
963 4376 1097 4450 λαμβάνει,
1114 4380 1160 4436 not
1174 4375 1248 4437 οὖδῖ

74 4445 202 4502 notatione
218 4460 266 4495 non
281 4449 353 4496 noret.
667 4441 709 4498 ndo
726 4441 779 4498 nido
798 4448 876 4498 Anonr

105 4509 120 4560 3
144 4503 184 4562 ὅτι
202 4509 263 4566 stat
281 4516 366 4564 Annor.
702 4513 727 4567 6.
748 4510 780 4566 τὰ
798 4529 843 4566 orn.
861 4517 946 4567 Anror.

106 4576 128 4629 t.
145 4581 201 4630 rot
221 4595 272 4632 ooo.
293 4581 350 4642 υἱὸς
366 4583 418 4634 ood.
438 4581 537 4647 anon.
555 4585 635 4634 inserit
703 4582 728 4636 7.
747 4581 792 4642 noi
809 4581 839 4643 ἐκ
858 4590 941 4641 Anser.
