3072 5002
320 423 457 482 PANdflii
474 425 536 478 ΗΒ.
547 425 592 478 ttl.
609 423 720 479 TOMJ.
737 421 969 478 unumnxxtu.
1170 407 1233 474 137

82 547 269 628 cmitentur,
298 557 360 611 tres
379 545 572 632 hypostases,
596 565 684 610 noem
701 545 860 610 essentium
877 561 912 607 no
929 542 1111 608 divinitatem
1129 563 1228 607 onem.

82 647 158 734 Quod
173 651 288 736 quidem
306 668 379 714 vcro
396 649 469 715 ddcs
486 651 627 728 affirmet,
651 669 728 732 quoe
746 646 939 712 emtionibus
957 645 1081 724 trudito,
1106 645 1232 731 prophe·

82 753 142 831 ties,
165 752 337 836 evangelica
353 763 383 817 et
398 751 559 838 apostolice
577 759 726 816 censetur.
773 747 869 834 Quem
889 749 929 813 itti
945 749 999 834 ipsi
1019 750 1146 834 professi
1164 761 1233 815 sunt

80 864 171 940 petros
188 855 283 918 nostri
300 866 331 920 ct
347 853 497 942 episcopi,
528 854 576 940 qui
594 854 623 917 io
640 851 777 918 Nicscnc
796 852 911 938 syuodo
928 847 1116 916 Constantini
1134 852 1233 939 magni

80 957 291 1022 scientissimi
316 958 504 1044 imperatoris
530 968 661 1042 tempore
688 955 803 1020 euidenti
829 965 909 1018 sunt.
954 951 1074 1020 Utinam
1101 975 1174 1018 vero
1202 965 1232 1020 et

79 1060 250 1126 uenerabilis
271 1061 334 1146 ipse
350 1057 492 1126 Medetius
517 1061 639 1124 eundem
666 1079 733 1123 cum
749 1057 945 1122 Antiochonis
964 1057 1026 1120 auis
1044 1056 1159 1143 iisque,
1182 1057 1232 1142 qui

79 1161 136 1224 odiis
157 1163 186 1226 in
209 1162 283 1226 locis
307 1162 428 1249 perinde
453 1163 602 1240 sentiunt,
636 1161 701 1225 iidai
727 1160 877 1224 formulam
896 1171 1053 1244 sequutum
1082 1159 1231 1225 necenim
1269 1239 1273 1248 Ι

79 1264 175 1330 desnru
197 1267 247 1351 qui
276 1287 342 1330 oum
365 1265 416 1330 itto
450 1276 480 1329 ct
503 1287 568 1329 cum
593 1263 658 1328 eius
674 1265 788 1350 synodo
806 1261 1039 1326 commonionem
1060 1263 1168 1327 dobere
1188 1262 1233 1326 vi·

78 1367 192 1448 dentur,
228 1368 278 1452 qui
300 1367 330 1431 io
359 1368 493 1455 spiritum
515 1377 649 1432 sanctum
678 1366 891 1430 contumeliose
921 1365 1053 1430 nonnihil
1083 1365 1229 1430 effutiunt.

77 1467 146 1533 Nem
172 1491 240 1534 cnm
265 1471 301 1534 dc
321 1471 383 1534 ntro
408 1480 490 1534 recta
506 1469 654 1548 sentient,
677 1468 810 1554 spiritum
827 1471 921 1556 ipsum
940 1481 1069 1532 creatum
1089 1480 1120 1533 ot
1142 1469 1234 1533 odeo

76 1593 191 1656 prorsus
206 1573 335 1638 alicunm
351 1571 536 1638 existimant.
568 1569 614 1636 De
630 1571 759 1656 quitus·
751 1591 781 1636 ιιι
794 1571 910 1636 iliorum
927 1569 1043 1637 haeresi
1057 1571 1233 1636 couiutnndc

76 1693 124 1759 pro
144 1676 260 1740 viribus
282 1675 504 1741 accuratissime
526 1675 719 1740 disseremus.
1248 1669 1251 1674 ’

152 1775 303 1861 Quocirca
320 1778 555 1864 mcvnrnnoins
573 1797 620 1842 ιιι
636 1777 687 1842 dic
703 1777 751 1856 ut
777 1789 809 1842 ut
823 1777 968 1856 donimus
993 1787 1114 1863 proptcr
1130 1775 1232 1840 istius
1278 1780 1340 1848 cap

76 1879 145 1943 nodi
170 1883 279 1946 tomum
302 1902 376 1967 quae
400 1882 437 1947 dc
460 1881 510 1946 itto
533 1881 702 1998 dissipetur
748 1879 804 1944 ttst
829 1879 907 1944 enirn
932 1880 993 1944 vito
1017 1879 1096 1944 iliius
1123 1877 1231 1994 alioqui
1255 1849 1369 1906 xxxv

76 1982 169 2067 gravis
194 1995 228 2048 ct
250 1985 391 2062 noneste,
426 2005 527 2048 mores
544 1982 675 2068 egregii,
709 1983 772 2068 ipso
796 1982 922 2068 denique
942 1981 1047 2068 populo
1065 1979 1234 2067 cumprimis

76 2085 220 2165 euchitis,
256 2087 293 2149 ob
311 2087 390 2150 vitae
409 2087 628 2172 integritatem,
661 2105 746 2170 quom
770 2085 878 2150 divinis
898 2105 1001 2148 omncs
1020 2084 1154 2149 laudibus
1171 2083 1235 2148 utt-

77 2209 127 2271 ιιι
149 2187 333 2274 praedicent.
387 2185 448 2254 Sed
471 2189 603 2252 nonnuidi
617 2200 743 2266 tomen,
775 2188 850 2252 haurd
876 2187 938 2251 scio
966 2208 1005 2262 ,ιιι
1029 2188 1097 2252 odio
1116 2190 1146 2253 io
1167 2209 1233 2253 eum

76 2291 227 2371 commoti,
261 2311 299 2355 en
314 2291 423 2356 inuidis
441 2290 562 2378 perciti,
597 2309 634 2354 sn
652 2289 778 2376 denique
798 2311 853 2355 suo
871 2301 902 2354 ut
916 2290 946 2353 iu
964 2289 1058 2354 maius
1076 2292 1234 2371 extollent,

76 2394 171 2457 nescio
189 2413 266 2478 quac
283 2413 385 2479 porum
401 2395 530 2458 secundo
548 2393 584 2457 do
601 2393 651 2457 idio
667 2395 743 2456 somn
760 2403 944 2478 sparserunt,
970 2393 1105 2458 nimirum
1121 2417 1179 2459 non
1197 2393 1235 2458 ob

77 2495 246 2560 catholicam
266 2493 355 2560 didam
371 2496 424 2560 Ιιιι
439 2497 468 2560 in
487 2497 568 2560 illum
585 2495 687 2561 turios
703 2516 772 2560 csse
789 2497 947 2576 conflatus,
971 2497 1023 2560 scd
1042 2497 1079 2560 ob
1095 2497 1237 2562 ecclesis·

76 2599 144 2662 stioc
161 2599 306 2685 quaedum
327 2597 445 2684 negotio
462 2619 497 2662 oo
514 2599 627 2684 iurgio,
660 2619 735 2684 quae
758 2599 836 2662 inter
855 2599 931 2663 hunc
950 2611 980 2664 et
998 2601 1123 2666 ciericos
1145 2601 1237 2665 inter-

77 2714 241 2767 cesserunt.
288 2701 366 2768 Tum
389 2702 465 2788 quod
488 2701 646 2766 nonnullos
670 2702 705 2766 ad
726 2703 961 2767 communionem
983 2705 1141 2770 odorisernt
1163 2723 1237 2790 quos

77 2803 139 2870 oiim
164 2804 202 2869 ab
226 2803 444 2885 coniecerat,
480 2815 509 2868 ct
533 2804 719 2870 anathemate
747 2805 952 2871 damnaverat.
998 2803 1110 2872 Verum
1131 2827 1168 2871 ne
1192 2805 1237 2870 itia

76 2909 189 2993 penitus
209 2909 407 2974 assentiemur
425 2907 581 2995 prohibent
604 2929 639 2973 ec
657 2928 732 2994 quac
749 2908 780 2972 io
797 2907 889 2995 ipsius
906 2918 993 2974 coetu
1011 2931 1046 2974 cc
1065 2908 1192 2974 considio
1206 2909 1236 2972 in

76 3011 134 3075 dics
148 3013 362 3091 emendentur,
387 3022 436 3090 ct,
462 3022 493 3074 ut
508 3022 595 3078 antee
611 3011 719 3076 dictum
737 3021 801 3089 est,
834 3033 900 3075 cum
918 3021 1019 3077 rectae
1036 3011 1105 3076 tidei
1122 3011 1237 3098 proies·

76 3115 153 3179 sione
167 3125 372 3180 consentanca
389 3115 555 3179 traduntur.
597 3113 663 3180 dioc
682 3115 759 3178 enirn
776 3116 805 3177 in
824 3126 924 3198 porte,
950 3115 1044 3200 quood
1061 3135 1113 3200 pro
1130 3113 1236 3179 virium

76 3229 240 3282 ursmarum
264 3217 463 3283 inbccittinrc
486 3217 626 3304 consequi
652 3237 826 3304 possumus,
859 3216 1017 3283 veritatem
1044 3219 1073 3281 in
1101 3216 1237 3281 omnibus

75 3321 201 3384 retinere
219 3319 372 3386 debemus.
417 3317 569 3406 Siquidem
593 3329 690 3383 utrum
708 3321 738 3383 iu
757 3319 821 3406 ipso
840 3319 984 3384 orationis
1000 3320 1109 3406 impetu
1128 3321 1238 3405 impru-

77 3422 150 3486 denti
175 3423 284 3508 aliquid
301 3423 464 3498 exciderit,
496 3421 606 3508 liquido
619 3423 764 3486 offirmare
781 3443 838 3486 non
853 3424 996 3502 crrdeam3
1028 3443 1064 3487 on
1082 3423 1180 3509 potius
1198 3443 1239 3487 ex

76 3527 196 3610 nundum
212 3525 302 3589 animi
320 3523 508 3610 simplicitate
524 3523 683 3611 prodierit,
717 3525 801 3588 nouit
815 3526 898 3590 deus.
944 3521 1018 3598 tttuu
1037 3526 1152 3610 quidem
1167 3541 1238 3588 cou-

76 3638 146 3709 stet,
180 3627 212 3692 in
231 3625 323 3712 ipsius
344 3625 480 3691 oratione
498 3629 555 3692 duo
574 3626 670 3694 triete
689 3626 810 3714 reperiti
830 3628 896 3692 doce
913 3647 989 3713 quoe
1005 3627 1238 3714 reprehensione

76 3751 129 3795 non
147 3738 283 3796 onmem.
328 3725 459 3793 Primum
485 3731 562 3815 quod
585 3750 621 3796 ea
643 3751 718 3815 quoe
744 3731 780 3794 de
806 3739 942 3796 creature
963 3731 1101 3796 dicuntur
1119 3728 1155 3794 dc
1172 3729 1238 3815 ipso

76 3831 118 3896 dci
135 3833 199 3898 ntio
216 3851 252 3896 cc
268 3833 304 3896 de
318 3833 382 3897 cius
401 3833 573 3912 divinitate,
603 3833 652 3898 vei
671 3833 865 3919 nppellstione
882 3844 969 3898 tenus
989 3831 1144 3919 inteiligit,
1176 3842 1237 3895 tom

77 3936 190 4019 qundo
212 3935 253 3998 its
276 3935 420 4022 loquitur:
445 3939 540 4018 Super
560 3939 743 4017 scpr'cntr'om,
769 3939 846 4002 etsi
868 3938 936 4023 quid
959 3936 1037 4001 alind
1060 3946 1118 4000 cst.

154 4035 244 4106 set·
235 4058 294 4103 rem
318 4038 367 4102 ubi
392 4058 486 4123 pauco
508 4039 654 4104 adversus
676 4039 792 4103 iliorum
817 4041 954 4125 dogmntc
978 4035 1232 4124 proposuerimus,
1279 4053 1340 4120 cap.

77 4140 189 4207 nissam
207 4141 282 4206 hanc
299 4139 446 4206 haeresim
467 4140 620 4206 iaciemus.
666 4139 791 4206 Dicitc'
782 4143 890 4226 igitur,
925 4140 1049 4205 obsecro
1066 4159 1138 4220 vos,
1168 4123 1375 4225 quidxxm·

78 4252 226 4332 tantopere
248 4245 403 4310 modestum
421 4244 506 4308 vobis
523 4254 569 4308 est
590 4265 624 4308 ac
638 4264 730 4327 grave
746 4245 838 4308 fidium
864 4243 939 4330 putri
957 4243 1236 4310 consubstentioicm

77 4351 228 4412 amererct
273 4346 370 4413 Velim
388 4346 529 4412 dormibi
547 4346 676 4432 ingenue
693 4355 852 4432 operteque
872 4347 1033 4427 ictaaroiui,
1057 4359 1090 4414 ut
1105 4369 1161 4414 uos
1178 4370 1237 4414 non

148 4549 309 4616 Sumicoerd
148 4551 385 4618 Sumcoeuepi
401 4552 458 4606 ulmi
472 4561 521 4606 cau.
669 4555 768 4606 mouerit
782 4555 907 4606 Pstout'unt
923 4559 949 4606 ut
964 4569 1013 4606 uon
1033 4548 1176 4622 dpctcrictes
1195 4557 1238 4606 da-

107 4549 394 4743 icdppppmcp‘ptptun
398 4623 640 4760 ιιιιιόιῆ.“ξωιιιι;κω
672 4624 768 4675 mum
784 4625 909 4688 utnon,
925 4637 980 4678 suot
994 4625 1088 4678 onnon
1103 4625 1237 4678 norm
