3066 5016
227 305 365 359 ιιιιιιιιιι
381 307 445 358 crs.
459 307 504 359 ιιι.
520 306 604 360 ιοιι.
618 308 650 358 ιι.
665 305 781 357 nxros.
798 305 864 358 ιιι).
882 289 1024 358 carnot.
1143 291 1206 356 509

50 424 242 509 pravitatem,
277 427 413 512 persequi
433 427 566 492 voluero.
615 423 715 490 Veluti
733 424 781 509 qni
800 425 829 488 io
847 423 985 511 Aegypto
1004 423 1135 490 Saturno
1151 424 1207 488 ini·

48 525 110 591 tiati
129 527 234 591 lerrcis
251 528 409 592 collaribus
424 529 538 614 scipsos
554 526 684 612 illigant,
718 549 752 591 ac
771 527 932 613 prolixiore
952 528 1042 592 barba
1064 538 1094 590 et
1111 529 1206 592 sordi·
1311 601 1315 614 „

48 629 91 693 dis
107 628 241 694 vestibus
258 652 292 695 ac
311 629 442 696 ridiculis
465 641 598 694 utuntur.
644 628 760 715 Quippe
785 630 815 693 in
835 629 976 693 bonorem
996 627 1117 694 Saturni
1136 629 1206 693 Asti

48 733 138 818 (quod
157 733 298 818 exiguum
319 734 453 820 oppidum
473 743 541 811 est,
564 753 598 796 ac
616 751 755 818 pagorum
775 732 909 816 caputio
928 734 1114 817 praefectura
1131 728 1206 795 Pro-

48 835 187 920 sopitidc)
212 835 339 901 circulos
360 835 520 900 identidem
541 835 661 899 naribos
678 835 818 919 infigunt,
850 856 908 918 quo
926 845 1058 918 tempore
1076 835 1205 898 nefarios

47 959 81 1001 ae
99 938 262 1002 sceleratos
285 938 437 1023 religionis
457 959 563 1002 caussa
584 948 748 1001 conventus
771 957 810 1000 ex
829 936 943 1021 oppidis
965 937 1100 1002 omnibus
1121 937 1206 1002 insti·

48 1051 144 1104 tuunt.
190 1038 269 1105 Tum
293 1042 371 1105 enim
396 1043 508 1104 coactis
530 1039 664 1103 coetibus
690 1035 830 1122 orgiaque
856 1037 1040 1103 celebrantes
1063 1041 1205 1104 fanaticos

49 1152 77 1205 et
100 1141 268 1207 inconditos
292 1143 366 1208 ritus
393 1143 574 1229 exprimunt.
619 1139 681 1206 *see
709 1141 908 1205 execrandum
938 1151 984 1204 cst
1007 1163 1102 1227 genus
1127 1145 1204 1208 istud
1323 1143 1328 1154 '

49 1245 209 1309 bominum.
257 1242 334 1309 Sunt
351 1257 380 1309 et
398 1247 473 1331 apud
493 1245 568 1308 alios
586 1265 672 1308 sacra
691 1245 832 1327 quaedam
850 1243 1033 1323 istiusmodi,
1057 1246 1139 1312 velut
1157 1247 1205 1330 qui

47 1348 76 1410 in
92 1345 211 1412 Ruttica
230 1349 434 1432 praefectura,
468 1347 601 1431 adeoque
621 1341 691 1410 Ruti
705 1343 811 1430 oppido
826 1343 1039 1430 Harpocratem
1060 1348 1203 1427 nutriunt,

48 1453 182 1515 conlecta
199 1449 372 1514 iamaelate
392 1471 493 1515 seces.
540 1446 600 1532 Qui
623 1448 738 1511 solenni
759 1445 806 1511 dic
825 1459 854 1512 et
870 1448 941 1533 ipsis
959 1446 1100 1513 Calendis
1121 1470 1206 1514 vesa-

49 1575 100 1618 nas
124 1573 160 1616 ac
184 1551 309 1617 furiosas
334 1549 389 1617 Ori
416 1549 601 1616 ceremonias
624 1549 775 1614 daemonis
799 1561 900 1616 oestro
924 1550 1027 1636 perciti
1054 1551 1206 1617 celebrare

49 1665 204 1740 coguntur.
253 1653 330 1719 Tum
348 1653 426 1719 enim
444 1655 527 1718 cives
545 1652 695 1731 universi,
726 1672 760 1716 ac
780 1653 825 1716 nel
847 1653 988 1738 decrepiti
1003 1675 1109 1734 senes,
1140 1677 1205 1720 cnm

48 1755 283 1822 adolescentibus
305 1755 409 1822 iisdem
433 1757 561 1821 moribus
583 1755 742 1841 praeditis,
775 1775 810 1818 ac
834 1755 956 1840 reliquis
980 1757 1125 1821 aetatibus
1148 1759 1205 1821 ianr

50 1870 107 1924 tum
125 1858 239 1944 abipsa
257 1859 429 1945 pubertate,
454 1856 510 1924 0ri
526 1859 664 1922 videlicet
679 1869 710 1921 et
728 1855 922 1942 Harpocratis
937 1861 1125 1940 sacerdotes,
1156 1862 1207 1925 de·

49 1975 134 2028 tonso
151 1963 246 2049 capite
261 1962 400 2026 servilem
419 1973 449 2026 et
469 1961 694 2026 abominandum
709 1981 744 2023 ac
761 1961 903 2047 puerilem
920 1961 1048 2047 speciem
1066 1963 1131 2026 sinc
1148 1963 1207 2028 ullo

49 2065 158 2151 pudore
174 2065 395 2128 circumferunt.
442 2062 520 2128 Tum
544 2085 618 2128 vero
631 2061 743 2126 ludicra
762 2063 904 2147 quaedam
923 2064 1051 2144 obeunt,
1086 2085 1121 2128 ac
1138 2083 1207 2129 sese

48 2166 256 2251 prudentibus,
281 2167 330 2251 qui
345 2165 460 2254 seipsos
475 2188 492 2230 a
509 2165 652 2232 servitute
670 2165 822 2230 daemonis
837 2176 1046 2246 assernerunt,
1071 2167 1206 2231 deriden-

48 2271 99 2333 dos
117 2269 271 2356 praebent.
316 2267 394 2332 Nom
420 2270 582 2347 vecordes,
615 2289 671 2332 nec
692 2268 738 2331 sui
762 2279 931 2353 compotes,
964 2290 1000 2332 ac
1019 2268 1140 2333 ridicule
1156 2271 1207 2334 de·

49 2373 183 2450 lormati,
222 2370 399 2457 praecipites
426 2373 571 2435 teruntur.
624 2367 754 2434 Primum
787 2371 864 2434 enirn
889 2371 1006 2456 polenta
1036 2392 1071 2435 ac
1098 2371 1204 2451 simila,

47 2474 170 2560 aliisque
186 2474 215 2537 id
232 2495 327 2560 genus
342 2474 485 2538 conlectis
510 2473 614 2538 eduliis
632 2473 735 2536 taciem
752 2471 906 2554 oblinunt,
939 2473 1021 2538 vultu
1037 2473 1068 2538 in
1088 2476 1206 2540 larveus
1247 2525 1251 2536 .

47 2576 206 2640 caldarium
222 2576 380 2654 immerso,
417 2596 511 2660 eaque
531 2575 631 2661 specie
651 2578 687 2641 ad
703 2576 905 2640 concitandum
931 2589 1080 2664 stuporem
1102 2578 1207 2663 vulgus

45 2678 186 2759 illudunt3
222 2690 253 2743 et
267 2679 438 2764 quibusdam
464 2679 548 2744 l'tuiis
572 2678 700 2764 agitant,
735 2690 794 2744 turn
812 2690 843 2742 et
860 2679 935 2742 lacie
954 2701 1041 2745 manu
1057 2681 1205 2745 detersum

46 2782 189 2867 quispiam
214 2782 251 2846 ad
267 2783 423 2846 sanitatem
447 2781 695 2865 recuperandam,
728 2781 1053 2867 atque'aegritudioum
1077 2784 1207 2848 remedia

46 2883 261 2968 postulantibus
283 2884 465 2967 impertiunt.

130 2986 253 3051 Adbacc
277 2987 303 3051 si
323 2984 530 3072 Memphitieas
554 2997 584 3050 ct
608 2985 832 3073 Heliopoliticas
857 2986 996 3051 mulieres
1020 2988 1102 3072 orgia
1129 2989 1206 3054 celc-
1220 3007 1351 3077 capxtt.

45 3089 167 3153 brantes
191 3109 371 3176 persequar,
403 3111 479 3174 quae
498 3100 702 3175 tympanorum
727 3110 763 3154 ac
781 3087 916 3154 tibiarum
944 3090 1068 3175 strepitu
1092 3092 1206 3177 seipsas

47 3192 257 3272 exstimulant,
282 3193 307 3256 si
326 3188 477 3257 Curitidas
492 3202 522 3255 et
537 3189 738 3272 Trietericas,
763 3212 896 3278 quaeque
912 3191 942 3256 in
962 3190 1075 3256 Ratbea
1092 3205 1123 3258 et
1139 3191 1206 3258 Me-

47 3295 192 3360 nntbitidc
206 3297 305 3360 lurore
325 3304 481 3379 correptae
506 3294 626 3380 pudoris
641 3294 687 3359 sui
703 3315 738 3358 ac
753 3295 916 3359 modestiae
933 3295 1083 3361 muliebris
1101 3296 1207 3361 oblivi-

46 3408 187 3479 scuntur,
211 3409 319 3485 quanta
336 3397 405 3462 mibi
423 3397 581 3462 verborum
598 3396 699 3483 copia,
725 3417 870 3483 quamque
887 3397 991 3484 amplis
1010 3398 1206 3465 voluminibus

47 3521 119 3585 opus
143 3502 218 3583 erit,
251 3511 281 3566 ut
299 3500 564 3566 commemorandis
587 3499 624 3564 iis
643 3499 796 3580 omnibns,
826 3521 902 3585 quae
925 3521 1014 3587 supra
1037 3503 1204 3587 percensui,

47 3624 182 3689 quaeque
206 3605 414 3690 propemodum
434 3603 547 3667 inlicita
565 3613 653 3682 sunt,
683 3603 853 3668 incumbere
871 3604 980 3668 velinal
1023 3601 1111 3669 Licet
1128 3605 1205 3669 enirn

46 3703 197 3790 ingentem
218 3707 287 3771 mibi
307 3706 359 3771 bac
378 3705 409 3770 io
428 3727 461 3771 re
482 3705 612 3770 laborem
636 3705 844 3791 imposuerim,
875 3706 1064 3772 nibilominus
1090 3707 1218 3780 illorum¹

46 3878 73 3928 la
89 3879 143 3928 cod.
160 3879 256 3942 lltcdtp.
273 3879 354 3930 eodem
370 3893 456 3929 monus
471 3892 501 3929 aa
515 3875 612 3944 ἑτέροις
645 3879 724 3928 cotun.
741 3883 812 3940 rapat.

46 3947 143 4009 reputt
158 3944 277 4012 ἑταίραις.
681 3943 719 3996 16.
738 3943 877 4012 candicat
892 3948 947 3998 edit.
962 3949 1045 3997 Pelen.
1060 3947 1140 3997 colon.
1156 3959 1205 4010 rep.

85 4017 122 4066 ll.
140 4015 179 4084 τῷ
195 4018 249 4066 cdtt.
262 4017 344 4068 telon.
363 4016 441 4066 cono
455 4029 523 4078 rap,
547 4027 611 4066 mcc-
643 4016 731 4064 ctttcsa.

47 4085 108 4132 dccc.
680 4079 739 4131 Cae.
757 4081 818 4132 xtt.
836 4109 870 4121 -
916 4081 935 4133 l.
961 4083 1141 4133 Rmcrlbendum
1165 4077 1206 4149 ὄρ·

81 4152 122 4202 12.
140 4154 177 4204 ltu
197 4154 265 4203 codd.
281 4155 329 4204 len.
347 4157 368 4203 cl
382 4153 498 4214 lltctltp„
522 4153 611 4204 dedit.
645 4143 752 4215 γιοίσας.
788 4153 824 4214 Cf.
841 4165 915 4213 moro
932 4165 985 4212 cop.
1006 4150 1042 4202 ll.
1066 4143 1072 4156 ⁴

45 4223 122 4282 patae
156 4215 342 4286 Ἃριιοκράτους
358 4223 413 4272 edit.
429 4222 511 4271 Pctoo.
679 4219 703 4267 ¹2.
722 4221 758 4269 Aa
767 4219 866 4281 fortomc
876 4211 1055 4284 ’Axoplrrbael
1072 4221 1117 4270 Ed
1131 4223 1207 4283 princ.

82 4288 123 4340 13.
143 4285 311 4342 torcennaco
334 4290 384 4339 eod.
402 4289 500 4351 tltadc‘p.
536 4283 610 4342 tace·
645 4287 713 4338 bnbct
728 4285 888 4352 Κορρῑτιδας.

48 4349 150 4409 brisaca
166 4359 238 4407 uotutt
255 4359 375 4408 Petuntus.
678 4355 702 4408 3.
722 4356 766 4406 Ed.
782 4355 865 4407 Pctoc.
883 4353 1081 4436 Τριοτηρίδιτας.

83 4421 124 4476 ld.
143 4418 336 4492 αἰιοκοχλοίζοιτι
358 4426 426 4476 codd.
443 4437 499 4474 maa.
519 4428 542 4473 ct
557 4425 611 4474 edit.
679 4420 704 4474 l.
728 4425 858 4474 Omoemus
880 4428 948 4476 uarllt
968 4441 994 4476 cn
1015 4423 1141 4493 profunde
1163 4439 1206 4475 re-

46 4507 123 4613 miii
143 4487 517 4620 ‘pippppcpplp'ip'cppnpdpfppcpp
528 4561 604 4613 Petne
645 4491 987 4626 gibnelciicaiiiibdffillbidtp
