3044 5018
284 249 346 314 630
627 257 791 312 λιναειιυλ
809 259 854 312 ατ
872 257 1106 312 confflem.

285 382 370 437 Τοῦτο
386 376 436 448 γάρ
454 395 532 446 φησιν
555 375 598 434 διά
616 375 664 445 τήν
688 381 775 447 ψήφου
791 379 835 434 τοῦ
853 381 879 432 ῦ
894 377 939 432 καλ
960 372 1044 445 ἄλφα,
1072 372 1087 432 8
1103 376 1164 434 ἐστι
1183 377 1350 446 περιστερὰ,
1375 376 1460 441 dui-4

285 466 337 534 ἐφη
354 462 368 520 ά
383 461 486 530 σωτήρ,
511 458 585 531 Ἔγοί
609 463 662 530 είμι
681 460 710 518 τὸ
728 465 746 516 ᾶ
763 463 808 516 καλ
829 457 882 530 έγοί
900 461 952 530 είμι
969 461 998 517 τό
1013 465 1043 516 ω.
1079 462 1127 518 Ata
1154 464 1207 518 καλ
1225 463 1256 518 ἐν
1274 465 1316 534 τῷ
1333 463 1459 520 δονδετᾶτῦ

284 551 335 605 ἐτιι
349 551 397 617 τής
412 546 556 618 γεννήσεως
570 543 648 602 αύτσῦ
667 546 762 616 είςάγει
777 546 822 602 τάν
837 543 940 615 Ἰησοῦν
955 545 972 601 ά
988 549 1093 608 Λουκᾶς
1112 546 1252 615 εἰρηκότα
1272 549 1342 615 πρὸς
1356 549 1402 616 τήν
1417 549 1459 599 Er

284 633 346 703 ριάμ
371 635 496 702 ζητοῦσαν
522 628 615 698 αύτάν,
640 629 718 701 ήνίνια
743 637 796 694 τοῖς
812 629 978 694 διδασκάλοις
1000 633 1200 702 προςδιελέγετσ
1223 633 1254 688 ἐν
1276 630 1459 700 Ἰεροσολύμοι

284 715 342 774 Ούκ
356 714 446 790 ήδειτε
464 713 505 773 ὅτι
522 717 547 772 ἐν
563 724 617 779 τοῖς
629 717 674 771 τοῦ
690 715 787 782 πατρίς
804 735 852 784 μου
868 719 931 768 Ven.
950 721 981 756 -’
1016 718 1034 767 λ.
1048 719 1089 771 ‘23-
1107 714 1162 772 άπὸ
1180 719 1233 773 τοῦ
1250 715 1350 788 χρόνον
1365 719 1409 772 τοῦ
1424 722 1460 786 ,λο-

282 805 423 873 πτίσματος
446 801 502 864 υἱός
518 803 619 872 γέγονεν
635 803 681 856 τοῦ
699 802 776 868 θεοῦ,
802 798 929 868 ἐλθούσης
947 801 984 862 είς
999 799 1076 858 αύτέν
1097 804 1149 869 τῆς
1166 806 1336 871 περιστερᾶς
1351 798 1387 870 ήν
1398 819 1459 871 φατι

284 886 347 944 εἶναι
364 887 407 944 τίν
422 887 551 958 Χριστὸν,
578 887 623 942 καλ
640 887 683 940 ἵνα
708 888 800 955 σαφῶς
822 887 927 955 γνωσθῇ
945 889 1008 937 Ven.
1025 915 1057 926 -
1093 887 1165 940 λῖί.
1187 885 1204 944 ά
1224 887 1294 950 θεὸς
1312 886 1404 956 λόγος,
1426 907 1459 941 ια

282 971 364 1029 ἐλθών
382 972 521 1042 ἐσαρκώθη
540 975 601 1022 Ven.
620 1001 650 1010 -
688 972 703 1022 ί.
715 972 757 1024 ⁶26.
778 967 882 1040 σημάνῃ
900 973 962 1022 λέιι.
980 1000 1013 1012 -
1050 972 1109 1022 Ιίνίιί.
1128 973 1188 1036 τοῦ,
1210 987 1279 1024 tute
1296 972 1405 1040 πατρὸς,
1420 991 1458 1022 αι

283 1061 350 1112 Van.
370 1087 400 1100 -·
436 1059 508 1111 [28.
533 1053 677 1123 ύπάδειγμα
702 1056 776 1110 τοῦτο
800 1057 864 1106 Ven.
886 1086 915 1096 -
951 1056 967 1106 ί.
981 1055 1005 1108 6.
1021 1057 1053 1107 ab
1069 1057 1115 1108 inf.
1145 1060 1220 1108 Bene
1239 1062 1339 1110 Vena.
1361 1057 1405 1114 δαὶ
1422 1060 1459 1121 τῆς

282 1140 393 1214 χάριτος.
406 1171 439 1184 ·-
475 1143 492 1192 1.
503 1146 528 1194 5.
544 1141 575 1192 ab
590 1141 635 1192 inf.
653 1135 716 1199 Ἀπά
732 1139 792 1196 τάτε
807 1139 837 1195 δὲ
851 1138 884 1196 τά
900 1141 986 1196 τέλεια
999 1136 1094 1210 ἤρξατο
1110 1161 1138 1197 π.
1157 1145 1323 1212 θεσσημεία
1335 1145 1397 1210 (εῖτ)
1411 1147 1457 1192 veo,

286 1255 320 1270 ·-
338 1229 356 1278 λ.
375 1228 420 1279 υλι.
438 1223 501 1294 δύο,
523 1220 556 1287 ἃς
573 1220 630 1291 παρ’
649 1221 723 1296 αύτῷ
743 1225 841 1292 έμειναν
858 1227 921 1278 ven.
956 1227 1022 1278 Hinc
1038 1228 1197 1279 restituenda
1222 1241 1267 1280 est
1288 1230 1393 1297 νολςαει
1408 1229 1456 1279 ταῖ-

283 1324 365 1381 ptura.

352 1395 499 1468 91584.
533 1393 585 1448 λ.3.
604 1391 662 1462 παρ’
677 1391 840 1463 αύτῶν(εἰο)
859 1395 972 1464 ἐπιφέρει
988 1397 1066 1464 λέγων
1085 1399 1207 1448 ven.-
1246 1399 1266 1450 1.
1282 1399 1313 1452 6.
1329 1401 1381 1468 τῆς
1395 1399 1458 1452 rw

283 1483 369 1545 λαίας,
395 1471 484 1536 καλ
463 1501 496 1551 ην
514 1479 572 1536 ἐκεῖ
560 1477 714 1550 ῖημήτηρ
737 1481 782 1534 τού
798 1476 895 1548 Ἰησοῦ.
929 1478 1049 1548 Ἐκλήθη
1065 1480 1095 1536 δὲ
1110 1475 1222 1549 Ἰησοῦς
1245 1484 1299 1540 καλ
1316 1487 1343 1538 οῖ
1359 1483 1457 1552 μαθττὲ

283 1563 363 1623 αύτοῦ
386 1567 423 1626 είς
439 1565 483 1622 τὸν
506 1565 596 1633 γάμον.
624 1561 702 1620 Ἔδει
718 1563 768 1634 γάρ
789 1566 834 1620 καλ
859 1565 884 1620 ἐν
898 1566 936 1638 τῷ
953 1561 1029 1636 γάμῳ
1045 1560 1123 1620 αύτόν
1146 1568 1290 1634 κληθέντα
1313 1570 1457 1632 mania

283 1649 322 1708 ἐπ’
338 1647 440 1722 εύλογίᾳ
454 1651 499 1704 τοῦ
516 1649 614 1734 γάμου·
643 1646 720 1704 καλ
705 1648 905 1718 υστερήσαντος,
929 1652 1011 1718 φησί,
1035 1652 1100 1705 οίναυ
1116 1649 1224 1719 λέγειη
1243 1651 1346 1722 μήτηρ
1360 1657 1457 1704 Va.-

283 1737 353 1792 Ln.
373 1735 455 1790 ἐλθεῖν
472 1731 582 1790 αὐτόν’
566 1734 616 1791 απὸ
629 1737 678 1801 τῆς
691 1733 788 1804 ἐρήμου
806 1734 872 1791 κατά
886 1735 934 1804 τήν
950 1732 1099 1791 άκολονθίαν
1112 1737 1157 1790 τοῦ
1172 1742 1352 1806 πειρασμοῦ,
1371 1739 1457 1792 κολτα

285 1822 449 1891 ραληφθῆναι
471 1821 508 1880 είς
530 1817 702 1887 ίερσυσαλήμ
726 1820 770 1874 καλ
794 1821 885 1887 στήναι
906 1820 949 1875 ἐπὶ
963 1822 1001 1891 τῷ
1022 1821 1148 1888 πτερυγίῳ
1165 1840 1212 1876 τοο
1234 1825 1332 1890 ἱεροῦ,
1362 1819 1455 1880 καλά-α

283 1903 467 1974 Ιεροσολύμων
482 1900 648 1976 άνενεχθήναι
663 1900 775 1974 είς-ορος
790 1903 889 1972 υψηλόν
903 1901 1014 1972 λῖαν,”
998 1923 1060 1972 οπερ
1075 1905 1145 1973 παρά
1158 1909 1268 1968 πολλοῖς
1282 1905 1427 1976 λέγεται
1408 1927 1457 1962 τινα

217 2021 220 2029 ν
282 1989 312 2048 τά
328 1989 425 2060 Θαβυίρ
440 1985 514 2058 ὅρος,
533 1985 547 2044 3
563 1988 729 2058 ἱρμηνεύεται
745 1985 900 2060 Ἰταβύριον,
918 1991 993 2044 τοῦτο
1007 1990 1038 2045 δέ
1054 1989 1122 2044 ἐστιν
1137 1989 1162 2045 ἐν
1178 1992 1212 2060 νή
1233 1993 1392 2065 Γαλιλαία
1406 1991 1457 2047 :r'e

283 2095 329 2143 την
345 2073 394 2143 γάρ
410 2073 458 2142 τήν
476 2071 625 2130 ἀκολουθίαν
641 2072 656 2129 0‘
672 2075 806 2136 Ματθαῖος
824 2072 948 2136 ύπίθετο,
965 2070 1002 2137 ε’ίς
1017 2092 1111 2143 φησιν,
1130 2070 1264 2138 ’Δκούσας
1278 2078 1315 2133 δὲ
1333 2077 1351 2134 α’
1370 2077 1457 2144 Ἰηοούς

284 2157 324 2217 άτι
339 2155 462 2229 Ἰωάννης
476 2157 625 2228 παρεδόθη,
651 2150 730 2227 ήλθεν
753 2159 790 2220 εἰς
816 2157 864 2227 τήν
881 2159 1033 2214 Γαλιλαίαν·
1061 2157 1075 2214 ά
1093 2161 1124 2215 δέ
1139 2161 1246 2222 Λουκᾶς
1270 2164 1322 2218 καί
1349 2163 1401 2232 τήν
1417 2159 1455 2216 ι’τί

283 2250 327 2303 τοῦ
347 2243 422 2315 ὅρους
437 2242 521 2312 ὁρμήν
536 2241 651 2314 α’κριβολς
666 2241 788 2310 δηλυίσας
801 2244 899 2312 πρῶτον
913 2243 958 2312 μὶν
972 2245 1030 2313 περὶ
1044 2247 1089 2299 τοῦ
1108 2241 1183 2313 ὄρους
1198 2245 1299 2313 εἰπεῖν,
1329 2249 1379 2302 καλ
1393 2253 1455 2318 βαπ-

285 2334 357 2390 λειῶν
373 2324 408 2387 οἷν
425 2329 506 2393 ἔδειξε
520 2330 559 2399 τῷ
577 2330 657 2400 κυρίῳ
673 2323 688 2384 ά
705 2327 838 2399 διάβολος,
857 2323 960 2397 ὕστερον
977 2330 1044 2397 λέγει
1060 2329 1117 2395 περὶ
1133 2333 1177 2384 τοῦ
1193 2331 1338 2398 πτερυγίου
1359 2331 1455 2386 καῖ’ίτ·

284 2415 433 2487 ρουσαλήμ,
459 2415 513 2470 Καὶ
528 2413 565 2476 ω”ς
582 2411 729 2482 άνέκαμψεν
749 2414 785 2474 είς
803 2411 851 2481 τήν
864 2414 1002 2468 Γαλιλαίαν
1019 2414 1062 2468 καλ
1076 2414 1215 2482 Ναζαρὲθ·
1246 2417 1362 2486 συνῳδὰ
1378 2417 1455 2473 δίισλ

284 2501 449 2562 ὁΜατθαῖος
464 2501 548 2568 λέγει,
574 2497 740 2554 Καταλειτοίν
764 2499 823 2567 (εἰσ)
848 2497 895 2565 τήν
911 2499 1033 2567 Ναζαρὲθ
1054 2488 1134 2566 ήλθεν
1149 2499 1186 2560 είς
1202 2498 1251 2566 τήν
1268 2501 1453 2569 Καφαρναούμ

280 2577 379 2642 Ἦλθεν
391 2583 441 2653 γάρ
456 2585 493 2646 είς
507 2583 638 2651 Ναζαρέθ,
656 2581 778 2638 κάκεῖθεν
793 2584 830 2645 είς
843 2582 888 2638 τάν
901 2579 1032 2651 Ἰορδάνην
1046 2582 1110 2651 πρὸς
1122 2583 1166 2638 τὸν
1178 2579 1316 2652 Ἰωάννην,
1338 2588 1388 2641 οιαὶ
1402 2585 1455 2654 μετ’

283 2670 312 2728 τί
331 2673 439 2727 διελθεῖν
454 2668 498 2726 διά
510 2671 555 2724 τού
571 2665 697 2736 Ἰορδάνου
714 2668 787 2724 πάλιν
811 2667 859 2736 τήν
877 2665 960 2738 ὁρμήν
974 2669 1047 2740 έσγεν
1062 2668 1106 2724 ἐπλ
1118 2666 1151 2724 τά
1168 2667 1266 2730 οίκεῖα,
1294 2669 1366 2726 ἔνθα
1382 2669 1454 2725 άνετέ·

285 2759 382 2824 θραπτσ
394 2755 459 2823 πρὸς
474 2752 521 2822 τήν
539 2754 638 2822 μητέρα
656 2753 681 2808 έν
699 2753 836 2820 Ναζαρίθ,
855 2753 913 2808 ἐκεῖ
927 2773 954 2808 τε
970 2755 1125 2822 παραμείνας
1143 2751 1189 2810 δύο
1204 2751 1326 2821 ήμέρας.
1357 2753 1405 2812 ’ὅτε
1420 2755 1454 2808 ια’

286 2843 309 2898 ολ
324 2841 382 2909 περὶ
394 2837 515 2907 ’Δνδρέαν
530 2835 589 2906 παρ’
603 2834 674 2908 αύτῷ
691 2838 807 2906 ἔμειναν,
832 2838 915 2894 λοιπὸν
932 2835 1054 2907 ήπείγετο
1069 2840 1118 2906 τής
1133 2839 1265 2906 σωτηρίας
1286 2841 1343 2894 τῶν
1360 2838 1453 2908 α’νθρὸ-

283 2945 337 2981 πων
357 2925 440 2980 ένεκεν
455 2927 500 2978 τοῦ
518 2921 682 2992 κηρύγματος
701 2917 843 2989 ἄρξασθαι,
871 2924 916 2978 καλ
936 2923 1020 2992 έμεινε
1042 2923 1087 2991 μὲν
1110 2922 1157 2979 δύο
1179 2920 1284 2991 ήμέρας
1304 2923 1355 2981 δια·
1373 2927 1402 2981 τὲ
1419 2923 1452 2980 δεῖ

283 3007 373 3080 γράνου
391 3005 468 3064 αύτόν
487 3009 585 3074 ἐλθεῖν,
604 3008 692 3079 έχοντα
708 3002 766 3076 μεθ’
783 3007 874 3062 ἱαυτού
891 3003 936 3070 ούς
949 3008 1091 3077 παρείληφε
1107 3007 1245 3076 μαθητάς,
1265 3010 1313 3063 καί
1328 3008 1453 3070 α’πολύοτς

284 3093 344 3156 τούς
367 3089 593 3161 άκολουθήοαντας
617 3087 688 3163 αύτῷ
715 3088 794 3154 εύθύς
817 3091 925 3161 ἐξῆλθεν
944 3093 984 3148 ἐπλ
1001 3092 1049 3160 τήν
1063 3093 1201 3148 Γαλιλαίαν
1219 3092 1264 3149 διά
1286 3093 1316 3149 τά
1337 3095 1452 3164 στήριγμα

285 3179 329 3234 καλ
344 3177 389 3235 διά
404 3177 433 3234 τά
453 3178 523 3246 ἔργον
540 3180 586 3232 τού
603 3178 756 3246 θεοσημείου
773 3181 838 3230 Van.
857 3208 890 3220 —
924 3179 942 3230 1.
955 3179 992 3230 19.
1012 3174 1049 3240 ιίς
1064 3177 1079 3234 α’
1095 3173 1220 3245 Ἰωάννης
1235 3181 1303 3230 λέιν.
1322 3209 1358 3222 -
1394 3183 1450 3232 λιίλ

194 3249 200 3260 ’
284 3259 339 3332 ήδη
357 3265 401 3318 τοῦ
417 3263 499 3332 ἐργσυ,
518 3257 558 3317 ὅτι
572 3266 634 3314 Ven.
651 3263 737 3315 Recte.
753 3293 784 3304 -
819 3264 886 3315 1.21.
907 3265 970 3314 λλελε
986 3281 1083 3315 comma
1098 3275 1157 3332 post
1171 3264 1312 3334 βαπτίζειν.
1330 3293 1369 3306 -
1392 3268 1449 3318 λιι

283 3350 384 3417 πνεῦμα
405 3343 555 3418 καταβαῖνον
579 3347 605 3402 ἐν
627 3349 691 3404 είδει
715 3351 777 3400 Ven.
798 3379 831 3392 -
867 3346 936 3400 λ.’ὶ·’ί.
960 3349 1003 3402 ἶνα
1024 3343 1084 3404 ὅταν
1104 3351 1166 3400 Ven.
1203 3349 1273 3400 {dem
1292 3351 1392 3403 ibidem
1409 3369 1448 3402 σοι

282 3435 360 3486 habet
375 3433 401 3488 ἐν
415 3445 473 3501 μανι
487 3429 593 3488 ἄνωθεν.
616 3462 646 3472 -
681 3433 751 3486 λ’λίλ.
776 3435 799 3488 οῖ
815 3433 922 3490 τοιοῦτοι
939 3435 1087 3500 αλρεσιιῖται
1103 3428 1154 3488 οἷπδ
1171 3435 1235 3485 Ven.
1254 3463 1290 3474 —
1326 3435 1402 3490 [Ἀ
1417 3431 1449 3488 05

283 3516 331 3588 γάρ
345 3519 440 3574 πιστῶν
460 3518 498 3580 είς
512 3516 668 3589 φρονούντων
684 3515 849 3589 άποβάλλσιτσ
863 3517 895 3574 τά
913 3519 951 3588 τῷ
967 3516 1033 3588 άγίῳ
1052 3515 1176 3585 πνεύματι
1191 3517 1236 3573 διά
1251 3521 1306 3574 τοῖν
1324 3523 1402 3576 θείειν
1415 3516 1447 3574 τύ

283 3604 408 3676 αγγελίων
425 3599 542 3674 άκριβῶς
558 3603 688 3670 εἰρημένα
723 3600 808 3658 Κάντε
825 3602 873 3672 γάρ
892 3604 998 3672 λέγωσιν
1015 3599 1054 3658 ὅτι
1070 3601 1084 3658 ά
1103 3602 1148 3671 μλν
1164 3605 1304 3667 Ματθαῖος
1319 3607 1367 3660 καλ
1381 3603 1446 3670 12¹3-

283 3709 329 3752 κος
345 3690 390 3744 καλ
407 3690 511 3747 Λουκᾶς
535 3689 558 3743 οἱ
582 3683 762 3756 εύαγγελισταλ
784 3689 942 3758 διηγήσαντο
965 3688 1024 3757 περὶ
1048 3689 1092 3742 τοῦ
1119 3690 1236 3758 omnim
1266 3685 1309 3745 ὅτι
1335 3689 1400 3758 μετα
1423 3687 1445 3742 π’

284 3772 416 3845 βάπτισμα
438 3769 541 3844 α’νήγθη
566 3773 603 3835 είς
625 3771 671 3840 τήν
697 3773 789 3840 έρημον
816 3775 860 3829 καλ
885 3774 1001 3842 ἐποίησεν
1026 3771 1127 3842 ήμέρας
1151 3773 1348 3842 τεσσαράκοντα
1367 3793 1443 3840 πείρα

285 3859 403 3926 ζόμενος,
430 3859 475 3914 καλ
489 3857 555 3926 μετά
571 3857 614 3913 τόν
629 3856 769 3926 πειρασμόν
794 3856 907 3920 άκεύσας
922 3854 962 3914 ὅτι
976 3854 1100 3926 Ἰωάννης
1113 3854 1249 3927 παρεδόθη
1267 3861 1353 3916 ἐλθεῖν
1367 3858 1443 3926 καπί-

283 3961 362 4010 κησεν
380 3943 417 4005 είς
432 3941 609 4013 Καφαρναούμ
626 3941 673 4012 τήν
696 3941 765 4012 παρὰ
783 3942 932 4011 θάλασσαν,
958 3941 972 3998 ά
990 3942 1020 3999 δέ
1036 3938 1158 4011 Ἰωάννης
1175 3941 1305 4010 ψεύδεται
1320 3945 1358 4013 μή
1378 3943 1444 3999 chub

282 4027 341 4094 περὶ
362 4025 474 4096 τούτων,
502 4025 556 4083 ἀλλ’
572 4023 652 4092 εύθύς
674 4025 724 4084 άπό
742 4027 863 4096 πρώτης,
891 4025 935 4084 ’ὅτε
950 4019 1029 4096 ήλθεν
1045 4027 1059 4084 ὁ
1078 4027 1167 4097 σωτήρ
1183 4029 1249 4097 πρὸς
1264 4031 1311 4087 τὸν
1325 4029 1443 4096 Ἰωάννην,

282 4111 328 4166 καί
340 4110 373 4167 τά
389 4107 454 4168 ἄλλα
476 4108 527 4168 ὅσα
548 4115 617 4183 λέγει
638 4115 697 4182 περὶ
719 4109 798 4170 αύτοῡ
814 4114 992 4182 πεποιηκέναι,
1017 4112 1173 4182 φανήσονται
1197 4115 1266 4171 κατὰ
1282 4116 1366 4174 πάντα
1385 4113 1442 4170 κατά

281 4193 329 4263 τήν
351 4191 481 4268 ἀκρίβειαν
504 4202 554 4253 τοῖν
571 4196 724 4269 εὐαγγελίων
748 4195 913 4268 ήγνοηκάτες.
949 4195 1071 4267 Ἰωάννης
1097 4198 1145 4268 γάρ
1166 4197 1180 4256 ά
1198 4195 1387 4270 εύαγγελιστής
1402 4199 1440 4266 τρὸ

281 4284 326 4334 τοῦ
348 4285 526 4350 παραδοθῆναι
546 4282 590 4338 τίν
614 4283 753 4355 βαπτιστήν
770 4281 891 4352 Ἰωάννην
910 4285 1029 4352 σημαίνει
1040 4283 1084 4338 τίν
1100 4281 1185 4352 κύριον
1203 4285 1271 4354 μετά
1292 4287 1341 4350 τάς
1355 4285 1441 4355 ήμέροε

282 4366 327 4420 τοῦ
347 4369 488 4435 πειρασμοῦ
506 4367 570 4436 πρὸς
589 4367 665 4424 αύτόν
682 4371 839 4437 ἐληλυθέναι.
873 4371 939 4433 Παῖς
954 4369 1003 4438 γάρ
1020 4365 1140 4425 Ἰωάννου
1164 4375 1355 4438 παραδοθέντος
1371 4373 1439 4428 ἐνιῖί·

282 4467 341 4518 γετο
356 4450 393 4504 έτι
408 4449 451 4504 τάν
468 4455 574 4519 σωτῆρα
590 4451 653 4520 πράς
669 4453 747 4512 αύτὸν
767 4455 839 4512 πάλιν
861 4456 943 4510 ἐλθεῖν
967 4455 1009 4510 ἐπὶ
1027 4453 1069 4510 τάν
1087 4450 1229 4524 Ἰορδάνην.
1266 4455 1327 4514 Ούκ
1342 4459 1437 4524 ἔγευσε*

247 4581 252 4590 .
282 4531 313 4589 δλ
328 4527 368 4587 ὅτι
384 4534 407 4588 ολ
431 4529 503 4588 ἄλλοι
524 4543 593 4603 τρεῖς
615 4534 793 4608 εύαγγελιοταλ
817 4538 860 4597 τάν
884 4541 972 4616 χρόνον
995 4540 1037 4598 τίν
1060 4539 1127 4612 μετά
1155 4539 1184 4596 τά
1202 4545 1386 4614 ’παραδοθῆναι
1402 4539 1435 4594 τίν
