3068 5008
469 303 793 376 uuacmanaeosrs
1145 281 1207 348 555
1241 343 1246 350 .

64 419 179 486 Herodis
197 422 347 508 Agrippae
376 425 457 487 lesus
482 418 621 486 Christos
646 423 832 508 promulgare
856 419 985 486 divinum
1010 419 1133 484 verbum
1157 439 1209 503 ag·

61 545 172 609 gressus
190 535 253 604 est,
284 546 319 588 ac
336 546 401 589 eum
423 525 542 590 loannis
569 525 713 610 baptismo
738 525 888 604 initiatur,
920 535 980 588 tum
996 544 1104 588 annum
1127 521 1208 586 illum

60 639 200 713 acceptum
216 627 246 690 in
263 647 296 690 ea
322 627 472 713 praeconii
493 628 644 690 iunctione
666 627 829 706 consumit,
861 625 940 691 nullo
965 646 1060 710 oeque
1086 624 1210 687 ludaeo-

60 753 135 809 rum,
158 749 251 814 oeque
268 730 438 813 gentilium,
464 751 558 814 neque
576 726 848 807 Samaritanorum,
873 749 967 813 neque
983 727 1105 792 alterius
1118 745 1210 810 geue·

59 835 97 898 ris
123 842 311 918 repugnante.
368 829 508 896 Secundo
533 833 682 918 praeconii
706 833 845 896 coelestis
872 853 950 894 astruo
980 829 1208 914 quamplurimus

60 936 266 1000 obtrectatores
294 934 411 1012 babuit,
447 933 495 1018 qui
522 935 637 1020 quidem
664 932 793 998 Herodis
817 935 946 998 eiusdem
969 935 1064 1009 XlX.,
1096 926 1210 995 Christi

58 1039 169 1100 xxxtt.
186 1037 297 1101 extitit.
342 1034 468 1100 Densum
485 1040 550 1100 XX.
570 1037 736 1100 tetrarchae
755 1035 882 1100 Herodis
903 1057 983 1100 anuo
999 1032 1136 1100 Christus
1158 1034 1210 1096 do·

58 1141 147 1204 minus
164 1141 201 1204 ob
220 1140 337 1203 humani
353 1140 472 1223 generis
493 1140 617 1204 salutem
637 1159 758 1225 passus,
791 1151 878 1222 atque
895 1140 996 1204 eodem
1018 1149 1148 1222 tempure
1166 1134 1211 1200 ni·

57 1244 94 1308 bil
112 1263 212 1328 passus
229 1252 291 1320 est,
325 1253 385 1305 tum
402 1264 467 1306 cum
485 1254 608 1306 mortens
625 1243 785 1326 degustans
803 1243 897 1327 ipsum
917 1242 1004 1305 etiam
1023 1240 1120 1304 crucis
1140 1259 1209 1321 sup·

57 1347 167 1431 plicicm
185 1342 291 1418 subiit,
325 1367 390 1408 curn
415 1345 531 1408 iraterirn
552 1345 622 1408 nibil
639 1346 701 1430 ipsa
720 1345 871 1408 divinitate
889 1355 1050 1429 pateretur.
1097 1345 1210 1405 Cdrt'ato
1218 1342 1301 1390 1³⁸¹*
1313 1341 1363 1396 ⁴2¹·

55 1456 141 1526 main,
169 1447 392 1532 aitscriptura,
420 1470 475 1529 pro
493 1450 574 1510 aoba‘e
591 1454 621 1510 r'n
638 1470 726 1510 corne
740 1469 846 1528 passo.-
880 1467 1076 1531 rursumque,
1106 1443 1364 1508 Morti-Uetbll·

51 1555 154 1630 plentur
169 1573 266 1625 rarae,
291 1551 451 1630 ua'mflcatus
466 1563 558 1612 cutem
571 1555 692 1631 spui-ita,
716 1560 746 1613 el
763 1571 838 1634 quae
852 1561 1026 1634 sequuntur.
1073 1550 1104 1611 ln
1122 1567 1210 1610 eruco

53 1656 254 1740 suspenditur,
288 1654 448 1741 sepelitur,
481 1655 516 1716 ad
533 1654 645 1716 inieras
663 1674 729 1716 cum
747 1653 900 1716 divinitate
918 1673 972 1715 sua
989 1651 1144 1734 animaque
1160 1649 1211 1712 de-

53 1757 182 1835 scendit,
213 1757 358 1842 captivans
376 1757 457 1819 ducit
474 1755 694 1840 captivitatem,
725 1776 760 1819 ac
779 1757 867 1818 turtio
882 1754 928 1818 die
944 1776 1008 1820 curu
1026 1752 1212 1816 sanctissimo

52 1881 107 1922 suo
123 1881 246 1943 corpore
263 1862 300 1923 ad
317 1860 406 1924 vitam
423 1859 583 1922 excitatur.
629 1854 715 1940 Quod
734 1859 849 1942 quidem
873 1879 979 1943 corpus
997 1877 1091 1942 neque
1107 1855 1212 1920 dissol-

52 1962 176 2025 vendum
201 1962 341 2047 amplius,
374 1981 429 2025 nee
446 1982 617 2046 passurum,
652 1981 707 2022 nec
723 1960 778 2024 sub
797 1959 899 2025 mortis
915 1960 1093 2024 dominatum
1112 1969 1213 2044 postea

51 2085 204 2128 cessurum
221 2087 286 2128 cum
305 2085 358 2129 sua
377 2063 529 2127 divinitate
548 2061 714 2126 coniunxit.
762 2063 790 2124 ld
810 2064 886 2147 quod
904 2063 1028 2148 apostoli
1045 2059 1213 2125 testimonio

52 2167 276 2252 comprobatum
308 2171 408 2240 Mors,
443 2165 555 2249 inquit,
579 2188 635 2228 nun
653 2169 773 2246 amplius
788 2167 1027 2228 ea'domt‘rmla'tur.
1075 2163 1140 2228 Huc
1157 2162 1353 2246 igi-unta·

51 2281 100 2334 tur
116 2271 209 2355 ipsum
226 2290 353 2355 corpus,
386 2289 504 2331 curarem
525 2269 617 2351 ipsam
639 2278 668 2329 ct
682 2268 826 2344 animam,
859 2268 921 2352 ipsa
939 2267 1043 2351 quibus
1059 2265 1213 2330 constabat

50 2373 168 2450 omnia,
203 2393 262 2436 non
279 2371 355 2436 aliod
380 2371 533 2455 quicquam
561 2380 680 2454 praeter
702 2390 804 2434 verum
830 2390 955 2455 corpus,
988 2371 1039 2433 scd
1058 2367 1214 2454 ipsummet

49 2475 121 2538 illud
137 2473 166 2537 vi
181 2473 303 2538 coelesti
327 2474 472 2558 perfudit,
505 2482 534 2535 et
553 2473 688 2536 inunum
706 2472 859 2556 idemque,
892 2474 922 2536 iu
942 2493 1046 2550 unam,
1079 2471 1211 2556 iuquam,

48 2576 236 2639 divinitatem
256 2576 453 2654 consociavit,
488 2585 519 2639 ut
537 2585 567 2638 et
584 2595 674 2638 carne
691 2585 830 2638 constans
849 2586 880 2638 ct
895 2574 1115 2661 incorruptum,
1147 2594 1213 2639 cor·

48 2699 175 2764 porcum
191 2679 278 2743 simul
297 2701 332 2743 ac
350 2678 502 2764 spiritale,
526 2687 697 2742 concretum
716 2698 752 2740 ac
769 2689 875 2758 tenue,
901 2678 1024 2742 mortale
1043 2675 1155 2762 pariter
1169 2685 1214 2738 at·

47 2802 109 2866 que
127 2781 291 2846 immortale
315 2782 383 2846 illud
406 2792 506 2858 esset,
538 2781 613 2864 quod
633 2780 710 2844 nulla
729 2781 849 2844 omuino
873 2780 940 2844 tabe
957 2779 1130 2844 dissolutum
1152 2781 1214 2842 lue·

46 2895 116 2962 rat,
142 2903 237 2967 neque
254 2883 318 2946 eius
333 2884 430 2948 anima
449 2885 523 2968 apud
540 2885 653 2947 iulcrus
669 2883 791 2961 relicta,
825 2904 880 2966 nep
897 2884 990 2968 ipsum
1009 2883 1090 2946 velut
1105 2881 1214 2944 instru-

44 2995 183 3050 mentum
211 2985 352 3069 quoddam
381 2987 477 3070 aliqua
495 3007 535 3050 ex
556 2997 639 3072 parte
665 2987 778 3070 peccati
800 2986 828 3049 iu
846 2985 1018 3070 obsequium
1036 2984 1212 3070 impensum,

43 3109 149 3172 neque
174 3109 259 3152 mens
290 3088 348 3152 ulla
373 3101 438 3152 erat
460 3088 489 3151 in
515 3089 644 3153 deterius
667 3088 829 3152 mutatione
853 3088 978 3173 polluta:
1014 3087 1066 3150 sed
1091 3087 1131 3150 ita
1157 3085 1214 3150 ribi

42 3191 149 3254 omnia
170 3209 244 3274 quae
265 3191 414 3254 bominum
438 3191 554 3276 propria
576 3203 644 3254 sunt
668 3191 810 3270 adscivit,
846 3191 947 3255 eadem
969 3201 1001 3254 nt
1016 3191 1129 3274 integra
1149 3209 1213 3254 ser·

40 3303 135 3357 voret
158 3313 232 3376 quae
256 3313 345 3357 verae
362 3291 405 3356 illi
424 3314 510 3376 quam
528 3294 583 3358 eibi
601 3294 814 3358 conciliaverat
831 3304 953 3357 naturae
971 3291 1159 3356 necessarios
1176 3291 1213 3356 ad

40 3417 122 3461 usus
149 3395 288 3460 diviuitas
311 3407 520 3473 coracesserat,
554 3417 624 3460 usus
649 3397 784 3460 nimirum
802 3397 869 3460 illos
892 3395 941 3480 qui
961 3406 993 3459 ut
1012 3416 1079 3459 esse
1096 3396 1212 3482 penitus

38 3498 167 3584 possint
183 3498 287 3582 partim
306 3497 439 3583 corporis
455 3507 561 3580 egent,
595 3498 698 3581 partim
716 3499 805 3561 animi
829 3509 916 3582 atque
942 3498 1083 3562 humanae
1105 3499 1212 3562 mentis

35 3600 246 3678 adminiculo,
271 3599 434 3664 cuiusmodi
455 3609 524 3664 sunt
541 3601 648 3678 lomes,
670 3599 753 3678 sitis,
776 3601 861 3664 lletus
876 3623 911 3664 ac
926 3602 1025 3680 dolor,
1050 3601 1211 3687 lacrymae,

33 3723 174 3768 somnus
195 3724 231 3765 ac
248 3704 376 3787 requies.
423 3700 506 3766 Haec
530 3701 607 3766 enim
633 3702 730 3765 omnia
755 3703 833 3766 nullu
851 3704 996 3768 infuscata
1016 3704 1127 3789 peccati
1146 3723 1213 3788 spe-

34 3808 90 3870 eie
109 3817 270 3890 susceptae
290 3803 386 3889 reipsa
403 3815 527 3868 naturae
547 3804 673 3869 bominis
689 3817 863 3891 argumenta
878 3807 1048 3882 continent3
1073 3827 1128 3890 que
1147 3827 1213 3868 cunr

33 3928 119 3974 vere
140 3908 309 3970 consociata
327 3907 463 3970 divinitas
480 3907 635 3970 humanum
651 3921 749 3972 tamen
765 3909 874 3993 patitur
890 3908 979 3986 nibil,
1003 3909 1119 3971 tametsi
1138 3927 1212 3992 quae

30 4009 158 4076 rationi
185 4019 384 4073 consentanea
410 4011 524 4088 lorent,
560 4009 728 4087 admiserit,
761 4021 850 4094 atque
872 4011 908 4073 ab
925 4009 1004 4073 omni
1020 4011 1152 4090 scelere,
1184 4021 1215 4074 et

27 4117 66 4178 in
93 4111 186 4198 peius
205 4133 238 4174 ac
259 4111 382 4176 vetitum
407 4113 568 4176 mutatione
592 4112 692 4197 procul
717 4112 854 4176 abluerit.
900 4113 947 4175 Ad
972 4112 1045 4176 baec
1067 4113 1214 4178 excitatus
1233 4127 1360 4175 tamur.

26 4241 47 4280 a
76 4223 184 4278 morte
209 4210 346 4278 Christus
371 4214 499 4277 occlusis
521 4215 618 4278 ianuis
643 4215 797 4298 ingressus
821 4225 885 4292 est,
919 4215 959 4278 uti
977 4216 1053 4299 quod
1073 4215 1215 4280 haetenus

27 4337 186 4383 crassum
204 4327 433 4400 concretumque
450 4319 545 4380 luerat
562 4338 687 4402 corpus,
722 4319 823 4381 eadem
846 4337 911 4380 cum
931 4338 1020 4380 carne
1040 4317 1214 4403 ossibusque

26 4433 138 4485 tenue
163 4439 199 4480 ac
218 4419 324 4481 subtile
348 4439 415 4482 esse
442 4429 630 4482 monastraret.
679 4417 785 4484 Statim
810 4419 887 4483 enim
910 4429 997 4508 atque
1012 4420 1214 4505 introgressus

23 4555 169 4628 ροφορίαν
188 4549 277 4626 αὐτῷ,
293 4555 327 4626 τῇ
346 4553 419 4625 nclrp
438 4557 491 4608 κτλ.
