3068 5008
469 319 797 376 anteuenstsnosts.
1151 303 1213 370 559

74 456 125 508 tum
139 455 178 508 est
195 456 224 508 et
243 465 259 508 a
275 464 321 508 me
340 444 441 528 paucis
465 445 660 528 explicatum,
691 441 862 526 evangelica
886 439 998 503 seilicet
1022 440 1104 516 luce,
1137 458 1214 522 quae

73 567 87 610 a
101 545 207 612 Christo
222 547 340 610 domino
355 544 525 630 Christique
540 545 689 630 discipulis
703 545 767 607 orbi
781 556 925 607 terrarum
941 543 1019 606 illata
1035 540 1099 604 luit.
1140 536 1213 622 Qui·

72 649 149 713 bosa
168 671 210 713 me
234 649 319 713 dictis
340 659 540 712 consentanea
566 649 705 732 pleraque
728 647 867 730 colligere
893 645 978 722 licet,
1014 663 1049 705 oc
1075 641 1213 706 vaticinio

71 763 98 816 et
114 753 221 815 oracula
238 772 277 814 ex
296 752 362 835 lege
380 753 493 829 veteri,
519 751 566 814 vel
591 747 716 814 Psalmis
737 749 859 832 aliisque
875 747 957 812 libris
973 745 1161 829 conquirere,
1185 755 1215 808 et

71 855 184 918 omnium
212 856 320 918 seriem
344 855 534 938 ordinemque
561 853 758 938 perscrutari,
796 873 834 914 cx
861 851 956 934 iisque
983 847 1214 912 incarnationem

70 953 170 1020 Christi
187 955 295 1020 domini
318 955 471 1041 perspicue
491 955 681 1041 comprobare
701 977 759 1017 non
778 953 1009 1039 supposititiam,
1044 951 1095 1013 scd
1113 970 1214 1012 veram

68 1058 211 1135 extitisse,
243 1069 330 1143 atque
350 1059 379 1120 in
399 1059 464 1142 lege
480 1045 574 1120 reteri
593 1057 775 1134 nuntiatam,
807 1067 838 1118 ut
854 1057 890 1118 de
909 1075 945 1118 eo
962 1054 1059 1116 nulius
1079 1053 1118 1114 sit
1133 1052 1216 1114 dubi·

67 1163 139 1225 taodi
164 1162 243 1224 locus
261 1161 395 1224 relictus.
429 1157 503 1240 ,set
520 1180 556 1223 ne
573 1159 658 1223 buius
676 1159 775 1244 operis
796 1157 933 1221 tractatio
955 1158 984 1219 in
1002 1157 1145 1219 inlinitum
1162 1173 1216 1217 ex·

67 1275 188 1342 crescat,
212 1262 257 1326 bis
280 1283 356 1346 qnae
379 1261 456 1326 dicta
479 1273 548 1325 sunt
569 1263 679 1325 erimus
702 1259 845 1324 contenti.

143 1365 187 1430 Ac
207 1365 348 1450 deinceps
372 1365 527 1449 opiniones
550 1364 633 1441 illas,
667 1363 795 1448 quaein
824 1361 972 1427 bominum
996 1362 1084 1424 vitam
1111 1371 1214 1445 postea

65 1468 184 1555 pessimo
206 1469 306 1531 colore
329 1489 363 1531 ao
386 1469 485 1553 specie
508 1467 639 1552 prolatae
662 1476 750 1543 sunt,
775 1466 878 1528 eadem
902 1465 981 1528 serie
1004 1477 1169 1549 pertexam.

144 1569 222 1634 llaec
245 1582 315 1633 sunt
341 1591 416 1654 quae
439 1571 469 1632 in
495 1571 626 1633 secundo
652 1580 731 1631 tomo
753 1568 818 1631 libri
842 1567 925 1652 primi
946 1567 1152 1642 continentur,
1182 1564 1213 1626 in

63 1693 119 1758 quo
135 1669 209 1736 Xlll
233 1673 374 1736 haereses
398 1671 602 1757 explicantur,
638 1691 760 1756 quacum
785 1670 878 1754 prima
905 1679 952 1733 est
971 1666 1102 1734 Simonis
1118 1663 1214 1750 Magi,

62 1775 217 1859 quistatim
242 1785 307 1858 post
324 1771 475 1839 Christum
503 1773 739 1859 praedicantibus
758 1772 851 1836 adbuc
870 1772 1011 1858 apostolis
1029 1771 1168 1848 emersit,
1198 1790 1214 1830 a

61 1899 118 1962 quo
137 1873 298 1942 Simoniani
320 1876 397 1940 illius
415 1876 548 1940 haeresis
566 1887 731 1940 sectatores
749 1874 882 1960 appellati
901 1883 980 1938 sunt.
1028 1872 1085 1936 Hie
1102 1894 1141 1935 ex
1159 1869 1214 1936 Sa*-

60 1979 167 2042 mariae
195 1979 261 2042 vico
286 1981 410 2063 quodam
432 1977 542 2041 Gitthis
568 1977 710 2042 oriundus
727 1974 878 2041 Christum
900 1977 1017 2039 nomine
1043 1986 1129 2039 tenus
1148 1995 1215 2060 pro·

60 2085 230 2160 iessusest,
264 2091 367 2145 auctor
391 2081 534 2144 celandae
560 2079 750 2144 obscenitatis
772 2091 802 2142 et
825 2078 1051 2164 inquinatissimi
1077 2077 1215 2140 concubi·

56 2197 117 2248 tus.
160 2180 320 2247 Praeterea
345 2181 527 2268 promiscuas
542 2203 655 2248 uxores
672 2203 739 2245 esse
757 2181 861 2245 voluit.
909 2176 1043 2265 Corpora
1063 2191 1152 2262 negat
1167 2199 1214 2242 re-

55 2307 198 2372 surgere,
232 2307 287 2350 nec
309 2307 325 2347 a
351 2286 406 2348 deo
433 2285 570 2350 mundum
598 2283 771 2348 fabricatum
796 2305 864 2348 esse
888 2283 1001 2346 statuit.
1055 2279 1214 2366 irnagioem

54 2410 146 2475 porro
164 2410 247 2452 snam
269 2388 418 2472 scortique
437 2389 502 2465 sui,
535 2389 653 2451 nomine
678 2385 831 2464 Helenae,
863 2386 918 2451 sub
942 2382 1023 2448 lovis
1048 2406 1083 2448 ac
1100 2381 1215 2448 Miner·

53 2511 112 2554 vae
129 2492 228 2576 specie
247 2490 397 2577 discipulis
413 2491 590 2555 adorandam
609 2491 746 2554 obtrusit.
793 2489 879 2574 Apud
899 2488 1063 2552 Samarites
1088 2509 1139 2573 pro
1159 2487 1215 2552 dee

51 2605 139 2681 patre
161 2613 193 2657 se
217 2593 372 2657 venditans
396 2593 509 2656 ludaeis
532 2590 683 2657 Christum
706 2613 739 2656 se
761 2612 830 2656 esse
852 2591 978 2655 dicebat.

140 2693 349 2760 Menandriani
368 2716 383 2758 a
401 2693 569 2758 Menandro
585 2695 709 2779 quodam
728 2695 872 2778 originem
889 2704 1062 2773 traxerunt,
1086 2693 1133 2779 qni
1149 2715 1215 2758 eer-

51 2801 92 2864 tis
121 2800 152 2862 in
178 2799 267 2863 rebus
294 2818 310 2861 a
335 2795 517 2862 Simonianis
541 2797 746 2883 discrepabat,
778 2798 916 2862 mundum
941 2817 1013 2862 vero
1037 2797 1074 2861 ab
1101 2798 1214 2882 angelis

49 2903 147 2966 luisse
170 2903 343 2986 productum
366 2902 531 2964 asserebat.

141 3002 336 3070 saturniliani
364 3003 395 3066 io
425 3001 513 3089 Syria
545 3001 784 3070 simonianorum
815 3003 1022 3091 turpitudinem
1052 3017 1213 3070 auxerunt.

44 3105 208 3172 Nonnulla
224 3127 340 3192 quoque
359 3107 394 3170 ad
413 3107 553 3170 maiorem
581 3107 793 3171 conciliandum
813 3118 963 3194 stuporem
980 3110 1016 3171 ad
1034 3107 1148 3172 illorum
1165 3110 1216 3172 ad·

41 3209 153 3272 iecere
178 3211 327 3294 dogmata.
374 3207 488 3272 Horum
515 3209 649 3295 princeps
673 3206 841 3275 Saturnilus
865 3212 935 3289 init,
967 3211 1015 3295 qui
1044 3211 1163 3296 perinde
1180 3231 1215 3274 ae

38 3309 223 3375 Menander
237 3311 334 3374 arnadi
352 3311 520 3374 conditores
536 3312 677 3394 angelos,
702 3311 757 3375 boc
774 3325 820 3376 est
835 3325 975 3398 septenos
992 3333 1032 3377 ex
1050 3313 1105 3393 iis,
1131 3314 1213 3392 lacit,

38 3415 138 3497 idque
157 3413 240 3498 ipsos
266 3424 383 3498 praeter
399 3413 528 3498 supremi
556 3413 686 3498 parentis
710 3415 885 3479 sententiam
911 3417 1078 3500 suscepisse
1101 3416 1213 3480 statuit.

136 3511 314 3580 Basilidiaoi
338 3515 485 3579 foeditatis
512 3515 643 3578 eiusdem
661 3516 734 3580 socii
751 3519 787 3580 ad
807 3515 956 3582 basiliden
977 3520 1120 3604 originem
1138 3520 1215 3583 reie-

34 3628 138 3699 runt,
166 3618 298 3702 quicum
318 3615 470 3683 Saturoilo
487 3615 669 3683 Simonianis
688 3641 722 3683 ac
739 3617 963 3685 Menandrianis
981 3643 1100 3707 operam
1123 3621 1213 3700 dedit,

33 3743 79 3786 ae
100 3719 225 3786 tametsi
241 3721 342 3784 eadem
360 3723 422 3784 lere
442 3721 562 3799 sentiat,
587 3723 616 3784 in
637 3721 807 3806 quibusdam
826 3733 923 3788 umen
939 3725 1094 3811 discrepat.
1135 3721 1213 3788 Nam

32 3823 204 3888 coelestes
220 3823 308 3887 orbes
326 3819 501 3888 CCCLXV
519 3825 690 3904 constituit,
722 3847 796 3910 quos
811 3827 951 3910 angelicis
969 3826 1135 3890 nominibus
1156 3828 1217 3891 attt-

28 3925 96 4006 eit,
125 3927 257 4011 ideoque
274 3923 394 3990 totidem
411 3925 513 3989 diebus
529 3947 637 3988 annum
654 3938 792 3992 constare
808 3940 921 3994 censet.
967 3930 1057 3992 noun
1071 3939 1101 3992 et
1119 3929 1216 3994 Abra·

27 4051 101 4095 sax
122 4029 281 4093 cuiusdam
301 4027 417 4093 virtutis
435 4049 560 4106 nomeu,
594 4049 669 4112 quae
687 4025 862 4095 CCCLXV
884 4029 1035 4095 numerum
1054 4030 1146 4096 literis
1163 4053 1216 4098 ex·

22 4133 173 4220 primit,
199 4131 286 4215 idque
308 4141 440 4195 sanctum
465 4152 531 4196 esse
556 4151 662 4195 nomen
686 4134 805 4196 asserit.

69 4297 99 4353 4.
124 4299 296 4367 μενανδρηνοὶ
311 4303 378 4355 sadd-
397 4317 452 4354 nus.
469 4308 572 4367 uterque.
687 4301 711 4356 9.
729 4300 833 4364 τούτους
848 4309 904 4358 edit.
921 4310 1003 4360 Peton.

68 4369 98 4446 ξ.
122 4369 198 4450 Ltprt
215 4371 285 4432 outpo
302 4362 354 4430 sile.
688 4374 726 4425 10.
751 4368 868 4443 ᾰβασάρξ
891 4377 960 4428 codd.
982 4391 1038 4429 mss.
1060 4381 1170 4444 uterque,
1194 4386 1216 4432 at

66 4437 98 4488 b.
126 4434 365 4489 ausciensem.
383 4441 565 4502 ttedtt.pn'oc.
652 4443 706 4492 edit.
722 4446 798 4504 patna.

67 4504 96 4557 7.
119 4507 167 4556 ltu
186 4508 276 4556 Panos.
297 4507 364 4556 tttrt
378 4509 450 4570 uulqc
466 4521 501 4560 τι
687 4512 724 4560 tt.
744 4504 821 4563 arisati
838 4505 909 4578 ἅγιον
927 4515 977 4564 eod
996 4515 1093 4578 llbedtp.

63 4575 94 4627 8.
121 4577 311 4639 μενανδρηνοῖς
326 4575 393 4625 cedd
413 4589 467 4626 mu.
484 4579 519 4626 atr
534 4591 616 4640 supro
687 4580 723 4630 l'l.
741 4579 840 4646 πνεῦμα
856 4583 925 4633 tabat
943 4584 1034 4635 Panas.
