3066 5016
152 335 157 346 ·
273 329 411 383 rausnn
429 327 493 380 cra.
503 321 549 381 ιιι.
566 320 649 381 son.
660 330 693 380 ιι.
712 321 813 381 asan.
825 327 948 381 cxxix.
987 329 1006 409 j
1125 297 1188 382 449

19 439 23 472 ⁷
61 467 145 540 etqua
164 452 270 517 ratione
295 450 497 516 convincenda
521 450 561 514 sit
578 449 729 536 implorata
756 449 802 514 dei
822 471 877 536 cpe
901 471 955 536 pro
975 449 1052 513 viridi
1069 450 1190 513 demon-

19 545 20 572 ³
59 557 205 634 strabinos,
238 565 271 618 ut
287 554 373 618 buius
390 553 539 632 haeresis,
569 573 643 637 quac
661 552 844 616 idololatriae
863 551 1074 638 superstitione
1096 553 1191 637 impii·

18 649 21 680 ²
58 669 176 736 cataest,
205 656 329 720 succisis
354 656 499 720 radicibus
523 665 632 720 tautam
650 676 690 719 ex
709 653 815 720 animis
836 656 1027 740 quorumdam
1046 655 1190 719 insaniam

57 785 87 826 ac
105 761 199 825 rabiem
220 759 318 825 divina
341 779 397 844 ope
420 759 537 824 facilius
558 759 732 824 evellamus.

129 862 206 947 Agite
221 883 313 948 ergo,
337 862 384 925 dei
404 861 515 939 damuli,
540 861 641 926 virides
658 860 857 948 concipiamus
876 861 1002 942 animos,
1026 873 1059 926 ut
1074 861 1193 925 mulier·
1212 870 1272 940 cap.
1290 873 1321 922 tt.

17 957 19 982 ¹
55 967 167 1032 cularum
190 965 308 1029 istarum
334 964 532 1030 disturbemus
558 963 727 1030 senentiam.
781 962 866 1028 Ninit
895 965 972 1028 enim
999 966 1028 1028 in
1057 975 1118 1028 toto
1143 964 1192 1028 ilic

54 1071 173 1154 dogmate
198 1079 315 1153 praeter
348 1066 519 1130 muliebrem
549 1066 716 1153 opinionem
745 1077 809 1146 est,
853 1088 888 1133 ac
917 1068 1058 1152 deceptae
1089 1089 1193 1132 rursus

53 1170 127 1236 Erae
144 1171 286 1248 morbum,
319 1170 384 1234 sive
407 1169 504 1254 potius
527 1171 674 1254 serpentis
701 1169 877 1234 incitatricis
900 1171 1057 1234 admodum
1081 1169 1194 1234 bestiae

53 1286 79 1336 ct
93 1295 151 1337 cum
174 1274 231 1357 ipsa
257 1273 421 1336 collocutae
445 1272 572 1336 mendax
591 1272 763 1358 promissi03
794 1292 870 1357 quae
893 1271 963 1335 nihii
982 1273 1069 1337 affert
1083 1273 1113 1336 in
1134 1293 1196 1336 me-

51 1377 139 1454 dium,
168 1396 260 1460 aeque
284 1375 428 1461 promissa
451 1374 583 1462 perficit,
615 1376 667 1438 sed
685 1387 810 1439 mortem
834 1385 864 1439 et
880 1375 1003 1438 exitium
1022 1375 1194 1454 consciscit,

49 1481 111 1542 dum
137 1498 263 1562 eaquae
288 1499 431 1562 nusquam
457 1479 516 1541 sint
544 1489 679 1563 tanquam
706 1499 777 1543 vera
805 1486 836 1542 et
861 1477 1022 1542 existentia
1051 1479 1192 1542 nominat.

50 1579 123 1664 Quin
147 1591 174 1644 et
190 1579 258 1643 ittnd
275 1579 379 1658 edicit,
412 1592 445 1644 nt
461 1602 501 1645 ex
526 1580 641 1644 arboris
667 1591 826 1666 conspectu
848 1581 878 1644 in
898 1582 984 1645 deum
1007 1592 1197 1644 contumaces
1224 1599 1282 1642 ceu.
1297 1599 1317 1642 1.

47 1685 120 1764 sint,
151 1693 179 1746 et
199 1703 215 1746 a
237 1682 363 1746 veritate
386 1682 579 1747 abhorrentes
602 1683 637 1746 ad
661 1684 747 1746 muita
779 1705 814 1746 ac
844 1683 962 1748 diversa
993 1685 1194 1748 traducantur.

47 1783 208 1852 Cuiusmodi
224 1805 297 1849 vero
315 1784 427 1850 semina
445 1785 645 1850 fraudulentus
665 1785 713 1849 iile
727 1785 816 1849 iaciat
834 1807 873 1850 ex
893 1787 957 1850 eius
978 1787 1078 1851 verbis
1094 1787 1198 1850 existi·

46 1890 240 1974 maripotest,
273 1892 381 1963 Eritis,
415 1889 524 1973 inquit,
556 1893 632 1950 sabat
653 1891 703 1950 dii.
751 1889 851 1973 Atque
876 1891 979 1953 eodem
999 1891 1084 1976 piane
1112 1890 1198 1954 modo

44 1993 153 2057 bestiae
169 1992 244 2056 iiiios
259 1991 429 2075 arrogantie
446 2001 533 2075 atquc
550 1991 627 2054 fastu
644 1991 768 2054 istorum
787 1992 907 2077 spiritus
923 1993 1097 2058 efferuntur.
1132 1989 1198 2074 Qua

42 2095 155 2179 quidem
172 2094 308 2179 snperbia
324 2093 455 2179 proprie,
480 2091 521 2155 uti
539 2093 683 2172 diximus,
712 2105 836 2157 mortem
862 2094 911 2158 itta
936 2096 1085 2159 coraciiiat.
1121 2092 1199 2158 Nam

42 2209 74 2262 ut
95 2198 131 2260 ab
156 2197 282 2282 antiquis
312 2195 492 2281 temporibus
514 2197 550 2258 ad
576 2196 650 2258 barre
676 2217 768 2280 usque
795 2197 871 2260 diem
902 2197 1001 2260 animo
1030 2206 1199 2282 repetamus

41 2299 158 2378 omnia,
190 2297 254 2384 quis
269 2320 328 2364 nou
348 2299 427 2362 videt
447 2300 620 2362 daemonum
639 2298 717 2362 iliam
736 2319 804 2364 esse
822 2298 984 2364 doctrinam
1004 2321 1038 2364 ac
1057 2299 1199 2386 speciem,

43 2415 73 2467 et
96 2404 310 2487 discrepantem
337 2401 373 2465 ab
397 2411 478 2464 reeta
504 2400 618 2464 ratione
645 2404 803 2464 conatum?
852 2399 1009 2486 Nunquam
1032 2403 1129 2482 enim,
1162 2423 1203 2466 ex

42 2527 103 2592 qno
119 2505 243 2568 mundus
263 2505 397 2568 conditus
423 2514 485 2580 est,
517 2503 684 2568 sacerdotio
700 2517 745 2568 est
762 2506 861 2568 iuncta
876 2505 996 2586 mulier,
1027 2527 1061 2572 ae
1082 2527 1119 2571 ne
1134 2503 1202 2570 Era

39 2609 159 2695 quidem
175 2609 255 2693 ipsa,
278 2627 353 2692 quae
370 2608 485 2670 tametsi
503 2605 708 2690 gravissimum
725 2605 861 2671 dedictum
879 2609 1046 2688 admiserit,
1071 2621 1128 2672 tam
1148 2608 1203 2672 im·

35 2714 119 2799 pium
138 2712 251 2774 facinus
268 2721 437 2795 perpetrare
456 2729 603 2793 rrunquam
624 2731 695 2774 ansa
716 2719 779 2789 est,
811 2709 863 2774 sed
881 2731 936 2773 nec
953 2711 1010 2774 ulia
1028 2711 1149 2774 tiliarum
1168 2711 1204 2774 ii·

34 2818 108 2879 lius.
156 2811 340 2899 Quamquam
358 2823 386 2876 et
402 2813 479 2876 Abel
502 2812 558 2874 deo
573 2811 695 2876 subinde
718 2833 803 2876 sacra
822 2813 943 2892 iecerit,
977 2824 1007 2878 et
1023 2810 1136 2878 Cainns
1155 2835 1205 2877 cn·

32 2939 101 2982 ram
128 2916 248 2980 domino
273 2915 417 2979 sacrificia
442 2913 561 2978 minime
587 2925 684 2978 tamen
711 2915 752 2978 itti
778 2927 861 3000 grata
887 2915 1054 2980 celebrarit.
1110 2914 1151 2982 Ut
1175 2928 1206 2981 et

32 3017 165 3097 Enoch,
192 3040 240 3104 qur
232 3017 306 3080 deo
322 3022 448 3099 pluent,
474 3021 677 3080 ernumtorus
692 3030 744 3080 est
791 3016 860 3083 Noe
878 3041 950 3083 vero
970 3020 1062 3083 exiis
1081 3031 1347 3126 qnorumflrrqbat

28 3125 63 3188 in
83 3143 156 3186 arca
174 3122 260 3207 copia
281 3120 478 3198 redundabat,
512 3121 547 3184 ad
563 3121 693 3205 agendas
712 3121 824 3206 gratias
847 3121 951 3185 obtulit
971 3123 1045 3201 deo,
1070 3121 1264 3216 gratiqueme
1239 3087 1321 3190 estiis,
1327 3134 1359 3179 ro.

26 3225 129 3290 animi
155 3223 401 3307 significationem
426 3222 522 3302 dedit,
554 3245 619 3288 curn
640 3221 670 3286 iu
697 3224 776 3288 ilium
794 3245 810 3287 a
831 3246 887 3308 quc
907 3234 1044 3288 serratus
1062 3233 1127 3287 erat
1145 3245 1207 3286 me·

26 3349 154 3394 morem
182 3325 317 3390 beneficii
342 3327 469 3390 animum
493 3335 617 3390 testatus
637 3337 693 3389 est.
738 3323 817 3390 Nam
841 3338 871 3389 et
895 3327 1061 3391 Abraamns
1088 3326 1171 3391 itte·
1163 3347 1207 3390 tu·

23 3443 100 3498 stus
120 3429 182 3493 deo
201 3429 390 3494 sacrificavit.
434 3425 512 3492 Τιιιιι
528 3425 765 3493 Melchisedccus
787 3433 919 3492 sacerdos
936 3434 985 3492 ded
996 3435 1142 3505 altissime,
1177 3439 1271 3494 ettam
1272 3443 1320 3495 ma,
1329 3443 1360 3486 ra.

23 3533 184 3612 isaacus,
217 3554 266 3616 qur
257 3533 337 3597 deo
354 3531 477 3617 placurt
503 3551 557 3594 nec
577 3552 635 3594 non
653 3542 685 3595 et
699 3529 824 3596 lacobus
841 3542 996 3618 utcumque
1013 3536 1107 3618 petunt
1121 3553 1207 3597 sacra
1221 3473 1361 3549 ‘mm

21 3657 132 3723 super
156 3634 284 3721 lapidem
311 3635 455 3714 offerens,
488 3633 659 3697 edenticuia
681 3633 778 3699 odeum
801 3633 916 3700 infudit.
964 3633 1088 3701 Cuiuse
1107 3637 1208 3700 liberis

19 3751 146 3828 postea
164 3736 246 3802 Levi
262 3735 419 3801 sacerdotii
439 3735 610 3820 dignitatem
629 3735 772 3817 obtinuit,
797 3757 814 3800 a
830 3758 888 3822 quo
903 3739 1041 3825 deinceps
1059 3737 1208 3826 propagati

17 3854 104 3908 sunt
119 3842 176 3926 qui
192 3841 317 3904 eundem
332 3839 464 3903 ordinem
476 3837 656 3924 gradumque
670 3849 845 3921 tennerunt3
863 3842 964 3927 quales
979 3843 1061 3906 inere
1070 3838 1207 3927 Moyses,

15 3954 192 4033 propneta
215 3943 300 4006 simui
325 3953 356 4006 et
376 3962 526 4006 sacrorum
547 3941 688 4022 antistes,
720 3953 779 4006 turn
795 3944 917 4026 Aaron,
949 3955 979 4008 et
996 3942 1126 4008 daronis
1146 3941 1209 4022 dlii,

13 4049 190 4127 Eleazar,
215 4043 356 4124 Phinees,
382 4055 411 4110 et
430 4039 560 4109 ithamar
577 4045 661 4108 buius
678 4065 781 4132 nepos.
829 4045 906 4132 Quid
923 4057 1021 4111 autem
1039 4067 1091 4110 cos
1108 4065 1211 4112 omnes

12 4169 282 4219 commemorare
307 4169 431 4214 necesse
454 4159 500 4212 est
520 4147 568 4234 qui
593 4149 622 4210 in
641 4159 743 4212 vetere
762 4159 937 4214 testamento
955 4150 1010 4214 deo
1027 4149 1213 4212 sacrificasse

12 4255 209 4341 leguntur?
253 4250 506 4337 Quemadmodum
535 4250 680 4332 Acbitob,
713 4251 790 4315 inter
819 4263 953 4330 ceteros,
987 4263 1046 4316 tum
1077 4247 1211 4330 Caritas,

12 4356 234 4424 Gersonitae
257 4366 288 4419 et
308 4351 490 4433 Mercritae,
521 4355 569 4440 qni
594 4375 634 4420 ex
655 4351 829 4418 Levitarnm
857 4354 961 4417 ordine
981 4355 1111 4419 inerunt.
1165 4355 1214 4418 Ad

12 4465 105 4526 baec
137 4455 337 4536 domusEii,
369 4456 491 4541 eiusque
507 4479 714 4538 successores,
750 4460 798 4543 qui
817 4479 856 4521 ex
873 4457 964 4542 ipsius
986 4457 1163 4541 cognatione
1180 4457 1210 4521 in
1225 4474 1244 4519 ι.
1257 4471 1343 4529 teser.

12 4567 123 4628 domo
144 4559 329 4625 Abimeiecb
345 4569 375 4622 et
389 4559 532 4625 dbiathar
546 4564 721 4644 extiterunt,
747 4562 788 4627 uti
807 4557 944 4626 Cbelcias
963 4581 997 4624 ac
1010 4558 1097 4641 Buzi,
1123 4581 1216 4645 usque

75 4663 194 4719 corpo·
211 4657 412 4705 momontum
927 4717 929 4722 Ι
972 4667 1014 4733 29
