<?xml version="1.0" encoding="UTF-8"?>
<!DOCTYPE html PUBLIC "-//W3C//DTD XHTML 1.0 Transitional//EN"
    "http://www.w3.org/TR/xhtml1/DTD/xhtml1-transitional.dtd">
<html xmlns="http://www.w3.org/1999/xhtml" xml:lang="en" lang="en">
 <head>
  <title>
</title>
<meta http-equiv="Content-Type" content="text/html;charset=utf-8" />
  <meta name='ocr-system' content='tesseract 3.04.00' />
  <meta name='ocr-capabilities' content='ocr_page ocr_carea ocr_par ocr_line ocrx_word'/>
</head>
<body>
  <div class='ocr_page' id='page_1' title='image "./corporishaerese00oehlgoog/corporishaerese00oehlgoog_0390.png"; bbox 0 0 3060 5026; ppageno 0'>
   <div class='ocr_carea' id='block_1_1' title="bbox 290 285 1197 356">
    <p class='ocr_par' dir='ltr' id='par_1_1' title="bbox 290 285 1197 356">
     <span class='ocr_line' id='line_1_1' title="bbox 290 285 1197 356; baseline -0.001 -3"><span class='ocrx_word' id='word_1_1' title='bbox 290 301 562 355; x_wconf 75' lang='lat' dir='ltr'>erumnarum.</span> <span class='ocrx_word' id='word_1_2' title='bbox 582 303 664 354; x_wconf 83' lang='lat' dir='ltr'>nou.</span> <span class='ocrx_word' id='word_1_3' title='bbox 677 301 708 356; x_wconf 89' lang='lat' dir='ltr'>u.</span> <span class='ocrx_word' id='word_1_4' title='bbox 724 299 824 356; x_wconf 79' lang='lat' dir='ltr'>nana.</span> <span class='ocrx_word' id='word_1_5' title='bbox 836 302 965 355; x_wconf 85' lang='lat' dir='ltr'>nxxvu.</span> <span class='ocrx_word' id='word_1_6' title='bbox 1134 285 1197 352; x_wconf 74' lang='lat' dir='ltr'>tta</span> 
     </span>
    </p>
   </div>
   <div class='ocr_carea' id='block_1_2' title="bbox 51 419 1312 2554">
    <p class='ocr_par' dir='ltr' id='par_1_2' title="bbox 51 419 1312 2554">
     <span class='ocr_line' id='line_1_2' title="bbox 54 419 1199 507; baseline -0.001 -23"><span class='ocrx_word' id='word_1_7' title='bbox 54 421 131 486; x_wconf 85' lang='lat' dir='ltr'>aubis</span> <span class='ocrx_word' id='word_1_8' title='bbox 145 421 343 506; x_wconf 72' lang='lat' dir='ltr'>anteponendi</span> <span class='ocrx_word' id='word_1_9' title='bbox 359 433 444 486; x_wconf 90' lang='lat' dir='ltr'>eruut</span> <span class='ocrx_word' id='word_1_10' title='bbox 459 419 629 488; x_wconf 71' lang='lat' dir='ltr'>Manichaei</span> <span class='ocrx_word' id='word_1_11' title='bbox 643 443 679 487; x_wconf 88' lang='lat' dir='ltr'>ac</span> <span class='ocrx_word' id='word_1_12' title='bbox 690 419 916 501; x_wconf 85' lang='lat' dir='ltr'>Marcionistne,</span> <span class='ocrx_word' id='word_1_13' title='bbox 940 431 1115 507; x_wconf 79' lang='lat' dir='ltr'>ceteraeque</span> <span class='ocrx_word' id='word_1_14' title='bbox 1129 419 1199 484; x_wconf 91' lang='lat' dir='ltr'>bae·</span> 
     </span>
     <span class='ocr_line' id='line_1_3' title="bbox 53 523 1201 608; baseline 0.001 -22"><span class='ocrx_word' id='word_1_15' title='bbox 53 543 145 604; x_wconf 85' lang='lat' dir='ltr'>reses,</span> <span class='ocrx_word' id='word_1_16' title='bbox 180 543 272 608; x_wconf 88' lang='lat' dir='ltr'>quae,</span> <span class='ocrx_word' id='word_1_17' title='bbox 305 544 343 588; x_wconf 91' lang='lat' dir='ltr'>ue</span> <span class='ocrx_word' id='word_1_18' title='bbox 366 525 493 589; x_wconf 85' lang='lat' dir='ltr'>divinam</span> <span class='ocrx_word' id='word_1_19' title='bbox 519 525 702 592; x_wconf 85' lang='lat' dir='ltr'>maiestatem</span> <span class='ocrx_word' id='word_1_20' title='bbox 726 523 899 590; x_wconf 89' lang='lat' dir='ltr'>imminuere</span> <span class='ocrx_word' id='word_1_21' title='bbox 929 525 1101 603; x_wconf 86' lang='lat' dir='ltr'>rideantur,</span> <span class='ocrx_word' id='word_1_22' title='bbox 1135 543 1201 588; x_wconf 87' lang='lat' dir='ltr'>car·</span> 
     </span>
     <span class='ocr_line' id='line_1_4' title="bbox 54 625 1200 710; baseline 0.002 -21"><span class='ocrx_word' id='word_1_23' title='bbox 54 647 111 689; x_wconf 89' lang='lat' dir='ltr'>nem</span> <span class='ocrx_word' id='word_1_24' title='bbox 132 628 159 690; x_wconf 87' lang='lat' dir='ltr'>ci</span> <span class='ocrx_word' id='word_1_25' title='bbox 176 625 359 710; x_wconf 77' lang='lat' dir='ltr'>tribuendam</span> <span class='ocrx_word' id='word_1_26' title='bbox 383 647 450 691; x_wconf 92' lang='lat' dir='ltr'>esse</span> <span class='ocrx_word' id='word_1_27' title='bbox 470 647 528 690; x_wconf 90' lang='lat' dir='ltr'>nou</span> <span class='ocrx_word' id='word_1_28' title='bbox 553 627 735 692; x_wconf 83' lang='lat' dir='ltr'>existimant.</span> <span class='ocrx_word' id='word_1_29' title='bbox 781 625 895 691; x_wconf 88' lang='lat' dir='ltr'>Verum</span> <span class='ocrx_word' id='word_1_30' title='bbox 912 649 970 691; x_wconf 91' lang='lat' dir='ltr'>nou</span> <span class='ocrx_word' id='word_1_31' title='bbox 987 648 1028 692; x_wconf 85' lang='lat' dir='ltr'>ex</span> <span class='ocrx_word' id='word_1_32' title='bbox 1051 625 1200 692; x_wconf 83' lang='lat' dir='ltr'>hominnm</span> 
     </span>
     <span class='ocr_line' id='line_1_5' title="bbox 52 728 1200 814; baseline -0.001 -21"><span class='ocrx_word' id='word_1_33' title='bbox 52 729 195 794; x_wconf 82' lang='lat' dir='ltr'>voluntate</span> <span class='ocrx_word' id='word_1_34' title='bbox 223 729 357 794; x_wconf 86' lang='lat' dir='ltr'>veritatis</span> <span class='ocrx_word' id='word_1_35' title='bbox 378 749 521 814; x_wconf 88' lang='lat' dir='ltr'>suspensa</span> <span class='ocrx_word' id='word_1_36' title='bbox 545 730 591 794; x_wconf 84' lang='lat' dir='ltr'>vis</span> <span class='ocrx_word' id='word_1_37' title='bbox 610 741 673 810; x_wconf 89' lang='lat' dir='ltr'>est,</span> <span class='ocrx_word' id='word_1_38' title='bbox 705 729 757 794; x_wconf 89' lang='lat' dir='ltr'>sed</span> <span class='ocrx_word' id='word_1_39' title='bbox 781 749 822 793; x_wconf 82' lang='lat' dir='ltr'>ex</span> <span class='ocrx_word' id='word_1_40' title='bbox 840 729 970 796; x_wconf 89' lang='lat' dir='ltr'>eiusdem</span> <span class='ocrx_word' id='word_1_41' title='bbox 992 728 1200 814; x_wconf 72' lang='lat' dir='ltr'>gubernatrice</span> 
     </span>
     <span class='ocr_line' id='line_1_6' title="bbox 52 829 1200 917; baseline 0 -23"><span class='ocrx_word' id='word_1_42' title='bbox 52 831 188 917; x_wconf 86' lang='lat' dir='ltr'>sapientia</span> <span class='ocrx_word' id='word_1_43' title='bbox 206 831 484 916; x_wconf 87' lang='lat' dir='ltr'>administrandiqne</span> <span class='ocrx_word' id='word_1_44' title='bbox 506 832 662 912; x_wconf 81' lang='lat' dir='ltr'>facultate,</span> <span class='ocrx_word' id='word_1_45' title='bbox 692 853 766 916; x_wconf 90' lang='lat' dir='ltr'>quae</span> <span class='ocrx_word' id='word_1_46' title='bbox 784 831 864 896; x_wconf 91' lang='lat' dir='ltr'>nullo</span> <span class='ocrx_word' id='word_1_47' title='bbox 884 833 970 896; x_wconf 91' lang='lat' dir='ltr'>modo</span> <span class='ocrx_word' id='word_1_48' title='bbox 992 829 1200 916; x_wconf 87' lang='lat' dir='ltr'>comprehendi</span> 
     </span>
     <span class='ocr_line' id='line_1_7' title="bbox 53 931 1200 1019; baseline 0.001 -23"><span class='ocrx_word' id='word_1_49' title='bbox 53 945 158 1018; x_wconf 87' lang='lat' dir='ltr'>potest,</span> <span class='ocrx_word' id='word_1_50' title='bbox 191 936 382 1000; x_wconf 88' lang='lat' dir='ltr'>aestimanda.</span> <span class='ocrx_word' id='word_1_51' title='bbox 430 931 578 1017; x_wconf 77' lang='lat' dir='ltr'>Quocirca</span> <span class='ocrx_word' id='word_1_52' title='bbox 603 957 668 999; x_wconf 88' lang='lat' dir='ltr'>anm</span> <span class='ocrx_word' id='word_1_53' title='bbox 687 933 830 998; x_wconf 90' lang='lat' dir='ltr'>eiusmodi</span> <span class='ocrx_word' id='word_1_54' title='bbox 850 936 889 998; x_wconf 89' lang='lat' dir='ltr'>sit</span> <span class='ocrx_word' id='word_1_55' title='bbox 907 935 972 999; x_wconf 87' lang='lat' dir='ltr'>ddei</span> <span class='ocrx_word' id='word_1_56' title='bbox 990 946 1110 998; x_wconf 85' lang='lat' dir='ltr'>nostrae</span> <span class='ocrx_word' id='word_1_57' title='bbox 1131 955 1200 1019; x_wconf 92' lang='lat' dir='ltr'>pro·</span> 
     </span>
     <span class='ocr_line' id='line_1_8' title="bbox 52 1033 1312 1127; baseline 0.002 -28"><span class='ocrx_word' id='word_1_58' title='bbox 52 1037 150 1116; x_wconf 87' lang='lat' dir='ltr'>lessio,</span> <span class='ocrx_word' id='word_1_59' title='bbox 187 1057 281 1121; x_wconf 89' lang='lat' dir='ltr'>neque</span> <span class='ocrx_word' id='word_1_60' title='bbox 306 1059 370 1101; x_wconf 93' lang='lat' dir='ltr'>cum</span> <span class='ocrx_word' id='word_1_61' title='bbox 388 1033 565 1101; x_wconf 84' lang='lat' dir='ltr'>Manichaeo</span> <span class='ocrx_word' id='word_1_62' title='bbox 590 1037 751 1102; x_wconf 88' lang='lat' dir='ltr'>sentiamus</span> <span class='ocrx_word' id='word_1_63' title='bbox 779 1040 853 1118; x_wconf 95' lang='lat' dir='ltr'>(nan</span> <span class='ocrx_word' id='word_1_64' title='bbox 875 1037 952 1100; x_wconf 88' lang='lat' dir='ltr'>enim</span> <span class='ocrx_word' id='word_1_65' title='bbox 977 1037 1136 1122; x_wconf 82' lang='lat' dir='ltr'>gratificari</span> <span class='ocrx_word' id='word_1_66' title='bbox 1152 1035 1201 1100; x_wconf 86' lang='lat' dir='ltr'>ille</span> <span class='ocrx_word' id='word_1_67' title='bbox 1307 1117 1312 1127; x_wconf 31' lang='grc'>1</span> 
     </span>
     <span class='ocr_line' id='line_1_9' title="bbox 52 1136 1201 1222; baseline 0.003 -22"><span class='ocrx_word' id='word_1_68' title='bbox 52 1140 188 1222; x_wconf 89' lang='lat' dir='ltr'>putandus</span> <span class='ocrx_word' id='word_1_69' title='bbox 205 1150 269 1218; x_wconf 88' lang='lat' dir='ltr'>est,</span> <span class='ocrx_word' id='word_1_70' title='bbox 300 1161 366 1203; x_wconf 89' lang='lat' dir='ltr'>oum</span> <span class='ocrx_word' id='word_1_71' title='bbox 388 1139 422 1203; x_wconf 89' lang='lat' dir='ltr'>ad</span> <span class='ocrx_word' id='word_1_72' title='bbox 438 1140 579 1203; x_wconf 88' lang='lat' dir='ltr'>maiorem</span> <span class='ocrx_word' id='word_1_73' title='bbox 596 1136 708 1205; x_wconf 75' lang='lat' dir='ltr'>Christi</span> <span class='ocrx_word' id='word_1_74' title='bbox 731 1140 1014 1204; x_wconf 85' lang='lat' dir='ltr'>commendationem</span> <span class='ocrx_word' id='word_1_75' title='bbox 1038 1159 1156 1206; x_wconf 86' lang='lat' dir='ltr'>carnem</span> <span class='ocrx_word' id='word_1_76' title='bbox 1173 1138 1201 1204; x_wconf 83' lang='lat' dir='ltr'>ei</span> 
     </span>
     <span class='ocr_line' id='line_1_10' title="bbox 52 1240 1201 1326; baseline 0.002 -24"><span class='ocrx_word' id='word_1_77' title='bbox 52 1241 189 1321; x_wconf 90' lang='lat' dir='ltr'>detrabit,</span> <span class='ocrx_word' id='word_1_78' title='bbox 222 1241 274 1306; x_wconf 88' lang='lat' dir='ltr'>sed</span> <span class='ocrx_word' id='word_1_79' title='bbox 297 1241 456 1307; x_wconf 84' lang='lat' dir='ltr'>averitate</span> <span class='ocrx_word' id='word_1_80' title='bbox 475 1241 571 1326; x_wconf 88' lang='lat' dir='ltr'>potius</span> <span class='ocrx_word' id='word_1_81' title='bbox 595 1240 751 1320; x_wconf 88' lang='lat' dir='ltr'>abhorret,</span> <span class='ocrx_word' id='word_1_82' title='bbox 784 1241 850 1305; x_wconf 87' lang='lat' dir='ltr'>dum</span> <span class='ocrx_word' id='word_1_83' title='bbox 872 1241 951 1312; x_wconf 84' lang='lat' dir='ltr'>illins</span> <span class='ocrx_word' id='word_1_84' title='bbox 969 1241 1201 1306; x_wconf 82' lang='lat' dir='ltr'>incarnationem</span> 
     </span>
     <span class='ocr_line' id='line_1_11' title="bbox 52 1343 1202 1429; baseline 0.002 -25"><span class='ocrx_word' id='word_1_85' title='bbox 52 1343 143 1426; x_wconf 86' lang='lat' dir='ltr'>specie</span> <span class='ocrx_word' id='word_1_86' title='bbox 161 1344 226 1408; x_wconf 86' lang='lat' dir='ltr'>sola</span> <span class='ocrx_word' id='word_1_87' title='bbox 250 1355 386 1407; x_wconf 89' lang='lat' dir='ltr'>constare</span> <span class='ocrx_word' id='word_1_88' title='bbox 409 1344 527 1426; x_wconf 90' lang='lat' dir='ltr'>docet),</span> <span class='ocrx_word' id='word_1_89' title='bbox 557 1343 763 1429; x_wconf 80' lang='lat' dir='ltr'>cadempleno</span> <span class='ocrx_word' id='word_1_90' title='bbox 787 1345 873 1408; x_wconf 91' lang='lat' dir='ltr'>modo</span> <span class='ocrx_word' id='word_1_91' title='bbox 895 1344 1056 1408; x_wconf 87' lang='lat' dir='ltr'>vanissima</span> <span class='ocrx_word' id='word_1_92' title='bbox 1081 1345 1202 1407; x_wconf 89' lang='lat' dir='ltr'>lralrnm</span> 
     </span>
     <span class='ocr_line' id='line_1_12' title="bbox 53 1442 1203 1532; baseline 0.002 -26"><span class='ocrx_word' id='word_1_93' title='bbox 53 1455 213 1510; x_wconf 89' lang='lat' dir='ltr'>nostrorum</span> <span class='ocrx_word' id='word_1_94' title='bbox 229 1447 286 1512; x_wconf 90' lang='lat' dir='ltr'>erit</span> <span class='ocrx_word' id='word_1_95' title='bbox 299 1446 347 1510; x_wconf 86' lang='lat' dir='ltr'>illa</span> <span class='ocrx_word' id='word_1_96' title='bbox 364 1445 538 1532; x_wconf 84' lang='lat' dir='ltr'>disputatio,</span> <span class='ocrx_word' id='word_1_97' title='bbox 576 1445 837 1530; x_wconf 86' lang='lat' dir='ltr'>inanissimnmque</span> <span class='ocrx_word' id='word_1_98' title='bbox 856 1448 931 1510; x_wconf 89' lang='lat' dir='ltr'>bene</span> <span class='ocrx_word' id='word_1_99' title='bbox 951 1447 987 1508; x_wconf 92' lang='lat' dir='ltr'>de</span> <span class='ocrx_word' id='word_1_100' title='bbox 1004 1442 1125 1512; x_wconf 91' lang='lat' dir='ltr'>Christo</span> <span class='ocrx_word' id='word_1_101' title='bbox 1142 1465 1203 1508; x_wconf 90' lang='lat' dir='ltr'>me·</span> 
     </span>
     <span class='ocr_line' id='line_1_13' title="bbox 52 1543 1204 1633; baseline 0.003 -25"><span class='ocrx_word' id='word_1_102' title='bbox 52 1547 126 1610; x_wconf 88' lang='lat' dir='ltr'>rendi</span> <span class='ocrx_word' id='word_1_103' title='bbox 141 1549 283 1614; x_wconf 88' lang='lat' dir='ltr'>studium.</span> <span class='ocrx_word' id='word_1_104' title='bbox 328 1547 446 1612; x_wconf 77' lang='lat' dir='ltr'>Etenim</span> <span class='ocrx_word' id='word_1_105' title='bbox 465 1559 524 1612; x_wconf 84' lang='lat' dir='ltr'>taur</span> <span class='ocrx_word' id='word_1_106' title='bbox 548 1548 588 1612; x_wconf 92' lang='lat' dir='ltr'>illi</span> <span class='ocrx_word' id='word_1_107' title='bbox 605 1569 690 1632; x_wconf 89' lang='lat' dir='ltr'>qnam</span> <span class='ocrx_word' id='word_1_108' title='bbox 711 1548 837 1633; x_wconf 88' lang='lat' dir='ltr'>nosipsi</span> <span class='ocrx_word' id='word_1_109' title='bbox 859 1549 894 1612; x_wconf 91' lang='lat' dir='ltr'>dc</span> <span class='ocrx_word' id='word_1_110' title='bbox 913 1569 1003 1614; x_wconf 87' lang='lat' dir='ltr'>carne</span> <span class='ocrx_word' id='word_1_111' title='bbox 1021 1543 1135 1615; x_wconf 81' lang='lat' dir='ltr'>Christi</span> <span class='ocrx_word' id='word_1_112' title='bbox 1150 1567 1204 1612; x_wconf 83' lang='lat' dir='ltr'>ve·</span> 
     </span>
     <span class='ocr_line' id='line_1_14' title="bbox 52 1647 1204 1735; baseline 0.003 -25"><span class='ocrx_word' id='word_1_113' title='bbox 52 1647 131 1712; x_wconf 83' lang='lat' dir='ltr'>ritate</span> <span class='ocrx_word' id='word_1_114' title='bbox 147 1661 231 1715; x_wconf 86' lang='lat' dir='ltr'>recte</span> <span class='ocrx_word' id='word_1_115' title='bbox 254 1651 417 1728; x_wconf 73' lang='lat' dir='ltr'>rentimnsq</span> <span class='ocrx_word' id='word_1_116' title='bbox 448 1650 504 1714; x_wconf 88' lang='lat' dir='ltr'>nisi</span> <span class='ocrx_word' id='word_1_117' title='bbox 521 1653 598 1715; x_wconf 81' lang='lat' dir='ltr'>forte</span> <span class='ocrx_word' id='word_1_118' title='bbox 614 1651 701 1714; x_wconf 87' lang='lat' dir='ltr'>aliter</span> <span class='ocrx_word' id='word_1_119' title='bbox 718 1661 849 1714; x_wconf 84' lang='lat' dir='ltr'>statuere</span> <span class='ocrx_word' id='word_1_120' title='bbox 867 1650 1031 1732; x_wconf 73' lang='lat' dir='ltr'>voluerintq</span> <span class='ocrx_word' id='word_1_121' title='bbox 1063 1650 1204 1735; x_wconf 86' lang='lat' dir='ltr'>quemad·</span> 
     </span>
     <span class='ocr_line' id='line_1_15' title="bbox 52 1751 1204 1838; baseline 0.002 -25"><span class='ocrx_word' id='word_1_122' title='bbox 52 1753 160 1815; x_wconf 92' lang='lat' dir='ltr'>nodum</span> <span class='ocrx_word' id='word_1_123' title='bbox 187 1753 318 1817; x_wconf 92' lang='lat' dir='ltr'>nonnulli</span> <span class='ocrx_word' id='word_1_124' title='bbox 341 1773 430 1838; x_wconf 86' lang='lat' dir='ltr'>saepe</span> <span class='ocrx_word' id='word_1_125' title='bbox 455 1773 494 1818; x_wconf 85' lang='lat' dir='ltr'>ex</span> <span class='ocrx_word' id='word_1_126' title='bbox 518 1754 632 1818; x_wconf 89' lang='lat' dir='ltr'>illorum</span> <span class='ocrx_word' id='word_1_127' title='bbox 655 1772 779 1818; x_wconf 92' lang='lat' dir='ltr'>numera</span> <span class='ocrx_word' id='word_1_128' title='bbox 802 1763 1040 1838; x_wconf 87' lang='lat' dir='ltr'>argumentorum</span> <span class='ocrx_word' id='word_1_129' title='bbox 1063 1753 1093 1817; x_wconf 88' lang='lat' dir='ltr'>ri</span> <span class='ocrx_word' id='word_1_130' title='bbox 1108 1751 1204 1818; x_wconf 87' lang='lat' dir='ltr'>coacti</span> 
     </span>
     <span class='ocr_line' id='line_1_16' title="bbox 53 1850 1203 1942; baseline 0.002 -26"><span class='ocrx_word' id='word_1_131' title='bbox 53 1854 231 1940; x_wconf 84' lang='lat' dir='ltr'>convictique</span> <span class='ocrx_word' id='word_1_132' title='bbox 248 1866 317 1920; x_wconf 90' lang='lat' dir='ltr'>sunl</span> <span class='ocrx_word' id='word_1_133' title='bbox 332 1867 364 1919; x_wconf 92' lang='lat' dir='ltr'>nt</span> <span class='ocrx_word' id='word_1_134' title='bbox 380 1875 481 1920; x_wconf 87' lang='lat' dir='ltr'>veram</span> <span class='ocrx_word' id='word_1_135' title='bbox 499 1875 514 1918; x_wconf 87' lang='lat' dir='ltr'>a</span> <span class='ocrx_word' id='word_1_136' title='bbox 532 1850 653 1920; x_wconf 89' lang='lat' dir='ltr'>Christo</span> <span class='ocrx_word' id='word_1_137' title='bbox 671 1875 789 1919; x_wconf 87' lang='lat' dir='ltr'>carnem</span> <span class='ocrx_word' id='word_1_138' title='bbox 814 1867 993 1942; x_wconf 80' lang='lat' dir='ltr'>assumptam</span> <span class='ocrx_word' id='word_1_139' title='bbox 1010 1855 1135 1920; x_wconf 83' lang='lat' dir='ltr'>inficiari</span> <span class='ocrx_word' id='word_1_140' title='bbox 1151 1875 1203 1918; x_wconf 88' lang='lat' dir='ltr'>au-</span> 
     </span>
     <span class='ocr_line' id='line_1_17' title="bbox 52 1955 1203 2043; baseline 0.003 -27"><span class='ocrx_word' id='word_1_141' title='bbox 52 1955 167 2036; x_wconf 85' lang='lat' dir='ltr'>derent,</span> <span class='ocrx_word' id='word_1_142' title='bbox 200 1967 231 2020; x_wconf 92' lang='grc' dir='ltr'>ιιι</span> <span class='ocrx_word' id='word_1_143' title='bbox 248 1969 335 2022; x_wconf 88' lang='lat' dir='ltr'>antea</span> <span class='ocrx_word' id='word_1_144' title='bbox 352 1957 498 2036; x_wconf 82' lang='lat' dir='ltr'>diximus,</span> <span class='ocrx_word' id='word_1_145' title='bbox 528 1978 564 2020; x_wconf 90' lang='lat' dir='ltr'>eo</span> <span class='ocrx_word' id='word_1_146' title='bbox 582 1955 696 2021; x_wconf 89' lang='lat' dir='ltr'>scilicet</span> <span class='ocrx_word' id='word_1_147' title='bbox 718 1959 862 2022; x_wconf 86' lang='lat' dir='ltr'>adductos</span> <span class='ocrx_word' id='word_1_148' title='bbox 876 1959 1017 2043; x_wconf 89' lang='lat' dir='ltr'>quosdam</span> <span class='ocrx_word' id='word_1_149' title='bbox 1038 1965 1069 2020; x_wconf 92' lang='lat' dir='ltr'>ut</span> <span class='ocrx_word' id='word_1_150' title='bbox 1084 1975 1203 2020; x_wconf 88' lang='lat' dir='ltr'>carnem</span> 
     </span>
     <span class='ocr_line' id='line_1_18' title="bbox 52 2056 1203 2146; baseline 0.003 -27"><span class='ocrx_word' id='word_1_151' title='bbox 52 2057 190 2123; x_wconf 86' lang='lat' dir='ltr'>diuinitati</span> <span class='ocrx_word' id='word_1_152' title='bbox 214 2060 494 2125; x_wconf 77' lang='lat' dir='ltr'>consubstantialem</span> <span class='ocrx_word' id='word_1_153' title='bbox 523 2061 665 2124; x_wconf 88' lang='lat' dir='ltr'>lacerent.</span> <span class='ocrx_word' id='word_1_154' title='bbox 712 2056 772 2123; x_wconf 87' lang='lat' dir='ltr'>Sed</span> <span class='ocrx_word' id='word_1_155' title='bbox 799 2059 1093 2146; x_wconf 83' lang='lat' dir='ltr'>praetermittendis</span> <span class='ocrx_word' id='word_1_156' title='bbox 1118 2058 1203 2122; x_wconf 87' lang='lat' dir='ltr'>uobis</span> 
     </span>
     <span class='ocr_line' id='line_1_19' title="bbox 51 2159 1202 2248; baseline 0.001 -27"><span class='ocrx_word' id='word_1_157' title='bbox 51 2159 189 2240; x_wconf 90' lang='lat' dir='ltr'>illisuul,</span> <span class='ocrx_word' id='word_1_158' title='bbox 220 2173 320 2248; x_wconf 86' lang='lat' dir='ltr'>utpote</span> <span class='ocrx_word' id='word_1_159' title='bbox 344 2162 586 2247; x_wconf 87' lang='lat' dir='ltr'>quisententiam</span> <span class='ocrx_word' id='word_1_160' title='bbox 606 2160 801 2240; x_wconf 83' lang='lat' dir='ltr'>mutaverint,</span> <span class='ocrx_word' id='word_1_161' title='bbox 834 2162 1025 2228; x_wconf 86' lang='lat' dir='ltr'>etaceteris</span> <span class='ocrx_word' id='word_1_162' title='bbox 1043 2161 1202 2224; x_wconf 83' lang='lat' dir='ltr'>excudam</span> 
     </span>
     <span class='ocr_line' id='line_1_20' title="bbox 51 2261 1203 2348; baseline 0.001 -24"><span class='ocrx_word' id='word_1_163' title='bbox 51 2285 134 2348; x_wconf 82' lang='lat' dir='ltr'>grege</span> <span class='ocrx_word' id='word_1_164' title='bbox 153 2265 190 2328; x_wconf 86' lang='lat' dir='ltr'>de</span> <span class='ocrx_word' id='word_1_165' title='bbox 212 2261 323 2328; x_wconf 89' lang='lat' dir='ltr'>Christi</span> <span class='ocrx_word' id='word_1_166' title='bbox 347 2285 436 2328; x_wconf 89' lang='lat' dir='ltr'>carue</span> <span class='ocrx_word' id='word_1_167' title='bbox 455 2287 512 2328; x_wconf 91' lang='lat' dir='ltr'>nou</span> <span class='ocrx_word' id='word_1_168' title='bbox 536 2265 610 2328; x_wconf 87' lang='lat' dir='ltr'>male</span> <span class='ocrx_word' id='word_1_169' title='bbox 631 2264 825 2329; x_wconf 84' lang='lat' dir='ltr'>sentientibus</span> <span class='ocrx_word' id='word_1_170' title='bbox 850 2275 907 2328; x_wconf 87' lang='lat' dir='ltr'>tam</span> <span class='ocrx_word' id='word_1_171' title='bbox 926 2264 1083 2329; x_wconf 87' lang='lat' dir='ltr'>absurdum</span> <span class='ocrx_word' id='word_1_172' title='bbox 1103 2262 1140 2325; x_wconf 90' lang='lat' dir='ltr'>ob</span> <span class='ocrx_word' id='word_1_173' title='bbox 1156 2282 1203 2326; x_wconf 91' lang='lat' dir='ltr'>er-</span> 
     </span>
     <span class='ocr_line' id='line_1_21' title="bbox 52 2363 1204 2452; baseline 0 -25"><span class='ocrx_word' id='word_1_174' title='bbox 52 2385 141 2428; x_wconf 87' lang='lat' dir='ltr'>rorem</span> <span class='ocrx_word' id='word_1_175' title='bbox 161 2368 305 2431; x_wconf 83' lang='lat' dir='ltr'>ocrrlatati</span> <span class='ocrx_word' id='word_1_176' title='bbox 321 2368 391 2431; x_wconf 89' lang='lat' dir='ltr'>sint.</span> <span class='ocrx_word' id='word_1_177' title='bbox 438 2363 498 2431; x_wconf 89' lang='lat' dir='ltr'>Sed</span> <span class='ocrx_word' id='word_1_178' title='bbox 523 2366 658 2452; x_wconf 86' lang='lat' dir='ltr'>quicquid</span> <span class='ocrx_word' id='word_1_179' title='bbox 681 2367 720 2430; x_wconf 86' lang='lat' dir='ltr'>sit</span> <span class='ocrx_word' id='word_1_180' title='bbox 737 2367 773 2430; x_wconf 87' lang='lat' dir='ltr'>de</span> <span class='ocrx_word' id='word_1_181' title='bbox 793 2367 876 2442; x_wconf 86' lang='lat' dir='ltr'>aliis,</span> <span class='ocrx_word' id='word_1_182' title='bbox 908 2379 989 2431; x_wconf 89' lang='lat' dir='ltr'>certe</span> <span class='ocrx_word' id='word_1_183' title='bbox 1015 2364 1204 2450; x_wconf 88' lang='lat' dir='ltr'>religiosissi-</span> 
     </span>
     <span class='ocr_line' id='line_1_22' title="bbox 52 2469 643 2554; baseline 0.005 -25"><span class='ocrx_word' id='word_1_184' title='bbox 52 2487 111 2532; x_wconf 89' lang='lat' dir='ltr'>nus</span> <span class='ocrx_word' id='word_1_185' title='bbox 131 2469 204 2533; x_wconf 90' lang='lat' dir='ltr'>illud</span> <span class='ocrx_word' id='word_1_186' title='bbox 227 2491 286 2533; x_wconf 90' lang='lat' dir='ltr'>noa</span> <span class='ocrx_word' id='word_1_187' title='bbox 309 2469 428 2554; x_wconf 82' lang='lat' dir='ltr'>negabit</span> <span class='ocrx_word' id='word_1_188' title='bbox 451 2469 643 2554; x_wconf 75' lang='lat' dir='ltr'>Apollinaris.</span> 
     </span>
    </p>
   </div>
   <div class='ocr_carea' id='block_1_3' title="bbox 131 2567 1316 2657">
    <p class='ocr_par' dir='ltr' id='par_1_3' title="bbox 131 2567 1316 2657">
     <span class='ocr_line' id='line_1_23' title="bbox 131 2567 1316 2657; baseline -0.003 -23"><span class='ocrx_word' id='word_1_189' title='bbox 131 2569 234 2655; x_wconf 82' lang='lat' dir='ltr'>Qurare</span> <span class='ocrx_word' id='word_1_190' title='bbox 251 2593 316 2636; x_wconf 89' lang='lat' dir='ltr'>cum</span> <span class='ocrx_word' id='word_1_191' title='bbox 337 2572 460 2636; x_wconf 85' lang='lat' dir='ltr'>verbam</span> <span class='ocrx_word' id='word_1_192' title='bbox 484 2572 530 2635; x_wconf 92' lang='lat' dir='ltr'>dei</span> <span class='ocrx_word' id='word_1_193' title='bbox 549 2573 674 2636; x_wconf 86' lang='lat' dir='ltr'>coelitus</span> <span class='ocrx_word' id='word_1_194' title='bbox 698 2572 846 2657; x_wconf 88' lang='lat' dir='ltr'>delapsam</span> <span class='ocrx_word' id='word_1_195' title='bbox 872 2591 944 2634; x_wconf 83' lang='lat' dir='ltr'>aare</span> <span class='ocrx_word' id='word_1_196' title='bbox 968 2591 1009 2634; x_wconf 88' lang='lat' dir='ltr'>ex</span> <span class='ocrx_word' id='word_1_197' title='bbox 1023 2567 1122 2634; x_wconf 87' lang='lat' dir='ltr'>Maria</span> <span class='ocrx_word' id='word_1_198' title='bbox 1143 2571 1204 2633; x_wconf 83' lang='lat' dir='ltr'>vir·</span> <span class='ocrx_word' id='word_1_199' title='bbox 1255 2577 1316 2640; x_wconf 71' lang='lat' dir='ltr'>cap.</span> 
     </span>
    </p>
   </div>
   <div class='ocr_carea' id='block_1_4' title="bbox 51 2645 1339 2759">
    <p class='ocr_par' dir='ltr' id='par_1_4' title="bbox 51 2645 1339 2759">
     <span class='ocr_line' id='line_1_24' title="bbox 51 2645 1339 2759; baseline -0.021 -3"><span class='ocrx_word' id='word_1_200' title='bbox 51 2671 128 2755; x_wconf 62' lang='lat' dir='ltr'>gne,</span> <span class='ocrx_word' id='word_1_201' title='bbox 161 2693 279 2738; x_wconf 74' lang='lat' dir='ltr'>nones</span> <span class='ocrx_word' id='word_1_202' title='bbox 298 2674 375 2738; x_wconf 84' lang='lat' dir='ltr'>virili</span> <span class='ocrx_word' id='word_1_203' title='bbox 399 2675 530 2750; x_wconf 86' lang='lat' dir='ltr'>semiue,</span> <span class='ocrx_word' id='word_1_204' title='bbox 562 2675 612 2737; x_wconf 88' lang='lat' dir='ltr'>sed</span> <span class='ocrx_word' id='word_1_205' title='bbox 631 2674 786 2759; x_wconf 89' lang='lat' dir='ltr'>despiritu</span> <span class='ocrx_word' id='word_1_206' title='bbox 809 2685 1046 2738; x_wconf 85' lang='lat' dir='ltr'>sanctooarnem</span> <span class='ocrx_word' id='word_1_207' title='bbox 1065 2693 1204 2756; x_wconf 84' lang='lat' dir='ltr'>suseepe·</span> <span class='ocrx_word' id='word_1_208' title='bbox 1228 2645 1339 2700; x_wconf 65' lang='lat' dir='ltr'>mn·</span> 
     </span>
    </p>
   </div>
   <div class='ocr_carea' id='block_1_5' title="bbox 31 2775 1349 4608">
    <p class='ocr_par' dir='ltr' id='par_1_5' title="bbox 31 2775 1349 4608">
     <span class='ocr_line' id='line_1_25' title="bbox 52 2775 1202 2862; baseline 0.003 -26"><span class='ocrx_word' id='word_1_209' title='bbox 52 2775 102 2852; x_wconf 91' lang='lat' dir='ltr'>rit,</span> <span class='ocrx_word' id='word_1_210' title='bbox 127 2785 158 2839; x_wconf 90' lang='lat' dir='ltr'>et</span> <span class='ocrx_word' id='word_1_211' title='bbox 176 2775 206 2838; x_wconf 89' lang='lat' dir='ltr'>in</span> <span class='ocrx_word' id='word_1_212' title='bbox 226 2776 305 2840; x_wconf 92' lang='lat' dir='ltr'>illius</span> <span class='ocrx_word' id='word_1_213' title='bbox 324 2787 409 2840; x_wconf 89' lang='lat' dir='ltr'>utero</span> <span class='ocrx_word' id='word_1_214' title='bbox 426 2797 458 2839; x_wconf 90' lang='lat' dir='ltr'>re</span> <span class='ocrx_word' id='word_1_215' title='bbox 476 2776 538 2860; x_wconf 88' lang='lat' dir='ltr'>ipsa</span> <span class='ocrx_word' id='word_1_216' title='bbox 555 2787 688 2859; x_wconf 86' lang='lat' dir='ltr'>gestatas</span> <span class='ocrx_word' id='word_1_217' title='bbox 704 2778 760 2855; x_wconf 91' lang='lat' dir='ltr'>sit,</span> <span class='ocrx_word' id='word_1_218' title='bbox 791 2797 826 2840; x_wconf 91' lang='lat' dir='ltr'>ac</span> <span class='ocrx_word' id='word_1_219' title='bbox 846 2777 901 2842; x_wconf 90' lang='lat' dir='ltr'>sibi</span> <span class='ocrx_word' id='word_1_220' title='bbox 919 2795 1026 2862; x_wconf 88' lang='lat' dir='ltr'>corpus</span> <span class='ocrx_word' id='word_1_221' title='bbox 1043 2775 1202 2856; x_wconf 84' lang='lat' dir='ltr'>effinxerit,</span> 
     </span>
     <span class='ocr_line' id='line_1_26' title="bbox 52 2877 1204 2966; baseline -0.003 -22"><span class='ocrx_word' id='word_1_222' title='bbox 52 2891 146 2966; x_wconf 88' lang='lat' dir='ltr'>utpote</span> <span class='ocrx_word' id='word_1_223' title='bbox 165 2883 256 2960; x_wconf 90' lang='lat' dir='ltr'>deus,</span> <span class='ocrx_word' id='word_1_224' title='bbox 288 2899 324 2942; x_wconf 90' lang='lat' dir='ltr'>ac</span> <span class='ocrx_word' id='word_1_225' title='bbox 341 2889 398 2941; x_wconf 87' lang='lat' dir='ltr'>lam</span> <span class='ocrx_word' id='word_1_226' title='bbox 416 2879 500 2963; x_wconf 90' lang='lat' dir='ltr'>primi</span> <span class='ocrx_word' id='word_1_227' title='bbox 518 2879 611 2942; x_wconf 90' lang='lat' dir='ltr'>nostri</span> <span class='ocrx_word' id='word_1_228' title='bbox 628 2879 757 2964; x_wconf 90' lang='lat' dir='ltr'>parentis</span> <span class='ocrx_word' id='word_1_229' title='bbox 775 2899 860 2963; x_wconf 91' lang='lat' dir='ltr'>quam</span> <span class='ocrx_word' id='word_1_230' title='bbox 881 2880 1057 2962; x_wconf 89' lang='lat' dir='ltr'>reliquarum</span> <span class='ocrx_word' id='word_1_231' title='bbox 1074 2877 1204 2942; x_wconf 87' lang='lat' dir='ltr'>omnium</span> 
     </span>
     <span class='ocr_line' id='line_1_27' title="bbox 52 2980 1205 3066; baseline -0.002 -22"><span class='ocrx_word' id='word_1_232' title='bbox 52 3003 144 3048; x_wconf 91' lang='lat' dir='ltr'>rernm</span> <span class='ocrx_word' id='word_1_233' title='bbox 163 2985 250 3047; x_wconf 81' lang='lat' dir='ltr'>fictor</span> <span class='ocrx_word' id='word_1_234' title='bbox 265 3002 299 3044; x_wconf 87' lang='lat' dir='ltr'>ac</span> <span class='ocrx_word' id='word_1_235' title='bbox 316 2980 468 3059; x_wconf 90' lang='lat' dir='ltr'>conditor,</span> <span class='ocrx_word' id='word_1_236' title='bbox 493 3002 552 3044; x_wconf 91' lang='lat' dir='ltr'>nou</span> <span class='ocrx_word' id='word_1_237' title='bbox 570 2981 669 3066; x_wconf 90' lang='lat' dir='ltr'>utique</span> <span class='ocrx_word' id='word_1_238' title='bbox 684 2982 766 3044; x_wconf 87' lang='lat' dir='ltr'>verbi</span> <span class='ocrx_word' id='word_1_239' title='bbox 784 2981 862 3045; x_wconf 88' lang='lat' dir='ltr'>illius</span> <span class='ocrx_word' id='word_1_240' title='bbox 878 2991 924 3044; x_wconf 91' lang='lat' dir='ltr'>est</span> <span class='ocrx_word' id='word_1_241' title='bbox 942 2981 1093 3044; x_wconf 86' lang='lat' dir='ltr'>imminuta</span> <span class='ocrx_word' id='word_1_242' title='bbox 1110 2980 1205 3064; x_wconf 86' lang='lat' dir='ltr'>digui-</span> 
     </span>
     <span class='ocr_line' id='line_1_28' title="bbox 52 3081 1206 3170; baseline 0.001 -25"><span class='ocrx_word' id='word_1_243' title='bbox 52 3093 109 3164; x_wconf 86' lang='lat' dir='ltr'>tas,</span> <span class='ocrx_word' id='word_1_244' title='bbox 143 3087 197 3150; x_wconf 89' lang='lat' dir='ltr'>sed</span> <span class='ocrx_word' id='word_1_245' title='bbox 215 3085 245 3148; x_wconf 91' lang='lat' dir='ltr'>in</span> <span class='ocrx_word' id='word_1_246' title='bbox 265 3083 383 3170; x_wconf 90' lang='lat' dir='ltr'>propria</span> <span class='ocrx_word' id='word_1_247' title='bbox 400 3093 430 3146; x_wconf 91' lang='lat' dir='ltr'>et</span> <span class='ocrx_word' id='word_1_248' title='bbox 446 3083 618 3148; x_wconf 89' lang='lat' dir='ltr'>immutabili</span> <span class='ocrx_word' id='word_1_249' title='bbox 640 3095 745 3148; x_wconf 87' lang='lat' dir='ltr'>natura</span> <span class='ocrx_word' id='word_1_250' title='bbox 769 3084 908 3169; x_wconf 88' lang='lat' dir='ltr'>perstitit.</span> <span class='ocrx_word' id='word_1_251' title='bbox 954 3081 1031 3146; x_wconf 84' lang='lat' dir='ltr'>Nam</span> <span class='ocrx_word' id='word_1_252' title='bbox 1056 3104 1121 3146; x_wconf 84' lang='lat' dir='ltr'>curu</span> <span class='ocrx_word' id='word_1_253' title='bbox 1139 3103 1206 3146; x_wconf 89' lang='lat' dir='ltr'>car·</span> 
     </span>
     <span class='ocr_line' id='line_1_29' title="bbox 52 3184 1205 3272; baseline 0 -23"><span class='ocrx_word' id='word_1_254' title='bbox 52 3207 111 3250; x_wconf 90' lang='lat' dir='ltr'>uam</span> <span class='ocrx_word' id='word_1_255' title='bbox 127 3188 242 3265; x_wconf 90' lang='lat' dir='ltr'>iuduit,</span> <span class='ocrx_word' id='word_1_256' title='bbox 268 3187 375 3250; x_wconf 89' lang='lat' dir='ltr'>nullam</span> <span class='ocrx_word' id='word_1_257' title='bbox 394 3184 626 3250; x_wconf 81' lang='lat' dir='ltr'>uicissitudinem</span> <span class='ocrx_word' id='word_1_258' title='bbox 645 3197 691 3250; x_wconf 88' lang='lat' dir='ltr'>est</span> <span class='ocrx_word' id='word_1_259' title='bbox 710 3206 832 3272; x_wconf 88' lang='lat' dir='ltr'>passus,</span> <span class='ocrx_word' id='word_1_260' title='bbox 856 3197 888 3250; x_wconf 94' lang='lat' dir='ltr'>ut</span> <span class='ocrx_word' id='word_1_261' title='bbox 903 3186 950 3269; x_wconf 90' lang='lat' dir='ltr'>qai</span> <span class='ocrx_word' id='word_1_262' title='bbox 968 3185 1023 3248; x_wconf 86' lang='lat' dir='ltr'>deo</span> <span class='ocrx_word' id='word_1_263' title='bbox 1042 3186 1116 3271; x_wconf 89' lang='lat' dir='ltr'>patri</span> <span class='ocrx_word' id='word_1_264' title='bbox 1134 3205 1205 3249; x_wconf 90' lang='lat' dir='ltr'>coa·</span> 
     </span>
     <span class='ocr_line' id='line_1_30' title="bbox 52 3288 1205 3373; baseline 0 -22"><span class='ocrx_word' id='word_1_265' title='bbox 52 3289 253 3354; x_wconf 86' lang='lat' dir='ltr'>substantialis</span> <span class='ocrx_word' id='word_1_266' title='bbox 274 3288 403 3364; x_wconf 85' lang='lat' dir='ltr'>existat,</span> <span class='ocrx_word' id='word_1_267' title='bbox 436 3308 491 3351; x_wconf 86' lang='lat' dir='ltr'>nec</span> <span class='ocrx_word' id='word_1_268' title='bbox 511 3309 527 3350; x_wconf 88' lang='lat' dir='ltr'>a</span> <span class='ocrx_word' id='word_1_269' title='bbox 546 3289 618 3365; x_wconf 91' lang='lat' dir='ltr'>deo,</span> <span class='ocrx_word' id='word_1_270' title='bbox 651 3288 698 3352; x_wconf 88' lang='lat' dir='ltr'>vel</span> <span class='ocrx_word' id='word_1_271' title='bbox 717 3289 753 3352; x_wconf 90' lang='lat' dir='ltr'>ab</span> <span class='ocrx_word' id='word_1_272' title='bbox 773 3289 851 3352; x_wconf 91' lang='lat' dir='ltr'>illius</span> <span class='ocrx_word' id='word_1_273' title='bbox 868 3289 971 3373; x_wconf 86' lang='lat' dir='ltr'>spiritu</span> <span class='ocrx_word' id='word_1_274' title='bbox 988 3299 1091 3353; x_wconf 87' lang='lat' dir='ltr'>sarrcto</span> <span class='ocrx_word' id='word_1_275' title='bbox 1107 3289 1205 3351; x_wconf 85' lang='lat' dir='ltr'>direr-</span> 
     </span>
     <span class='ocr_line' id='line_1_31' title="bbox 51 3387 1207 3473; baseline 0.001 -21"><span class='ocrx_word' id='word_1_276' title='bbox 51 3411 97 3454; x_wconf 88' lang='lat' dir='ltr'>sas</span> <span class='ocrx_word' id='word_1_277' title='bbox 115 3403 166 3456; x_wconf 88' lang='lat' dir='ltr'>aut</span> <span class='ocrx_word' id='word_1_278' title='bbox 184 3391 309 3456; x_wconf 88' lang='lat' dir='ltr'>alienas.</span> <span class='ocrx_word' id='word_1_279' title='bbox 356 3387 442 3473; x_wconf 82' lang='lat' dir='ltr'>Quod</span> <span class='ocrx_word' id='word_1_280' title='bbox 465 3390 490 3454; x_wconf 89' lang='lat' dir='ltr'>si</span> <span class='ocrx_word' id='word_1_281' title='bbox 514 3390 590 3454; x_wconf 85' lang='lat' dir='ltr'>istud</span> <span class='ocrx_word' id='word_1_282' title='bbox 615 3390 645 3454; x_wconf 92' lang='lat' dir='ltr'>in</span> <span class='ocrx_word' id='word_1_283' title='bbox 667 3391 804 3454; x_wconf 82' lang='lat' dir='ltr'>caalrsso</span> <span class='ocrx_word' id='word_1_284' title='bbox 821 3403 885 3467; x_wconf 86' lang='lat' dir='ltr'>est,</span> <span class='ocrx_word' id='word_1_285' title='bbox 918 3412 1035 3454; x_wconf 83' lang='lat' dir='ltr'>caraem</span> <span class='ocrx_word' id='word_1_286' title='bbox 1062 3391 1139 3456; x_wconf 88' lang='lat' dir='ltr'>illum</span> <span class='ocrx_word' id='word_1_287' title='bbox 1160 3392 1207 3453; x_wconf 88' lang='lat' dir='ltr'>iu·</span> 
     </span>
     <span class='ocr_line' id='line_1_32' title="bbox 52 3493 1202 3579; baseline 0.002 -25"><span class='ocrx_word' id='word_1_288' title='bbox 52 3494 145 3558; x_wconf 86' lang='lat' dir='ltr'>duisse</span> <span class='ocrx_word' id='word_1_289' title='bbox 170 3506 258 3579; x_wconf 87' lang='lat' dir='ltr'>atque</span> <span class='ocrx_word' id='word_1_290' title='bbox 283 3496 465 3557; x_wconf 85' lang='lat' dir='ltr'>incrementa</span> <span class='ocrx_word' id='word_1_291' title='bbox 489 3493 621 3576; x_wconf 83' lang='lat' dir='ltr'>cepisse,</span> <span class='ocrx_word' id='word_1_292' title='bbox 656 3493 769 3557; x_wconf 80' lang='lat' dir='ltr'>ausimne</span> <span class='ocrx_word' id='word_1_293' title='bbox 797 3515 906 3578; x_wconf 81' lang='lat' dir='ltr'>expers</span> <span class='ocrx_word' id='word_1_294' title='bbox 927 3515 993 3558; x_wconf 88' lang='lat' dir='ltr'>esse</span> <span class='ocrx_word' id='word_1_295' title='bbox 1015 3516 1072 3557; x_wconf 89' lang='lat' dir='ltr'>nou</span> <span class='ocrx_word' id='word_1_296' title='bbox 1092 3503 1202 3578; x_wconf 87' lang='lat' dir='ltr'>potest.</span> 
     </span>
     <span class='ocr_line' id='line_1_33' title="bbox 53 3591 1206 3680; baseline -0.003 -21"><span class='ocrx_word' id='word_1_297' title='bbox 53 3591 195 3680; x_wconf 80' lang='lat' dir='ltr'>Quicquid</span> <span class='ocrx_word' id='word_1_298' title='bbox 213 3597 290 3660; x_wconf 89' lang='lat' dir='ltr'>euim</span> <span class='ocrx_word' id='word_1_299' title='bbox 307 3596 466 3673; x_wconf 86' lang='lat' dir='ltr'>adolescit,</span> <span class='ocrx_word' id='word_1_300' title='bbox 499 3595 524 3658; x_wconf 88' lang='lat' dir='ltr'>si</span> <span class='ocrx_word' id='word_1_301' title='bbox 540 3594 706 3658; x_wconf 70' lang='lat' dir='ltr'>incurabiles</span> <span class='ocrx_word' id='word_1_302' title='bbox 726 3615 774 3658; x_wconf 87' lang='lat' dir='ltr'>ras</span> <span class='ocrx_word' id='word_1_303' title='bbox 792 3595 943 3680; x_wconf 86' lang='lat' dir='ltr'>excipias,</span> <span class='ocrx_word' id='word_1_304' title='bbox 978 3598 1073 3659; x_wconf 82' lang='lat' dir='ltr'>aalma</span> <span class='ocrx_word' id='word_1_305' title='bbox 1090 3604 1206 3660; x_wconf 89' lang='lat' dir='ltr'>constat</span> 
     </span>
     <span class='ocr_line' id='line_1_34' title="bbox 54 3695 1349 3783; baseline 0.003 -25"><span class='ocrx_word' id='word_1_306' title='bbox 54 3710 78 3759; x_wconf 86' lang='lat' dir='ltr'>et</span> <span class='ocrx_word' id='word_1_307' title='bbox 94 3719 230 3782; x_wconf 86' lang='lat' dir='ltr'>corpore.</span> <span class='ocrx_word' id='word_1_308' title='bbox 277 3695 322 3760; x_wconf 82' lang='lat' dir='ltr'>Eo</span> <span class='ocrx_word' id='word_1_309' title='bbox 347 3719 433 3783; x_wconf 89' lang='lat' dir='ltr'>porra</span> <span class='ocrx_word' id='word_1_310' title='bbox 457 3698 619 3782; x_wconf 86' lang='lat' dir='ltr'>scripturae</span> <span class='ocrx_word' id='word_1_311' title='bbox 642 3698 733 3760; x_wconf 84' lang='lat' dir='ltr'>uerba</span> <span class='ocrx_word' id='word_1_312' title='bbox 760 3698 807 3760; x_wconf 86' lang='lat' dir='ltr'>illa</span> <span class='ocrx_word' id='word_1_313' title='bbox 830 3700 984 3763; x_wconf 89' lang='lat' dir='ltr'>relereada</span> <span class='ocrx_word' id='word_1_314' title='bbox 1008 3709 1092 3763; x_wconf 81' lang='lat' dir='ltr'>susat:</span> <span class='ocrx_word' id='word_1_315' title='bbox 1124 3703 1349 3774; x_wconf 60' lang='lat' dir='ltr'>descensuum</span> 
     </span>
     <span class='ocr_line' id='line_1_35' title="bbox 52 3799 1205 3887; baseline 0.003 -27"><span class='ocrx_word' id='word_1_316' title='bbox 52 3814 137 3863; x_wconf 80' lang='lat' dir='ltr'>nalem</span> <span class='ocrx_word' id='word_1_317' title='bbox 157 3803 301 3863; x_wconf 80' lang='lat' dir='ltr'>erescebat</span> <span class='ocrx_word' id='word_1_318' title='bbox 316 3805 455 3882; x_wconf 84' lang='lat' dir='ltr'>scpr‘entr&#39;c</span> <span class='ocrx_word' id='word_1_319' title='bbox 471 3813 502 3861; x_wconf 82' lang='lat' dir='ltr'>el</span> <span class='ocrx_word' id='word_1_320' title='bbox 516 3813 617 3862; x_wconf 80' lang='lat' dir='ltr'>aelate.</span> <span class='ocrx_word' id='word_1_321' title='bbox 667 3799 723 3866; x_wconf 87' lang='lat' dir='ltr'>Ubi</span> <span class='ocrx_word' id='word_1_322' title='bbox 748 3812 867 3887; x_wconf 88' lang='lat' dir='ltr'>propter</span> <span class='ocrx_word' id='word_1_323' title='bbox 885 3823 1003 3865; x_wconf 83' lang='lat' dir='ltr'>caratam</span> <span class='ocrx_word' id='word_1_324' title='bbox 1025 3813 1149 3864; x_wconf 87' lang='lat' dir='ltr'>aelalem</span> <span class='ocrx_word' id='word_1_325' title='bbox 1166 3801 1205 3864; x_wconf 85' lang='lat' dir='ltr'>ai·</span> 
     </span>
     <span class='ocr_line' id='line_1_36' title="bbox 52 3903 1203 3987; baseline 0.003 -25"><span class='ocrx_word' id='word_1_326' title='bbox 52 3903 215 3984; x_wconf 74' lang='lat' dir='ltr'>gallicaritq</span> <span class='ocrx_word' id='word_1_327' title='bbox 247 3913 329 3966; x_wconf 89' lang='lat' dir='ltr'>aetas</span> <span class='ocrx_word' id='word_1_328' title='bbox 354 3923 426 3965; x_wconf 85' lang='lat' dir='ltr'>raro</span> <span class='ocrx_word' id='word_1_329' title='bbox 448 3921 487 3966; x_wconf 78' lang='lat' dir='ltr'>ex</span> <span class='ocrx_word' id='word_1_330' title='bbox 510 3903 625 3980; x_wconf 72' lang='lat' dir='ltr'>alcima,</span> <span class='ocrx_word' id='word_1_331' title='bbox 661 3903 700 3966; x_wconf 87' lang='lat' dir='ltr'>uti</span> <span class='ocrx_word' id='word_1_332' title='bbox 727 3904 806 3981; x_wconf 88' lang='lat' dir='ltr'>dixi,</span> <span class='ocrx_word' id='word_1_333' title='bbox 842 3915 872 3967; x_wconf 92' lang='lat' dir='ltr'>et</span> <span class='ocrx_word' id='word_1_334' title='bbox 895 3923 1019 3985; x_wconf 90' lang='lat' dir='ltr'>corpore</span> <span class='ocrx_word' id='word_1_335' title='bbox 1045 3903 1203 3987; x_wconf 73' lang='lat' dir='ltr'>perlinitur.</span> 
     </span>
     <span class='ocr_line' id='line_1_37' title="bbox 53 4005 1207 4090; baseline 0.001 -24"><span class='ocrx_word' id='word_1_336' title='bbox 53 4005 94 4066; x_wconf 79' lang='lat' dir='ltr'>hc</span> <span class='ocrx_word' id='word_1_337' title='bbox 119 4015 308 4090; x_wconf 85' lang='lat' dir='ltr'>posteaquam</span> <span class='ocrx_word' id='word_1_338' title='bbox 326 4017 419 4067; x_wconf 79' lang='lat' dir='ltr'>uetula</span> <span class='ocrx_word' id='word_1_339' title='bbox 438 4009 517 4068; x_wconf 85' lang='lat' dir='ltr'>illum</span> <span class='ocrx_word' id='word_1_340' title='bbox 536 4011 709 4086; x_wconf 67' lang='lat' dir='ltr'>processisse</span> <span class='ocrx_word' id='word_1_341' title='bbox 731 4007 821 4084; x_wconf 82' lang='lat' dir='ltr'>dixit,</span> <span class='ocrx_word' id='word_1_342' title='bbox 852 4017 1070 4081; x_wconf 75' lang='lat' dir='ltr'>urrrnseutaaee,</span> <span class='ocrx_word' id='word_1_343' title='bbox 1103 4009 1142 4067; x_wconf 80' lang='lat' dir='ltr'>Et</span> <span class='ocrx_word' id='word_1_344' title='bbox 1159 4027 1207 4067; x_wconf 89' lang='lat' dir='ltr'>su·</span> 
     </span>
     <span class='ocr_line' id='line_1_38' title="bbox 48 4105 1206 4193; baseline 0.003 -25"><span class='ocrx_word' id='word_1_345' title='bbox 48 4112 172 4186; x_wconf 67' lang='lat' dir='ltr'>putatio,</span> <span class='ocrx_word' id='word_1_346' title='bbox 206 4107 343 4169; x_wconf 83' lang='lat' dir='ltr'>subdidit.</span> <span class='ocrx_word' id='word_1_347' title='bbox 392 4105 449 4169; x_wconf 86' lang='lat' dir='ltr'>lara</span> <span class='ocrx_word' id='word_1_348' title='bbox 468 4129 540 4170; x_wconf 90' lang='lat' dir='ltr'>vero</span> <span class='ocrx_word' id='word_1_349' title='bbox 564 4109 612 4192; x_wconf 90' lang='lat' dir='ltr'>qui</span> <span class='ocrx_word' id='word_1_350' title='bbox 634 4109 775 4193; x_wconf 81' lang='lat' dir='ltr'>sapiralia</span> <span class='ocrx_word' id='word_1_351' title='bbox 794 4108 884 4191; x_wconf 85' lang='lat' dir='ltr'>patris</span> <span class='ocrx_word' id='word_1_352' title='bbox 901 4116 998 4184; x_wconf 87' lang='lat' dir='ltr'>esset,</span> <span class='ocrx_word' id='word_1_353' title='bbox 1032 4108 1206 4191; x_wconf 89' lang='lat' dir='ltr'>quiuamul-</span> 
     </span>
     <span class='ocr_line' id='line_1_39' title="bbox 31 4208 1205 4294; baseline 0.003 -25"><span class='ocrx_word' id='word_1_354' title='bbox 31 4208 92 4286; x_wconf 71' lang='lat' dir='ltr'>¹las</span> <span class='ocrx_word' id='word_1_355' title='bbox 108 4208 270 4293; x_wconf 79' lang='lat' dir='ltr'>supientiae</span> <span class='ocrx_word' id='word_1_356' title='bbox 290 4209 638 4294; x_wconf 84' lang='lat' dir='ltr'>progressiones-habere</span> <span class='ocrx_word' id='word_1_357' title='bbox 663 4213 771 4291; x_wconf 86' lang='lat' dir='ltr'>poluit,</span> <span class='ocrx_word' id='word_1_358' title='bbox 805 4210 829 4270; x_wconf 89' lang='lat' dir='ltr'>si</span> <span class='ocrx_word' id='word_1_359' title='bbox 847 4208 883 4270; x_wconf 90' lang='lat' dir='ltr'>ab</span> <span class='ocrx_word' id='word_1_360' title='bbox 901 4209 1026 4272; x_wconf 89' lang='lat' dir='ltr'>humana</span> <span class='ocrx_word' id='word_1_361' title='bbox 1048 4220 1144 4273; x_wconf 84' lang='lat' dir='ltr'>merula</span> <span class='ocrx_word' id='word_1_362' title='bbox 1163 4212 1205 4273; x_wconf 91' lang='lat' dir='ltr'>di·</span> 
     </span>
     <span class='ocr_line' id='line_1_40' title="bbox 52 4311 1205 4398; baseline 0.005 -28"><span class='ocrx_word' id='word_1_363' title='bbox 52 4313 345 4390; x_wconf 81' lang='lat' dir='ltr'>rersumraaillurl,</span> <span class='ocrx_word' id='word_1_364' title='bbox 377 4311 460 4376; x_wconf 87' lang='lat' dir='ltr'>atila</span> <span class='ocrx_word' id='word_1_365' title='bbox 483 4313 595 4391; x_wconf 84' lang='lat' dir='ltr'>dicam,</span> <span class='ocrx_word' id='word_1_366' title='bbox 630 4313 703 4376; x_wconf 82' lang='lat' dir='ltr'>lulli</span> <span class='ocrx_word' id='word_1_367' title='bbox 748 4311 1205 4398; x_wconf 80' lang='lat' dir='ltr'>Aosirrrrutisexprrsentite·</span> 
     </span>
     <span class='ocr_line' id='line_1_41' title="bbox 52 4413 1204 4500; baseline 0.003 -26"><span class='ocrx_word' id='word_1_368' title='bbox 52 4415 103 4492; x_wconf 88' lang='lat' dir='ltr'>rit,</span> <span class='ocrx_word' id='word_1_369' title='bbox 141 4413 191 4499; x_wconf 90' lang='lat' dir='ltr'>qui</span> <span class='ocrx_word' id='word_1_370' title='bbox 213 4416 274 4478; x_wconf 78' lang='lat' dir='ltr'>lieri</span> <span class='ocrx_word' id='word_1_371' title='bbox 294 4417 387 4500; x_wconf 86' lang='lat' dir='ltr'>potuit</span> <span class='ocrx_word' id='word_1_372' title='bbox 408 4425 436 4478; x_wconf 91' lang='grc' dir='ltr'>ιιι</span> <span class='ocrx_word' id='word_1_373' title='bbox 454 4415 596 4499; x_wconf 80' lang='lat' dir='ltr'>sapientia</span> <span class='ocrx_word' id='word_1_374' title='bbox 615 4435 737 4496; x_wconf 87' lang='lat' dir='ltr'>corpore</span> <span class='ocrx_word' id='word_1_375' title='bbox 761 4414 915 4498; x_wconf 86' lang='lat' dir='ltr'>animaque</span> <span class='ocrx_word' id='word_1_376' title='bbox 933 4435 1107 4500; x_wconf 85' lang='lat' dir='ltr'>progressus</span> <span class='ocrx_word' id='word_1_377' title='bbox 1126 4419 1204 4480; x_wconf 79' lang='lat' dir='ltr'>lsrae-</span> 
     </span>
     <span class='ocr_line' id='line_1_42' title="bbox 51 4507 1203 4608; baseline 0.002 -28"><span class='ocrx_word' id='word_1_378' title='bbox 51 4517 114 4580; x_wconf 87' lang='lat' dir='ltr'>retl</span> <span class='ocrx_word' id='word_1_379' title='bbox 161 4513 250 4583; x_wconf 83' lang='lat' dir='ltr'>Vides</span> <span class='ocrx_word' id='word_1_380' title='bbox 268 4539 352 4606; x_wconf 85' lang='lat' dir='ltr'>quam</span> <span class='ocrx_word' id='word_1_381' title='bbox 372 4519 486 4582; x_wconf 88' lang='lat' dir='ltr'>detorta</span> <span class='ocrx_word' id='word_1_382' title='bbox 501 4518 686 4608; x_wconf 80' lang='lat' dir='ltr'>violentaque</span> <span class='ocrx_word' id='word_1_383' title='bbox 701 4516 740 4584; x_wconf 88' lang='lat' dir='ltr'>sit</span> <span class='ocrx_word' id='word_1_384' title='bbox 760 4517 874 4584; x_wconf 82' lang='lat' dir='ltr'>illoram</span> <span class='ocrx_word' id='word_1_385' title='bbox 890 4507 1056 4602; x_wconf 80' lang='lat' dir='ltr'>aetuteutia,</span> <span class='ocrx_word' id='word_1_386' title='bbox 1082 4541 1203 4604; x_wconf 87' lang='lat' dir='ltr'>quoram</span> 
     </span>
    </p>
   </div>
   <div class='ocr_carea' id='block_1_6' title="bbox 0 0 1534 5026">
    <p class='ocr_par' dir='ltr' id='par_1_6' title="bbox 0 0 1534 5026">
     <span class='ocr_line' id='line_1_43' title="bbox 0 0 1534 5026; baseline 0 0"><span class='ocrx_word' id='word_1_387' title='bbox 0 0 1534 5026; x_wconf 95' lang='lat' dir='ltr'> </span> 
     </span>
    </p>
   </div>
  </div>
 </body>
</html>
