3068 5008
487 249 809 303 sancsensnsnosrs.
892 247 897 258 ’
1165 237 1229 300 ste

67 375 146 430 runt.
191 363 344 432 Summum
361 369 467 436 bonum
487 370 519 434 in
538 371 686 456 voluptate
704 380 883 455 posueruut,
914 370 999 434 deum
1019 390 1054 433 ac
1071 368 1228 452 providen-

67 468 136 532 tiam
158 469 195 532 ab
217 491 317 536 rerum
340 473 594 538 administratione
617 474 809 538 sustulerunt.

151 569 374 640 Samaritismus
395 587 425 639 et
440 573 619 641 Samaritae.
665 573 761 642 liuius
786 575 822 639 ab
840 573 985 640 ludaismo
1008 573 1091 657 origo
1108 572 1228 636 deduci-

64 685 131 752 tur,
164 696 239 760 quae
264 689 412 743 sectarum
439 679 515 764 apud
547 675 680 743 Graecos
705 678 840 742 diuortiis
864 688 894 740 et
917 697 1016 740 earum
1043 674 1170 739 decretis
1193 696 1228 740 ac
1336 729 1339 736 .

63 777 247 862 dogmatibus
271 780 421 866 antiquior
442 792 499 845 est.
546 778 623 844 Nam
649 801 666 842 e
685 781 752 844 sinu
775 781 839 865 ipse
861 779 999 844 Iudaismi
1018 776 1126 864 prodiit
1147 777 1227 844 circa

60 877 357 947 Nabuchodonosori
384 894 414 947 et
437 883 570 947 ludaicae
601 883 781 968 captivitatis
808 893 951 966 tempora.
1006 879 1099 945 Primi
1126 891 1226 946 sectae

62 983 232 1047 conditores
257 1006 296 1058 ex
326 985 459 1072 Assyriis
487 985 516 1048 in
545 986 681 1049 ludaeam
708 985 899 1071 transportati
925 984 1053 1069 quinque
1081 983 1227 1048 duntaxat

60 1081 180 1170 Moysis
201 1087 293 1151 libros
319 1100 510 1174 acceperunt,
542 1109 616 1173 qnos
635 1107 688 1172 per
703 1085 829 1152 Esdram
855 1087 1041 1151 sacerdotem
1066 1105 1123 1150 rex
1141 1085 1177 1148 ad
1193 1085 1227 1150 il-

60 1186 107 1250 lus
125 1186 276 1275 Babylone
294 1191 482 1254 submiserat.
529 1191 629 1271 ltaque
644 1201 744 1254 cetera
759 1189 868 1253 babent
883 1211 948 1253 cum
966 1188 1078 1253 ludaeis
1095 1209 1227 1252 commu·

60 1289 128 1367 nia,
160 1290 185 1353 si
209 1291 264 1355 lroc
289 1313 378 1356 unum
403 1292 553 1378 excipias,
585 1293 661 1377 quod
690 1304 720 1356 et
743 1303 847 1378 gentes
868 1291 1093 1370 abominentur,
1129 1310 1225 1374 neque

59 1413 233 1477 quemquam
263 1395 436 1478 contingere
463 1395 571 1475 velint,
606 1395 742 1480 quodque
769 1405 950 1459 mortuorum
974 1393 1224 1458 resurrectionem

58 1515 95 1556 ae
121 1506 236 1559 ceteras
261 1509 328 1582 post
352 1495 481 1584 Moysen
509 1497 677 1582 prophetias
701 1498 850 1561 reiiciunt.
898 1494 1150 1562 Samaritanorum
1178 1505 1225 1560 eat

59 1598 151 1660 laelio
173 1598 266 1662 divisa
292 1601 320 1662 iu
344 1610 443 1686 partes
469 1611 605 1683 quatuor.
651 1597 743 1666 Primi
769 1611 840 1666 sunt
863 1597 1026 1675 Gortbeni,
1060 1597 1109 1680 qui
1131 1597 1223 1660 lestos

56 1699 123 1762 dies
138 1699 204 1766 aliis
222 1723 308 1785 quam
327 1699 457 1768 Sebuaei
474 1703 656 1788 temporibus
671 1704 815 1768 indicunt.
862 1703 922 1766 Alii
940 1699 1089 1780 Sebuaei,
1121 1698 1223 1785 quiub

56 1803 184 1866 eandem
202 1804 342 1868 lestorum
360 1805 472 1869 dierum
491 1805 679 1869 occasionem
694 1826 711 1868 a
729 1803 892 1870 Gortbeuis
912 1804 1101 1868 dissentiunt.
1146 1800 1222 1866 Ter·

55 1904 90 1968 tii
108 1915 178 1969 sunt
196 1903 321 1986 Esseni,
347 1909 395 1992 qui
413 1907 509 1971 neutri
525 1907 600 1992 parti
617 1919 799 1993 repugnant,
833 1908 884 1972 sed
904 1929 968 1971 cunr
987 1906 1024 1971 iis
1039 1905 1070 1969 iu
1088 1926 1162 1990 quos
1178 1905 1224 1968 in-

54 2007 185 2071 ciderint
207 2010 271 2074 siue
296 2010 356 2074 ullo
385 2009 555 2074 discrimine
582 2011 658 2074 festa
682 2021 836 2094 peragunt.
882 2006 1031 2074 Postremi
1049 2019 1119 2073 sunt
1134 2005 1223 2072 Dosi-

51 2110 135 2188 tbei,
166 2111 214 2195 qni
241 2111 345 2176 iisdem
369 2111 475 2197 quibus
494 2109 673 2177 Samaritani
687 2111 831 2176 institutis
848 2123 986 2190 utuntur,
1021 2109 1221 2175 circumcisio-

52 2233 144 2291 nem,
182 2213 355 2294 sabbatum,
388 2235 423 2279 ae
454 2215 581 2295 ceteris,
621 2215 780 2300 itidemque
808 2211 1041 2279 Pentateucbum
1068 2212 1218 2276 adhibent.
1332 2259 1336 2268 .

49 2313 222 2401 Praecipue
242 2337 331 2397 vero,
363 2338 397 2381 ac
415 2339 485 2402 prae
505 2317 627 2402 reliquis
649 2317 784 2381 omuibus
806 2316 862 2382 sibi
888 2317 924 2380 ab
948 2315 1084 2379 animatis
1109 2325 1220 2400 tempe·

49 2429 142 2496 rant,
174 2439 210 2480 ae
233 2431 373 2505 perpetuo
394 2420 455 2484 lere
483 2420 625 2484 ieiunant.
672 2417 749 2485 Snnt
776 2419 936 2483 interillos
953 2417 1002 2503 qui
1021 2417 1220 2504 virginitatem

51 2522 175 2600 colunt,
214 2521 262 2584 alit
290 2523 511 2586 continentiam.
567 2521 805 2588 Resurreetnros
830 2543 898 2588 esse
922 2531 1055 2586 mortuos
1081 2521 1217 2602 credunt,

48 2625 133 2708 quod
156 2644 173 2685 a
196 2620 451 2689 Samaritanorum
475 2623 611 2710 dogmate
633 2625 784 2689 abhorret.

142 2727 315 2790 ludaeorum
332 2737 432 2791 sectae
453 2748 577 2792 nurnero
600 2725 672 2792 Vll.
719 2727 875 2812 Acprimo
896 2724 1038 2802 Scribas,
1072 2725 1146 2810 legis
1168 2745 1218 2810 pe·

46 2827 104 2892 riti
124 2837 156 2892 et
172 2828 359 2894 traditionum
385 2851 458 2915 quas
477 2852 494 2894 a
514 2829 674 2895 maioribus
701 2839 879 2916 acceperant
901 2823 1101 2910 (δευτεραίους
1128 2849 1217 2892 voca·

45 2933 141 3011 bant)
160 2932 369 2996 observatores
388 2935 487 3012 luere,
513 2955 548 2998 ac
565 2935 639 2998 ritus
656 2955 758 2999 omnes
777 2931 1012 3019 superstitiosius
1028 2929 1136 2994 ceteris
1154 2930 1218 2993 dili·

44 3033 231 3118 gentiusque
248 3045 424 3115 tenueruut3
456 3057 529 3120 quos
553 3059 611 3100 nou
630 3059 646 3101 e
663 3038 727 3121 lege
746 3037 927 3113 didicerant,
959 3035 1010 3098 sed
1028 3033 1218 3119 sibimetipsis

45 3149 192 3222 tanquam
216 3137 347 3202 iustitiae
370 3138 445 3222 legis
469 3140 634 3223 singulares
657 3142 753 3204 cultus
779 3163 813 3205 ac
834 3137 1010 3203 cerimonias
1032 3135 1215 3200 indixerant.

140 3235 312 3319 Pharisaei,
345 3261 418 3325 quos
444 3251 617 3326 segregatos
641 3243 827 3327 interpretari
854 3240 968 3327 possis,
999 3237 1217 3322 quisauetissi·
1325 3297 1328 3302 .

44 3362 130 3405 marn
148 3343 227 3406 vitae
243 3345 386 3406 rationem
402 3345 527 3428 professi
547 3344 692 3429 probitate
710 3345 817 3408 ceteris
834 3343 1012 3406 antecellere
1027 3340 1214 3404 videbantur.

41 3441 240 3509 Mortuorum
258 3447 334 3530 apud
360 3447 426 3510 illos
447 3445 645 3524 resurrectio,
679 3456 711 3510 nt
726 3458 756 3509 et
771 3446 845 3530 apud
864 3442 1004 3524 Scribas,
1035 3441 1214 3507 detenditur.

44 3545 147 3611 iidem
172 3548 293 3632 angelos
318 3569 353 3612 ae
375 3548 509 3633 spiritum
535 3561 667 3612 sanctum
692 3569 759 3612 esse
783 3569 843 3612 uon
867 3558 986 3633 urgant.
1033 3545 1124 3610 Vitae
1151 3544 1216 3608 exi·

42 3650 142 3713 mium
168 3648 331 3714 institutum
356 3673 425 3736 prae
450 3671 484 3716 se
508 3653 616 3716 lerunt.
663 3647 882 3716 Continentiam
901 3662 1013 3714 certum
1032 3649 1067 3712 ad
1086 3659 1214 3732 tempus,

45 3773 89 3815 ac
118 3749 319 3834 virginitatem
347 3775 462 3838 quoque
489 3755 664 3839 suscipiunt.
717 3751 769 3817 Bis
796 3753 976 3818 bebdomada
1003 3770 1117 3836 quaque
1142 3749 1215 3812 ieiu-

42 3875 143 3932 nare,
167 3875 275 3919 urceos
292 3877 328 3920 ac
344 3857 442 3920 discos
461 3867 488 3919 et
506 3858 609 3941 poeula
627 3856 745 3942 saepius
762 3857 881 3936 eluere,
906 3868 937 3920 ut
957 3868 987 3919 et
1004 3853 1141 3932 Scribas,
1165 3872 1215 3915 so-

42 3957 107 4022 liti.
154 3957 201 4020 Al
220 3957 293 4020 baec
310 3958 438 4022 decimas
457 3971 486 4021 et
505 3958 647 4043 primitias
668 3957 795 4039 offerre,
820 3960 937 4023 assidue
959 3957 1092 4041 precari,
1115 3964 1215 4019 certos

43 4060 148 4122 cultus
176 4080 211 4123 ao
235 4061 439 4146 superstitiosa
471 4061 713 4124 vestimentorum
744 4081 856 4144 genera
885 4061 1031 4124 curiosius
1057 4058 1212 4136 affectare,

81 4211 126 4264 60.
145 4231 162 4281 χ
177 4210 243 4273 ὄνοις
260 4217 311 4266 eod.
329 4215 426 4277 Rbedr'p.
682 4211 723 4267 63.
741 4231 771 4268 τε
784 4217 944 4277 porticorum,
960 4228 1020 4277 qaue
1035 4215 1099 4262 abest
1116 4213 1146 4260 ab
1162 4213 1211 4262 cdl·

81 4280 125 4330 61,
144 4231 175 4335 di
191 4281 361 4351 συνεχέστατα
376 4284 426 4334 cod
446 4283 543 4346 ltbedlg.
579 4285 615 4348 Gt.
649 4285 694 4344 tta,
710 4287 804 4346 reposui
822 4298 852 4332 ea
868 4288 962 4344 utroque
979 4284 1049 4332 codd.
1063 4296 1119 4332 mse.

43 4351 124 4414 Epist.
142 4352 176 4400 ort
193 4359 263 4402 Acce.
683 4349 724 4401 sl.
753 4349 848 4412 ξέστων
872 4352 923 4400 eod.
946 4353 993 4400 lea.
1016 4355 1038 4400 et
1058 4351 1111 4400 edit.
1135 4352 1213 4411 princ.

79 4417 125 4466 ti‘t.
157 4415 202 4468 sel
228 4421 319 4469 uolebat
346 4422 466 4470 Petuntur.
511 4422 558 4470 Sed
587 4435 616 4471 ec
651 4417 727 4482 ξέτων
745 4421 795 4469 cod.
815 4421 910 4481 Rbedtp.

44 4489 122 4546 Epist.
149 4487 182 4534 ud
200 4494 269 4536 Acco.
286 4489 454 4538 restituendum
470 4492 550 4552 potiar
571 4483 616 4554 u’y·
684 4487 725 4538 lib.
756 4483 985 4553 acclamassent
1013 4489 1079 4538 codd.
1107 4500 1162 4536 mse.
1192 4491 1213 4536 ct

43 4551 129 4622 γέλων
148 4553 253 4610 καὶτοῦ
271 4570 310 4608 m.
328 4550 409 4622 clyton.
650 4557 705 4606 edtt.
717 4559 794 4622 patae.
812 4551 1047 4627 catraperseta&
1059 4557 1115 4608 cdtt.
1130 4557 1214 4608 Peleu.
