3072 5002
331 197 391 260 174
757 209 881 264 ειασιτ
897 211 1069 264 mmm

327 333 407 392 λειον
421 331 475 408 τῆς
496 321 681 408 ἀποφάσεοις
706 325 836 410 ίηοόσης.
885 325 972 394 Ου”τοι
995 353 1046 410 μοι
1072 327 1124 394 ιιαλ
1142 329 1211 414 περί
1225 327 1415 412 πνεύματος,
1443 331 1486 396 ταί

327 431 413 508 υἱοῦ,
433 428 482 494 καί
498 425 611 508 πατρός
624 425 680 510 τῆν
696 432 768 511 μίαν
781 437 889 514 γνοῦσιν
904 431 955 496 καί
970 426 1025 512 τῆν
1040 435 1229 516 προγνωσίσν
1245 439 1351 514 σαφεῖς
1366 431 1486 516 ίχοόσης

328 538 383 615 τῆς
402 527 489 617 ἀγίας
509 527 629 616 τριόδος
650 526 705 614 τῆν
725 529 889 616 τελιιότητό
911 557 942 597 τε
964 535 1015 598 παλ
1036 529 1207 616 ταυτότητα.

189 741 310 812 XM.
414 738 476 801 Καί
497 731 641 820 ἀμύθητα
664 737 725 801 δστι
745 737 814 819 περὶ
836 733 953 802 τοῦτον
977 737 1085 823 λέγειν,
1114 739 1165 804 οιαὶ
1183 734 1243 804 ἀπό
1264 743 1354 817 θείας
1371 745 1486 826 γραφῆς

326 837 418 926 όγτιον
437 845 607 926 μαρτυριοῖν
631 839 748 923 φέρειν,
776 839 828 902 παλ
851 841 893 915 είς
907 837 1017 915 πλάτος
1034 837 1244 923 ίπιμηιιόνιιν,
1274 847 1327 907 παλ
1352 841 1485 924 ιιάμοτον

325 944 460 1026 ἐμποιεῖν
483 949 545 1018 τοῖς
570 938 803 1026 ίισυγηοίνουσιν.
846 937 988 1026 Ἀρτετοῦς
1009 939 1065 1027 γάρ
1089 944 1122 1008 ίν
1148 942 1251 1034 Ιπόση
1268 945 1382 1030 αίρίσει
1399 940 1486 1010 τεσίλό

326 1042 458 1119 ελπόντες
483 1041 536 1118 τάς
552 1040 650 1118 πόσας
665 1044 697 1108 ίν
718 1049 796 1108 θεοῦ
813 1041 937 1125 δυνάμει
959 1041 1045 1126 ῆμεῖς
1061 1045 1094 1108 οί
1112 1041 1251 1121 ἀσθενεῖς
1274 1043 1485 1130 ἀνετρίψαμιι,

325 1149 377 1213 ιιαί
401 1142 590 1228 ἀπεδείξαμεν
612 1141 765 1229 ἀλλοτρίας
792 1141 885 1221 οάσας
909 1151 963 1228 τῆς
986 1142 1144 1228 ἀληθείας,
1174 1149 1226 1212 mi
1248 1145 1377 1232 ἕτόστην
1390 1149 1486 1214 αάτῦν

325 1252 561 1334 βλασφημοῦσαν
577 1247 627 1312 καί
642 1243 830 1331 ἀρνουμένην
842 1247 899 1332 τῆν
914 1246 1080 1330 ἀλήθειαν,
1094 1245 1194 1314 τόντε
1209 1252 1241 1316 ἐν
1255 1255 1368 1336 βραχεῖ,
1391 1249 1452 1317 τιάν
1461 1275 1486 1314 τε

326 1353 359 1418 ίν
372 1355 478 1438 πολλῷ.
519 1346 573 1426 Ὡς
590 1350 642 1414 παλ
659 1341 744 1415 οὖτοι
765 1348 861 1433 μάτην
884 1352 927 1427 είς
949 1347 1003 1416 τόν
1020 1349 1127 1436 νόριον
1148 1354 1412 1436 βλασφημοῦντες,
1442 1355 1485 1420 τοί

326 1457 369 1530 είς
381 1451 415 1520 τό
434 1451 521 1537 ἀγιον
536 1458 669 1534 πνεῦμα,
697 1452 748 1517 τισί
771 1451 813 1535 μῆ
830 1454 945 1536 ἔχοντες
958 1451 1031 1536 μήτε
1049 1455 1199 1533 ίνταῦθα,
1214 1454 1300 1538 μῆτε
1315 1457 1347 1521 ίυ
1363 1463 1408 1544 τῷ
1426 1458 1484 1540 μίλ-

325 1565 405 1624 λοντι
430 1556 517 1620 αίοῦνι
540 1551 616 1619 md
639 1552 675 1618 τό
696 1550 758 1620 ῦπδ
780 1559 887 1641 κυρίου
903 1556 1042 1642 είρημίνα
1057 1552 1164 1637 ἀφεσιν
1178 1553 1345 1643 όμαρτιοῑν,
1368 1557 1424 1624 διά
1440 1556 1486 1641 τῆν

325 1664 368 1736 είς
382 1656 415 1725 τό
435 1656 522 1744 ἀγιον
536 1661 652 1738 πνεῦμα
667 1658 871 1742 βλασφημίαν,
899 1655 1155 1740 ιαταπατηθίντες
1171 1655 1221 1724 ἀπ’
1241 1659 1335 1742 αὐτῆς
1346 1667 1404 1742 τῆς
1422 1659 1484 1744 α’λη-

325 1766 413 1836 θείας
432 1764 519 1842 δίκην
539 1755 683 1844 αεράστου
703 1763 804 1826 δεινοῦ
826 1761 1044 1846 μονοιίροιτος,
1074 1765 1128 1825 τοῦ
1149 1768 1204 1828 νοῦ
1220 1769 1274 1844 τῆς
1289 1766 1485 1846 βλασφημίας,

326 1865 494 1947 δυναμίνου
511 1860 580 1928 ὅλον
597 1858 629 1926 τό
646 1867 730 1944 σῶμα
745 1867 899 1948 φθείρειν,
921 1866 1092 1938 πεισθέντες
1105 1869 1147 1952 τῷ
1163 1869 1216 1928 τοῦ
1234 1863 1322 1941 ξῦλου
1336 1864 1419 1950 λόγοι
1439 1865 1484 1930 παλ

324 1975 362 2059 τῆ
390 1971 446 2032 τοῦ
474 1969 653 2050 μονογενοῦς
680 1963 812 2054 ἀληθινῇ
834 1961 974 2055 όμολογίρ
1000 1963 1047 2032 ὅτι
1075 1971 1116 2054 τῷ
1136 1968 1364 2048 βλασφημοῦντι
1391 1964 1483 2044 είςτό

325 2077 443 2152 πνεῦμα
457 2065 524 2134 οὔτε
538 2068 570 2132 ίν
585 2073 626 2154 τῷ
643 2065 729 2132 αίῶνι
744 2065 858 2156 τοότρο,
885 2065 954 2133 οὔτε
969 2069 1003 2134 ίν
1015 2075 1059 2157 τῷ
1072 2070 1204 2151 μέλλοντι
1220 2065 1426 2152 ἀφεθήσεται,
1448 2095 1484 2144 τις

326 2176 412 2258 ίφην.
459 2171 728 2251 Καταπατηθίντες
740 2171 792 2236 ταί
808 2171 1018 2256 συντριβέντες,
1041 2167 1083 2254 μῆ
1099 2169 1247 2253 ἰσχύοντες
1259 2168 1335 2236 κατὰ
1348 2178 1403 2254 τῆς
1417 2169 1484 2254 ἅδη-

201 2291 309 2352 mm.
328 2281 423 2350 θείας.
468 2270 567 2337 Πόλαι
584 2269 641 2357 γάρ
667 2268 745 2361 ᾅδου
774 2269 897 2354 ἀληθοῦς
917 2278 1012 2339 πᾶσαι
1029 2275 1063 2338 αί
1079 2275 1219 2359 αίρίσεις,
1251 2271 1325 2339 ἀλλά
1341 2273 1419 2340 πατά
1436 2282 1483 2357 τῆς

324 2381 432 2464 πέτρας
447 2374 485 2442 οὗ
498 2371 721 2456 ταττσχόσουσι,
743 2373 875 2440 τοότιστι
890 2373 967 2441 ιιατά
980 2382 1034 2458 τῆς
1049 2375 1199 2458 ἀληθείας.
1244 2372 1312 2442 Κάν
1328 2401 1359 2441 τε
1376 2374 1435 2462 γάρ
1454 2380 1482 2454 ίξ

324 2482 425 2548 αὐτόν
440 2501 517 2554 τινες
530 2474 688 2558 θελήσειαν
700 2477 794 2563 λέγειν
809 2477 865 2557 ότι,
892 2475 953 2560 Τῆν
969 2477 1023 2561 μὲν
1039 2482 1136 2544 πίστιν
1151 2475 1205 2561 τῆν
1221 2480 1394 2544 ίιιτεθεῐσαν
1410 2477 1482 2544 τιατά

326 2586 457 2650 Νιταίαν
474 2581 526 2646 παλ
539 2575 626 2644 αότοί
639 2575 853 2664 ὁμολογοῦμεν,
874 2582 971 2658 δεῖξον
987 2582 1021 2646 δέ
1036 2605 1087 2664 μοι
1103 2576 1154 2647 ἀπ’
1175 2578 1268 2664 αότῆς
1284 2579 1331 2646 ὅτι
1346 2578 1382 2647 τό
1401 2579 1483 2667 ἅγιον

322 2693 441 2768 πνεῦμα
457 2685 489 2750 ίν
500 2688 537 2772 τῇ
556 2680 679 2764 θεότηττ
693 2690 935 2764 συναριθμεῖται,
952 2721 993 2734 -
1022 2679 1239 2769 εῦρεθῆσονται
1253 2684 1303 2748 παλ
1319 2679 1373 2748 ἀπ’
1389 2681 1481 2766 αὐτῆς

323 2785 512 2875 ἐλεγχόμενοι.
559 2781 605 2850 Οδ
621 2786 721 2871 γίγονε
738 2783 771 2848 δὲ
785 2781 851 2849 τότε
868 2785 934 2868 περί
950 2791 1004 2851 τοῦ
1022 2782 1189 2867 πνεύματος
1202 2781 1223 2866 ῆ
1237 2783 1364 2867 ζῆτησις.
1400 2785 1481 2870 Πρός

323 2890 380 2978 γάρ
396 2888 430 2956 τό
446 2885 617 2956 όποπίπτον
640 2888 672 2952 ἐν
687 2893 797 2975 τιαιρςδ,
829 2888 880 2952 ιιαλ
902 2894 1013 2977 ιιαιρῷ,
1043 2889 1077 2954 αλ
1100 2886 1222 2954 σῦνοδοι
1244 2885 1298 2972 τῆν
1321 2883 1481 2970 ἀσφάλειον

323 3000 489 3060 ποιοῦνται.
510 2973 591 3057 Ἐπεί
606 2981 662 3056 οῦν
679 2986 697 3055 ό
713 2988 833 3076 ’Ἀρειος
847 2991 889 3066 είς
906 2988 959 3056 τόν
973 2988 1042 3056 οίόν
1052 2989 1105 3074 τῆν
1121 2993 1292 3074 δυσφημίαν
1306 2987 1479 3067 ἀπετείνετο,

322 3095 432 3164 τοῦτον
447 3097 532 3161 ἕνεκα
554 3091 626 3176 μιτά
646 3098 786 3177 περισσῆς
807 3095 946 3178 διαλογῆς
967 3089 1104 3178 ἀκρίβεια
1127 3099 1188 3159 τοῖν
1208 3091 1304 3178 λόγοιν
1322 3095 1480 3179 γεγίνηται

314 3197 395 3285 Ὅρα
409 3197 442 3264 δλ
456 3193 507 3262 ἀπ’
523 3195 616 3279 αὐτῆς
628 3201 681 3277 τῆς
695 3189 853 3279 ὁμολογίας
869 3194 916 3262 δτι
930 3192 999 3261 οῦτε
1015 3197 1048 3260 ίν
1061 3193 1157 3285 τοότρι
1173 3191 1388 3280 εόρεθῆσονταί
1400 3220 1426 3260 τι
1438 3197 1480 3260 λί-

323 3326 424 3390 γοντες
440 3303 472 3366 οό
484 3302 527 3376 είς
543 3296 576 3365 τό
594 3304 711 3380 πνεῦμα
727 3301 985 3381 βλασφημοῦντες,
1009 3300 1041 3364 οί
1056 3297 1311 3382 πνευμαεομάχοι,
1332 3299 1384 3364 ml
1400 3293 1480 3362 ἀλλό-

321 3430 399 3492 τριοι
413 3410 467 3487 τῆς
487 3399 581 3469 αότοῦ
596 3403 710 3484 δωρεᾶς
728 3401 780 3466 οιαὶ
802 3397 978 3486 όγιαστείας.
1023 3398 1135 3476 Εόθδς
1156 3397 1212 3487 γάρ
1236 3397 1393 3485 ῆέπθεσις
1414 3395 1479 3481 όμο-

322 3515 419 3594 λογεῖ,
441 3506 493 3570 καλ
509 3503 566 3571 οότ
581 3501 723 3590 ἀρνεῖται.
771 3501 954 3586 Πιοτεόομεν
969 3500 1025 3589 γάρ
1042 3505 1085 3579 είς
1106 3503 1159 3568 ἕνα
1184 3501 1260 3569 θεόν
1275 3503 1391 3588 πατίρα
1408 3527 1479 3568 παν-

321 3608 496 3696 τοκράτορα.
544 3604 584 3673 Τό
601 3607 634 3671 δὲ
655 3604 837 3688 Πιστεόομεν
854 3602 909 3688 οόγ
925 3601 1027 3681 όπλῦς
1044 3609 1173 3692 είρηται,
1196 3601 1267 3670 ἀλλά
1282 3601 1304 3689 ῆ
1321 3610 1420 3682 πίστις
1438 3605 1478 3678 τίς

321 3713 374 3781 τόν
396 3709 481 3779 θεόν.
526 3711 587 3774 Καί
610 3711 653 3785 είς
674 3711 727 3774 ἕνα
750 3708 855 3794 κόριον
874 3704 989 3791 Ἰησοῦν
1012 3705 1144 3792 Χριστόν
1166 3705 1221 3791 οόχ
1241 3703 1342 3784 ἀπλῦς
1360 3713 1477 3794 εἴρηται,

322 3813 383 3884 ἀλλ’
398 3817 441 3891 είς
455 3807 569 3895 θεόνῆ
585 3816 689 3886 πίστις.
734 3812 797 3876 Καί
812 3814 855 3887 τίς
871 3808 904 3877 τό
922 3811 1008 3896 ἅγιον
1022 3817 1140 3893 πνεῦμα
1150 3811 1203 3874 ιιαλ
1218 3808 1274 3892 οόχ
1289 3806 1391 3887 ἀπλίς
1405 3813 1477 3894 εἴρη-

322 3945 387 3999 ται,
409 3914 467 3984 ἀλλ’
483 3918 526 3992 τίς
544 3918 614 3997 μίαν
629 3917 816 4001 δοξολογίαν,
838 3914 890 3980 παλ
905 3915 947 3989 είς
964 3917 1036 3996 μίαν
1050 3915 1155 3980 λνιασιν
1168 3911 1323 3995 θεότητος,
1344 3914 1394 3978 ταί
1411 3915 1477 3994 μίαν

359 4159 417 4212 (λιι.
430 4159 500 4213 xw.
518 4189 552 4200 -
588 4159 609 4210 ί.
626 4155 699 4229 πόση
716 4160 768 4210 ιοδ
787 4159 884 4222 mdia.
919 4157 982 4212 πᾶσι
998 4157 1051 4209 οοδ.
1069 4157 1115 4208 lm.
1133 4161 1155 4208 ιι
1170 4157 1235 4206 editt
