3042 5016
310 342 450 395 rancun
468 343 533 394 uro.
545 343 590 394 ru.
607 343 690 396 roua.
705 343 724 394 ι.
741 339 842 394 naua.
858 342 977 393 uxxvr.
1155 323 1217 390 315

67 460 176 528 Etenim
194 483 253 528 nou
271 463 360 527 multa
374 474 443 528 suut
456 462 661 541 insanabilia,
694 463 746 526 sed
764 483 821 527 uua
846 463 990 526 duntaxat
1013 461 1042 523 iu
1062 459 1220 546 singulari·

66 576 120 630 tate
138 565 272 645 trinitus,
297 577 326 630 et
343 587 401 630 uua
420 565 451 629 in
473 566 603 629 trinitate
622 564 778 643 diviuitas,
802 585 891 650 aqua
912 561 1023 648 reliqua
1039 563 1136 626 omnia
1152 582 1219 648 pro-

66 669 242 733 uuldistaut.
286 666 394 754 Neque
410 688 484 732 vero
501 679 535 732 ut
552 667 715 753 patiantur,
746 677 916 752 autagaut,
949 663 1072 729 fortuito
1092 664 1218 749 quodam

65 792 129 835 casu
148 782 306 836 consecuta
322 781 407 850 suut,
440 789 534 856 neque
553 781 742 834 sacrosancta
759 770 877 834 trinitas
896 769 962 834 dum
981 767 1042 850 agit
1060 768 1118 852 pati
1138 767 1219 852 quic·

65 871 134 958 piam
156 884 271 959 potest,
305 895 370 937 uum
394 885 453 937 tota
473 871 601 959 patiendi
619 891 746 956 expers,
778 883 809 938 et
827 873 976 936 adoranda
994 871 1048 950 sit,
1084 871 1139 934 boo
1158 881 1217 948 est,

65 986 143 1061 pater
159 987 190 1039 et
207 977 283 1041 lilius
301 987 331 1040 et
350 975 470 1061 spiritus
495 985 627 1040 sauctus.
674 971 790 1062 Quippe
808 974 879 1039 deus
898 995 950 1059 per
969 973 1056 1038 blium
1081 973 1219 1037 universa

64 1078 207 1159 condidit,
231 1077 319 1142 lilium
337 1099 409 1142 vero
424 1099 483 1142 uou
503 1076 590 1154 iecit,
623 1077 720 1162 utqui
738 1097 802 1142 cum
820 1077 955 1141 omnibus
980 1075 1098 1140 minime
1118 1094 1220 1142 uume-

64 1193 152 1246 retur.
200 1178 351 1265 Siquidem
368 1181 397 1244 iu
413 1181 512 1264 operis
532 1181 766 1244 communionem
784 1202 850 1244 oum
869 1191 951 1266 patre
974 1180 1073 1259 veuit,
1105 1190 1136 1243 et
1153 1198 1218 1241 cum

63 1285 163 1348 codem
185 1285 336 1348 adoratur.
382 1281 490 1368 Neque
515 1289 664 1368 potremo
687 1283 820 1368 spiritum
844 1294 977 1348 sanetum
1003 1281 1135 1359 creauit,
1171 1279 1219 1365 qui
1292 1296 1294 1298 ·

63 1407 98 1449 ue
112 1386 178 1472 ipse
193 1386 308 1472 quidem
334 1385 412 1448 iuter
438 1384 535 1448 omnia
564 1396 746 1450 numeratur.
793 1383 888 1450 liuius
908 1385 986 1449 enim
1005 1384 1154 1471 proprium
1173 1391 1220 1447 est

63 1491 266 1554 uniuersorum
295 1488 492 1553 corroborare
519 1487 678 1566 virtutem
713 1489 789 1552 uude
806 1499 836 1552 et
852 1488 1048 1552 communiter
1069 1487 1218 1551 adoratur.

63 1587 154 1656 Porro
173 1613 238 1655 oum
258 1591 356 1655 omnia
373 1590 428 1655 sub
444 1590 532 1656 uarius
556 1591 769 1676 providentiam
792 1590 1134 1674 administrationemque
1152 1588 1221 1653 sub·

62 1694 133 1758 iccta
150 1693 230 1773 siut,
254 1696 389 1759 feruutur
404 1704 551 1778 aguntque
568 1695 702 1777 singula,
726 1703 757 1756 et
774 1713 848 1777 quae
866 1713 882 1756 a
899 1695 954 1755 deo
970 1703 1040 1757 sunt
1051 1692 1147 1758 aliena
1171 1713 1221 1776 pa-

63 1797 183 1861 tiuntur.
229 1795 378 1880 Quocirca
403 1815 460 1860 una
483 1816 551 1860 ase
568 1799 631 1881 ipsa
657 1797 772 1860 trinitas
794 1795 977 1860 invariabilis
999 1805 1063 1872 est,
1096 1795 1219 1880 reliqua,

61 1921 131 1982 quae
158 1899 196 1964 ab
221 1899 284 1984 ipsa
310 1899 528 1984 producuntur,
563 1899 660 1961 omnia
688 1900 857 1976 varianturq
897 1919 971 1983 quae
997 1919 1051 1961 uec
1076 1909 1219 1983 tempore,

62 2022 113 2064 ooo
136 2003 313 2066 aeternitate
338 2023 404 2066 uum
428 2001 478 2065 illa
506 2001 592 2064 simul
618 2000 761 2064 existunt.
809 1998 880 2065 Sola
906 2000 1002 2086 itaque
1027 2001 1219 2084 sempiterna,

60 2105 190 2170 increata
206 2115 236 2169 et
249 2104 379 2188 ingenita
397 2113 455 2168 est.
501 2103 547 2167 Ao
564 2101 641 2168 lilius
657 2103 771 2188 quidem
789 2103 854 2168 siue
872 2103 930 2167 ullo
948 2114 1079 2188 tempore
1098 2101 1221 2166 initiove

61 2208 177 2290 genitus
193 2208 269 2272 idem
284 2207 321 2270 ab
336 2217 458 2270 aeterno
475 2217 536 2283 est,
561 2225 758 2291 necunquam
776 2226 843 2270 esce
858 2206 975 2271 desinit.
1020 2203 1219 2288 Quamobrem

61 2321 143 2374 caute
162 2311 318 2374 admodum
334 2321 434 2390 caput,
470 2329 529 2372 nou
545 2313 656 2372 mitium
669 2313 737 2392 filet·
752 2319 862 2395 patrem
890 2327 957 2373 esse
978 2327 1077 2370 sermo
1102 2305 1375 2394 divinus1,0„,‚11‚2

61 2413 194 2492 edocuit,
229 2412 316 2496 idque
345 2422 464 2497 propter
492 2413 614 2475 earrdem
646 2411 799 2496 utriusque
830 2411 1034 2474 substantiam.
1091 2406 1222 2496 Spiritus

61 2535 130 2578 uero
150 2526 273 2580 sauctus
290 2515 488 2601 sempiternus
506 2525 567 2592 ost,
600 2524 630 2578 ct
646 2535 662 2578 a
679 2525 762 2600 patre
781 2514 906 2594 missus,
939 2535 1003 2578 cum
1028 2535 1086 2600 quo
1105 2533 1223 2598 semper

61 2617 181 2696 existit,
206 2637 261 2680 nee
283 2617 319 2680 ab
342 2615 440 2702 aliquo
463 2627 595 2702 tempore
618 2638 685 2682 esse
709 2619 817 2704 coepit.

147 2717 230 2785 necti
257 2715 355 2805 Caput
380 2715 537 2784 xxxvl.
592 2716 626 2784 Si
649 2721 818 2806 ingenitus,
851 2729 881 2783 et
903 2719 975 2783 deus
1004 2740 1056 2804 pro
1081 2739 1141 2784 unu
1172 2739 1249 2783 eo·,

62 2821 187 2907 demque
202 2832 373 2900 sumantur,
398 2823 546 2907 ingenitus
562 2823 725 2908 ingenitum
742 2823 854 2908 genuit.
902 2819 956 2886 Sin
975 2821 1124 2886 diversum
1141 2822 1224 2906 quid·

61 2923 123 2988 dam
149 2925 274 3008 ingeniti
295 2946 330 2988 ao
350 2925 395 2988 dei
420 2925 564 2990 voeabula
587 2926 755 3003 declarant,
793 2947 978 3011 nequaquam
999 2925 1156 2988 absurdum
1178 2936 1224 2990 est

61 3026 146 3090 deum
166 3048 183 3090 a
202 3029 257 3090 deo
275 3027 405 3110 genitum
424 3048 510 3106 esse,
542 3049 607 3091 cum
632 3039 755 3114 uterque
774 3028 810 3092 ab
829 3029 960 3114 ingenita
983 3027 1147 3092 substantia
1165 3028 1224 3091 ori-

60 3129 157 3211 ginem
184 3129 322 3194 traxerit.
369 3127 456 3212 Quod
475 3131 500 3192 si
518 3141 586 3194 aute
614 3132 698 3193 deum
722 3131 792 3194 nibil
817 3131 937 3194 omuino
964 3130 1034 3208 luit,
1068 3140 1101 3193 ut
1117 3150 1224 3194 revera

59 3230 127 3298 nibil
146 3231 265 3309 extitit,
299 3233 371 3296 deus
389 3242 420 3295 et
438 3231 599 3316 ingenitum
623 3231 700 3296 idem
721 3233 805 3318 plane
823 3234 1009 3318 significant,
1040 3254 1106 3295 oum
1124 3233 1223 3318 genita

58 3335 178 3398 suboles
198 3333 361 3418 iuqeuitum
380 3355 439 3398 nou
456 3334 601 3398 admittat.
647 3331 733 3399 Unde
752 3356 818 3400 oum
839 3337 895 3400 deo
912 3356 947 3399 ac
968 3345 1049 3422 petre
1065 3355 1120 3399 suo
1136 3335 1223 3400 simul

57 3435 199 3523 appellari
221 3457 289 3500 rese
311 3457 370 3499 uon
394 3438 515 3521 patitur.

142 3535 269 3604 Conlut.
288 3541 420 3602 xxxvl.
465 3541 487 3601 l.
514 3535 597 3604 Unde
612 3540 728 3604 tandem
745 3561 799 3604 uos
815 3540 922 3605 Attius
939 3541 1019 3605 iubet
1032 3561 1133 3604 earum
1150 3557 1223 3627 quas

57 3643 194 3728 proponit
218 3641 485 3725 interrogationum
508 3663 544 3704 ao
564 3643 820 3707 ratiocinationum
847 3664 966 3709 sensum
993 3665 1028 3708 ao
1047 3643 1224 3708 seutentiam

57 3743 198 3830 assequi?
240 3742 274 3810 Si
293 3764 333 3808 ex
351 3744 533 3828 argumentis
559 3755 590 3808 et
609 3745 790 3832 syllogismis
815 3759 919 3810 censet
942 3748 1020 3811 istud
1045 3767 1112 3810 esse
1135 3766 1224 3831 quae-

57 3849 201 3924 rendum,
232 3847 368 3932 quioquid
388 3847 543 3932 cogitando
564 3849 727 3932 quaesitum
752 3849 978 3934 indagatumque
996 3849 1100 3925 luerit,
1131 3849 1160 3911 iu
1181 3847 1225 3910 ni-

56 3947 144 4012 bilum
163 3969 220 4013 una
238 3971 303 4013 oum
321 3951 386 4036 ipso
403 3949 557 4033 redigitur.
604 3948 700 4014 Deum
715 3952 793 4016 euim
812 3953 908 4016 nullus
925 3973 1052 4036 uuquam
1068 3971 1224 4035 argumen-

56 4053 144 4116 tando
160 4052 408 4138 comprehendet,
441 4073 535 4136 nequo
553 4051 698 4138 opificium
717 4051 813 4138 opiliui
832 4054 997 4130 suediam,
1032 4057 1376 4144 Qnr'dmer'tuqamqa,

46 4157 173 4237 securi?
202 4166 233 4218 ιιι
255 4156 469 4240 scriptumest.
516 4153 715 4238 Quamobrem
739 4157 787 4240 pla
804 4166 902 4218 moute
919 4165 948 4219 et
967 4157 1115 4222 innocenti
1137 4177 1223 4220 secar*

54 4258 142 4322 ritate
162 4258 198 4321 ad
212 4257 309 4321 sancti
325 4259 463 4343 spiritus,
494 4279 569 4343 quae
587 4277 640 4343 per
660 4259 755 4321 sacris
777 4258 880 4322 literas
896 4261 1042 4342 patefacta
1061 4259 1145 4324 uobis
1162 4271 1220 4338 est,

56 4359 222 4424 doctrinam
246 4359 432 4425 revocandus
457 4371 503 4424 est
527 4361 657 4424 artimus.
702 4359 758 4426 Ubi
782 4382 847 4424 cum
871 4361 964 4424 solida
992 4362 1223 4448 immutabilique

54 4485 154 4544 utreque
172 4483 240 4532 codd.
260 4495 316 4532 mm.
338 4485 360 4532 et
376 4480 430 4530 tdtt
448 4483 523 4544 punc.
658 4483 797 4545 emtoribus.

85 4547 111 4598 3.
128 4545 162 4601 rc*
180 4545 227 4614 πρὸ
246 4549 310 4599 obest
327 4549 350 4598 b.
363 4551 379 4597 ι.
394 4549 485 4598 clibrtr
499 4554 548 4598 tum
563 4551 622 4600 aem·
690 4547 714 4600 4.
733 4551 814 4613 supro
833 4547 901 4611 loru,
919 4545 948 4603 rd
967 4547 1035 4612 bade.

50 4619 96 4678 olis
108 4631 186 4682 quom
199 4619 276 4668 οιιιιιι.
311 4618 425 4682 supplent
441 4618 518 4668 locum
535 4617 565 4668 dc
580 4631 621 4670 m·
690 4619 713 4670 b.
732 4619 813 4684 Supra
829 4616 858 4676 τό
877 4621 1101 4692 macrocosmus
