3068 5008
200 345 475 400 uastauerant.
498 345 581 398 τοι.
594 345 627 398 ιι.
653 345 1015 398 uxros.r1n.cnrrror..
1126 330 1186 396 ιιι

41 466 181 551 sequentis
208 465 373 530 dominicae
396 463 576 548 gallicinium
599 465 664 530 aine
687 464 753 530 oibo
773 448 985 530 transmittunt.
1029 460 1191 547 Pervigilia

41 589 105 633 nero
122 589 177 634 sex
197 569 319 647 obeunt,
343 588 378 632 ao
397 567 516 630 totidem
536 587 681 653 synaxes,
706 587 780 650 qnae
797 577 857 631 tota
874 565 1107 651 Quadrupesima
1124 576 1191 650 post

40 671 131 734 boram
159 693 265 736 nouam
290 673 325 736 ad
350 689 505 755 vesperam
534 690 628 754 usque
656 671 853 734 celebrantur.
899 669 942 732 Αι
964 669 1134 752 quibusdam
1159 668 1190 730 in

39 773 104 838 lonis
118 775 147 838 in
166 795 202 838 ea
219 774 314 838 solnm
332 783 436 852 noete,
461 792 536 856 quae
552 773 682 856 quintam
701 773 803 836 leriam
819 771 970 856 seqnitur,
996 781 1024 833 et
1040 771 1069 833 in
1088 769 1190 834 leriam

38 889 145 942 sextam
162 876 286 955 desiuit,
310 888 398 959 atque
415 875 444 938 in
462 896 497 938 ea
517 893 591 958 quae
608 873 781 938 dominicam
801 873 965 952 antevadit,
1001 871 1189 958 pervigilant.

37 979 107 1042 Aliis
129 981 157 1043 in
181 980 254 1043 loeis
271 979 371 1063 quinta
391 976 463 1041 teria
484 977 575 1040 divini
594 975 727 1061 mysterii
747 976 842 1042 nultus
861 975 934 1040 bora
954 976 1042 1040 tertia
1059 974 1193 1038 eelebre-

37 1092 98 1160 tur,
121 1094 209 1166 atque
226 1081 267 1145 ita
283 1081 385 1144 missio
400 1079 496 1166 populi
515 1079 547 1142 ot
562 1089 593 1142 ut
611 1079 640 1142 in
657 1079 805 1142 aridorum
821 1101 876 1144 nan
896 1078 1064 1164 persistant.
1110 1076 1193 1141 atini

36 1204 102 1247 vero
124 1183 214 1248 divini
241 1182 374 1269 mysterii
393 1183 489 1246 oultns
508 1203 566 1245 non
586 1181 668 1266 prius
684 1181 824 1246 inlinitur
841 1203 927 1266 qnam
947 1179 1111 1248 domininus
1128 1179 1192 1242 dies

37 1285 159 1350 illuxerit
184 1307 250 1350 oum
273 1284 328 1350 sub
350 1285 493 1369 gallorum
519 1294 635 1347 nantum
661 1283 816 1347 dimittitur
838 1285 977 1370 populos,
1008 1285 1038 1348 in
1062 1281 1128 1368 ipso
1143 1299 1192 1344 re-

36 1388 222 1453 surrectionis
247 1389 324 1452 leste
348 1407 384 1452 ae
408 1385 523 1450 solenni
546 1385 799 1470 eeleberrimoqne
817 1383 971 1450 Pasebatis
990 1385 1055 1464 die,
1089 1405 1191 1470 quem-

35 1490 179 1555 admodum
206 1489 416 1576 praescriptum
445 1499 501 1551 est.
559 1485 645 1570 Quod
669 1489 705 1551 ad
730 1489 786 1552 alia
810 1489 956 1575 mysteria
979 1486 1124 1574 pertinet,
1159 1497 1193 1552 nt

34 1591 162 1677 baptismi
180 1602 210 1656 et
225 1612 301 1676 quae
318 1589 460 1656 interiora
477 1601 563 1669 sunt,
588 1611 623 1654 ea
640 1591 743 1654 ritibus
758 1589 818 1656 illis
834 1613 870 1656 ao
886 1589 1064 1656 ceremoniis
1081 1589 1192 1654 obeun-

35 1704 92 1774 tur,
123 1716 200 1780 quae
222 1715 262 1759 ex
293 1691 450 1778 evangelio
479 1704 510 1756 et
539 1693 738 1778 apostolorum
765 1694 942 1758 auctoritate
970 1713 1006 1756 ao
1035 1690 1192 1756 traditione

33 1798 179 1880 protentae
201 1807 282 1861 sunt.

111 1897 175 1964 lam
199 1921 274 1964 vero
297 1898 374 1984 qnod
390 1898 426 1961 ad
445 1909 577 1964 mortuos
593 1910 726 1984 apertat,
759 1896 1064 1962 nominatimillornm
1082 1895 1193 1960 mantio
1241 1897 1302 1969 cap.

32 2001 70 2080 tit,
93 2025 127 2066 ae
141 2023 248 2088 praees
264 2013 294 2066 et
308 2001 455 2065 saeriboia
468 2001 668 2087 mysteriaque
684 2003 920 2086 frequentantur.
965 1997 1132 2064 Matutinus
1147 1998 1193 2063 in·
1223 1969 1312 2022 m·

32 2123 114 2188 snper
127 2105 233 2169 landes
247 2103 279 2167 in
295 2104 419 2168 ecelesia
437 2102 591 2183 oatbolina,
617 2103 835 2188 matutinaeque
854 2122 960 2188 praees
977 2101 1096 2166 assidue
1116 2100 1194 2165 nele-

32 2205 165 2288 brantnr,
199 2207 366 2272 lneernales
386 2205 457 2270 item
477 2207 581 2292 psalmi
599 2218 629 2270 et
654 2205 818 2271 orationes.
863 2203 960 2269 Porro
982 2203 1192 2268 monnoborum

32 2307 72 2370 alii
87 2307 116 2372 in
135 2310 260 2374 urbibus
277 2311 404 2394 degunt,
438 2309 488 2373 alii
506 2309 536 2372 in
559 2309 746 2372 monasteriis
764 2308 912 2388 babitant,
944 2315 975 2370 et
990 2306 1027 2371 ab
1043 2306 1192 2370 bominum

32 2409 193 2494 lreqnentia
217 2411 334 2495 lougius
361 2411 535 2476 abscedunt.
581 2409 742 2476 Nonnullis
771 2432 844 2475 vero
863 2410 1008 2495 prolixior
1024 2429 1107 2472 noma
1131 2407 1194 2497 pla·

32 2511 101 2592 nuit,
133 2513 296 2578 sanctioris
316 2513 454 2577 videlieet
468 2513 594 2577 instituti
611 2533 735 2592 eanssa,
767 2513 796 2576 id
812 2514 890 2598 quod
906 2524 1009 2599 suapte
1027 2511 1192 2591 voluntate,

32 2612 88 2678 sire
118 2616 270 2701 evangelii
300 2627 477 2702 praerepto,
512 2626 562 2680 aut
592 2616 792 2702 apostolorum
823 2617 1035 2702 approbatione
1068 2613 1191 2677 laniunt.

32 2713 101 2780 Nam
116 2720 273 2805 apostolus
283 2715 393 2786 Paulus
410 2720 533 2782 formam
547 2719 690 2783 eiusmodi
706 2729 792 2804 atqua
808 2719 916 2782 nultum
932 2717 1090 2783 abdicavit.
1115 2713 1194 2780 Sunt

32 2831 56 2880 et
70 2821 126 2883 alia
143 2821 174 2884 in
192 2822 297 2885 eadem
321 2821 466 2884 eatbolioa
483 2821 609 2886 eoolesia
627 2821 760 2886 instituta
779 2821 899 2884 vivendi
918 2821 1114 2906 praestantia,
1148 2817 1194 2882 ni-

32 2921 127 2986 mirum
151 2925 232 3009 quod
258 2923 307 2988 alii
331 2923 469 2987 carnibus
493 2945 616 3009 prorsus
639 2922 823 3002 abstineant,
856 2935 914 2986 tam
930 2922 1150 3007 quadrupedum
1164 2929 1195 2985 et

32 3025 121 3088 avium
140 3047 232 3111 qnam
248 3026 390 3111 piscium,
424 3047 478 3090 neo
497 3047 556 3090 non
575 3027 694 3090 oviamo
713 3046 814 3090 cnseo.
860 3023 936 3090 Tum
955 3026 1013 3089 alia
1030 3036 1098 3089 sunt
1117 3025 1195 3089 vitae

32 3147 147 3207 genera,
173 3139 334 3213 propterea
350 3128 425 3212 quod
444 3135 635 3212 unusquisqne
651 3133 803 3192 seeundum
815 3133 964 3210 propmitm
980 3129 1103 3190 laborem
1120 3141 1335 3198 mer-aceram.

32 3233 114 3291 reden
132 3234 271 3312 exaptat.
318 3226 414 3314 lqitnr
432 3242 502 3296 sunt
518 3231 565 3316 qui
586 3232 643 3296 illis
666 3231 801 3296 omnibus
817 3231 985 3296 abstineant
1002 3229 1050 3294 alii
1069 3232 1196 3315 quadru-

32 3333 145 3414 pedibus
168 3332 336 3411 duntaxat,
368 3332 421 3396 sed
444 3333 549 3398 aribus
571 3355 607 3398 ae
625 3335 734 3399 eatenis
752 3345 925 3398 vescuntur.
969 3333 1031 3398 Alii
1049 3333 1136 3397 etiam
1159 3332 1195 3396 ab

32 3435 126 3499 aribus
140 3445 326 3520 temperant,
351 3455 408 3500 ova
423 3446 453 3498 et
467 3437 564 3520 pisoes
578 3436 727 3501 adhibent.
768 3437 828 3500 Alii
847 3437 932 3500 etiam
951 3457 1006 3501 ora
1021 3437 1194 3522 repudiant3

32 3551 91 3601 snut
115 3540 167 3624 qni
191 3538 277 3602 solos
303 3537 400 3623 pisees
423 3538 582 3603 retineant.
629 3536 744 3622 Quibus
768 3538 898 3603 nonnulli
922 3539 1010 3604 etiam
1027 3538 1195 3616 abstinent3

32 3640 71 3722 qui
102 3651 206 3706 tamen
240 3659 359 3704 caseum
386 3640 443 3705 sibi
471 3641 661 3727 perurittunt3
691 3641 741 3706 alii
763 3662 836 3706 vero
859 3661 948 3706 naseu
971 3663 1029 3707 non
1060 3652 1194 3706 utuntur.

32 3739 188 3807 Praeterea
218 3743 373 3827 quidemn
397 3763 473 3828 pane
490 3744 658 3825 abstinent,
688 3743 803 3829 quidam
829 3743 865 3807 ab
890 3746 1028 3810 arborum
1056 3745 1197 3810 lrnetibus

32 3855 55 3908 rt
71 3847 164 3911 euntis
186 3845 346 3924 ominibus,
377 3845 507 3931 plerique
530 3845 608 3922 lpumi
634 3847 775 3911 enbitant.
820 3847 882 3912 Atii
906 3847 992 3912 nudis
1014 3848 1135 3932 pedibus
1160 3867 1196 3910 ao

32 3948 86 4012 sine
104 3948 323 4014 calceamentis
346 3947 498 4013 inoedunt.
543 3949 604 4014 Alii
629 3949 775 4014 oeonltum
799 3951 925 4015 oilioinm
953 3951 1068 4028 lerunt,
1100 3948 1196 4034 quiid

32 4047 239 4134 landabiliter,
259 4051 376 4115 virtutis
392 4051 525 4132 soilieet,
554 4063 604 4117 aut
623 4053 822 4138 poenitentiae
838 4073 943 4118 oonssa
962 4055 1071 4116 lerunt.
1116 4048 1196 4115 Nam

32 4155 148 4220 silicium
165 4155 268 4242 palam
287 4174 322 4217 ao
337 4173 407 4238 prae
429 4173 463 4230 se
482 4155 562 4220 terro
584 4155 681 4220 minus
698 4157 838 4220 denorum
855 4154 989 4235 videtur,
1020 4154 1096 4240 qnod
1112 4153 1198 4218 insti·

32 4261 106 4322 tuere
124 4255 280 4324 nonnulli.
325 4253 432 4341 Neque
450 4257 515 4342 plus
532 4258 648 4322 decoris
669 4259 774 4337 babet,
798 4269 830 4321 ut
848 4257 1007 4338 diximus,
1028 4259 1104 4343 qnod
1123 4279 1199 4321 non-

32 4361 109 4424 nullis
130 4362 238 4426 risum
262 4370 326 4438 est,
356 4381 421 4425 eum
446 4360 572 4424 vineolis
595 4361 672 4425 eollo
695 4359 795 4425 inditis
813 4359 965 4424 inuadere.
1011 4357 1073 4426 Sed
1096 4381 1199 4446 quam·

32 4463 139 4546 plorimi
154 4463 285 4530 balneas
302 4481 448 4546 nunqnam
465 4462 577 4528 vident.
622 4460 766 4528 Nonnulli
782 4463 902 4528 saaonlo
919 4465 960 4526 ita
977 4464 1196 4542 renuntiarunt,

32 4567 205 4634 utleviores
235 4566 376 4652 quasdam
399 4576 481 4630 artes
506 4587 542 4630 ao
567 4566 661 4632 minus
686 4553 857 4651 negotiosas
872 4565 928 4631 sibi
955 4565 1028 4650 ipsis
1045 4567 1200 4652 excogita·

914 4669 993 4736 34*
