3060 5026
292 237 428 290 rancun
446 237 508 289 nra
523 239 568 292 ιιι.
584 237 668 291 nou.
681 239 712 290 ιι.
730 237 830 291 nasa.
842 237 974 290 cxxvu.
1155 223 1217 291 369

62 366 124 422 tans
150 377 185 422 ac
208 357 310 423 dicans
330 380 390 422 non
414 359 574 444 essequod
595 359 754 444 perfectam
771 357 849 422 illum
875 358 1000 422 hominis
1019 368 1152 423 naturam
1169 379 1218 424 as·
1260 345 1262 350 ’

60 459 218 545 sumpsisse
236 461 380 526 dicamus.
426 460 492 526 lloc
507 483 580 526 vero
606 461 788 547 potissimum
807 461 971 546 scripturae
989 460 1158 525 {estimonio
1174 463 1219 524 ni-

60 561 146 640 titur,
178 567 342 645 Suscr'ps‘ens
366 577 523 626 manusuetus
543 569 682 628 domamus.
732 561 841 628 Verum
859 563 930 627 nihil
947 565 1099 628 admodum
1120 564 1165 628 ltis
1184 565 1215 628 in
1247 571 1332 667 Ppgha·

58 664 156 729 verbis
189 666 383 731 admiratione
410 668 529 751 dignum
559 678 622 746 est,
654 687 710 730 nec
731 666 789 730 ulla
811 677 908 751 potest
934 668 965 729 in
994 687 1031 730 eo
1060 665 1218 730 diversitas
1254 626 1265 668 ¹
1293 628 1332 679 ’δ’

58 768 188 847 ostendi,
220 771 296 853 quod
316 790 436 834 carnem
459 769 594 834 dominus
610 781 660 833 ant
678 771 837 855 perlectam
854 768 980 832 hominis
1001 779 1134 832 naturam
1151 789 1218 833 sus·

57 871 173 955 cepisse
198 871 323 938 dicatur.
376 871 453 936 Nam
479 893 496 935 a
522 863 607 936 nobis
631 871 748 956 saepius
772 871 930 935 nonnullae
953 870 1097 934 dictiones
1116 870 1218 936 bomo-

56 994 162 1058 oymos
185 985 382 1059 usurpantur,
414 974 497 1038 velut
520 975 576 1038 ista
595 978 878 1055 sunt,·Suser'ptens
898 985 1058 1036 mansuetos
1075 977 1215 1049 domamus,
1253 969 1340 1076 ξῆἢξξ·

56 1086 96 1154 et,
122 1080 254 1158 Suscepit
266 1099 310 1139 nra
323 1080 358 1139 de
371 1080 511 1158 gregibus
529 1082 632 1152 ooc‘unr,
657 1077 726 1140 item
743 1076 825 1155 illud,
849 1082 1021 1158 Assumptus
1036 1089 1096 1151 est,
1120 1089 1149 1139 et
1162 1081 1217 1140 duo
1252 1077 1301 1118 Μ’·
1315 1076 1335 1118 ¹·

54 1183 113 1240 ubi
127 1182 279 1255 ammons,
312 1183 388 1258 Quid
401 1185 501 1256 statuis,
535 1185 594 1242 urbi
608 1181 753 1242 Gult'luec'?
794 1183 865 1254 Hic,
889 1184 942 1261 qui
957 1192 1117 1262 assumptus
1131 1203 1150 1241 c
1170 1203 1216 1242 uo·

53 1282 114 1356 bis,
148 1293 207 1346 etc.
251 1281 320 1346 Nec
334 1283 364 1346 in
380 1283 429 1347 illo
447 1287 610 1346 assumendi
625 1282 769 1347 vocabulo
784 1283 861 1346 inest
878 1283 935 1346 ulla
953 1283 1100 1363 varietas,
1131 1282 1157 1347 si
1175 1283 1217 1346 di·

53 1405 174 1465 camus,
197 1390 378 1466 Assumpn't,
413 1397 463 1450 aut
482 1391 624 1468 Sumpse't,
658 1396 709 1450 aut
725 1389 893 1467 Expressit,
927 1385 1082 1450 humanam
1101 1385 1130 1448 in
1148 1405 1217 1449 sese

51 1496 199 1550 naturam.
244 1485 352 1573 Neque
370 1489 424 1552 hac
443 1489 558 1553 obiecta
577 1509 651 1552 voce
675 1499 788 1552 terrere
813 1509 868 1552 nos
891 1498 1014 1573 possunt
1039 1487 1087 1572 qui
1111 1489 1217 1552 adver·

51 1609 103 1652 sus
123 1587 281 1675 imperitos
305 1611 340 1654 ac
365 1591 514 1676 simplices
535 1592 703 1676 insurgunt.
751 1587 879 1656 Omnino
903 1611 975 1654 vero
991 1591 1033 1654 ita
1051 1589 1130 1675 loqni
1147 1611 1218 1653 oon-

49 1691 147 1756 venit.
193 1692 240 1756 Ac
258 1713 296 1756 uc
311 1693 375 1777 qnia
390 1694 562 1758 calumniari
578 1716 624 1758 me
643 1704 742 1780 putet,
767 1704 817 1758 aut
836 1694 1000 1758 istiusmodi
1016 1692 1169 1760 vocabulis
1186 1693 1216 1756 in

50 1815 88 1858 eo
103 1804 281 1878 argumento
301 1796 446 1876 cavillari,
471 1796 558 1862 velim
573 1797 642 1860 illud
658 1817 761 1861 omnes
777 1796 954 1882 intelligant,
979 1797 1027 1860 diu
1042 1817 1109 1876 nos,
1134 1806 1217 1860 ante

48 1919 141 1982 qoam
158 1917 192 1960 ea
212 1897 427 1979 scriberemus,
451 1900 630 1984 multumque
650 1899 849 1977 deliberasse,
882 1920 919 1964 ne
936 1901 1001 1984 quis
1020 1900 1147 1964 fortasse
1165 1919 1218 1984 per

47 2001 231 2065 simultatem
250 2001 277 2064 ei
296 2021 351 2066 nos
365 2001 524 2066 insultasse
540 2002 687 2066 crederet.
732 2000 824 2088 Atqui
845 2001 951 2066 nullam
969 2004 1027 2066 iste
1046 2002 1149 2079 nobis,
1185 2012 1217 2064 ut

46 2103 182 2168 hnmano
209 2124 290 2168 more
313 2104 436 2188 loquar,
470 2103 605 2169 iniuriam
630 2104 785 2189 imposuit,
817 2125 871 2168 ccc
894 2105 1017 2189 quaein
1037 2104 1217 2168 boemundo

45 2205 276 2292 possidebamus
293 2206 411 2292 eripuit.
458 2203 519 2271 Sed
537 2228 601 2271 cunr
621 2206 650 2270 in
667 2207 717 2271 illa
735 2207 946 2272 deliberatione
966 2209 1001 2271 de
1021 2206 1066 2270 his
1086 2215 1218 2291 praeter-

42 2309 203 2374 mittendis
219 2309 399 2394 cogitarem,
423 2329 439 2372 a
456 2309 582 2373 veritate
599 2310 661 2394 ipsa
679 2331 742 2374 sum
759 2321 898 2391 coactus,
923 2331 960 2374 ne
977 2330 1150 2395 quemquam
1166 2329 1218 2372 eo-

44 2434 115 2477 rnm
143 2412 336 2498 praeterirem
361 2412 409 2496 qui
431 2422 536 2477 contra
562 2412 648 2476 fidem
671 2413 778 2498 aliquid
800 2413 978 2478 sensissent.
1023 2410 1091 2476 Nec
1118 2411 1217 2474 dubito

43 2517 121 2600 quin
142 2516 208 2600 pius
226 2514 321 2578 lector
344 2514 428 2579 lacile
446 2515 516 2578 illud
533 2527 691 2598 agnoscat,
723 2515 803 2579 uuila
821 2536 860 2580 ex
879 2516 964 2580 lruius
982 2513 1082 2579 mundi
1100 2513 1219 2599 propria

42 2617 255 2682 aemulatione
272 2637 439 2682 sermonem
455 2618 535 2682 illum
554 2629 686 2682 nostrum
706 2639 773 2682 esse
795 2621 969 2704 proiectum.
1014 2615 1094 2681 Nam
1111 2636 1127 2680 e
1147 2637 1219 2680 con·

41 2721 149 2785 trario
175 2719 266 2784 multo
290 2720 354 2805 plus
380 2719 429 2783 ille
455 2719 557 2799 nobis,
589 2721 665 2806 quod
690 2723 726 2785 ad
746 2732 887 2790 externas
905 2720 1073 2806 disciplinas
1096 2730 1127 2784 et
1143 2719 1218 2784 cari-

40 2835 144 2888 tatem
163 2825 285 2901 attinet,
315 2821 449 2886 utilitatis
471 2825 608 2901 afferret,
639 2823 664 2886 si
683 2845 748 2889 cnm
766 2835 868 2888 sancta
886 2824 932 2888 dci
950 2823 1076 2888 ecclesia
1095 2843 1220 2886 concor·

38 2928 130 2990 diter
156 2924 186 2988 in
207 2924 341 2988 omnibus
359 2925 529 2990 consentire
547 2926 656 3004 vellet,
691 2948 746 2991 nec
762 2927 949 3013 peregrinum
969 2925 1075 3010 aliquid
1092 2937 1122 2989 et
1135 2925 1219 2990 inau-

36 3030 146 3093 ditum
172 3026 338 3092 inveheret.
384 3024 458 3092 Sive
484 3027 575 3112 igitur
603 3027 639 3092 ab
665 3029 715 3093 illo
730 3031 887 3109 iactatum,
912 3030 976 3092 sive
993 3027 1033 3092 ab
1051 3029 1115 3094 eius
1132 3028 1219 3094 disci-

34 3133 130 3218 pulis
157 3129 243 3194 aliter
269 3130 491 3214 interpretatum
515 3130 622 3214 dogma
645 3132 699 3196 sub
724 3133 868 3198 eiusmodi
891 3131 991 3218 specie
1008 3153 1043 3196 ac
1061 3143 1219 3218 praetcxtc

33 3237 137 3302 velut
162 3234 198 3298 ab
224 3233 302 3298 aliud
320 3233 475 3318 agentibus
491 3233 654 3312 occinitur,
677 3234 713 3298 de
734 3257 791 3319 quo
811 3235 884 3300 certi
903 3233 973 3298 uiuit
989 3235 1134 3299 affirmare
1151 3253 1220 3319 pos·

33 3362 139 3418 sum,
165 3336 235 3399 illud
255 3335 370 3422 quidem
386 3355 476 3421 saepe
491 3335 589 3400 animo
607 3337 808 3417 versavimus,
833 3359 868 3402 ac
884 3338 1025 3402 maiorem
1045 3338 1075 3400 in
1102 3337 1219 3400 modum

29 3440 273 3526 obstupuimus,
298 3439 379 3504 bisce
393 3438 422 3502 in
438 3437 624 3524 opinionibus
639 3440 859 3525 propugnandis
874 3451 952 3504 tanta
966 3439 1033 3504 illos
1050 3461 1115 3503 cum
1131 3435 1221 3504 animi

31 3541 250 3610 contentione
265 3562 300 3605 ac
313 3540 459 3628 pugnandi
471 3541 589 3606 libidine
604 3542 652 3607 vel
669 3543 705 3606 ad
721 3554 843 3608 mortem
864 3563 954 3629 usque
971 3543 1161 3629 pertinaciter
1175 3541 1221 3604 in·

26 3653 177 3716 sistere.
225 3641 275 3709 Ex
296 3665 353 3729 qno
371 3644 514 3730 suspicari
540 3645 611 3709 illud
632 3645 781 3724 occurrit,-
806 3665 845 3710 ex
865 3647 923 3710 alio
942 3647 1066 3731 quodam
1085 3643 1221 3708 recondi·

28 3755 129 3817 tiore
156 3767 249 3811 sensu
271 3746 438 3832 opinionem
459 3747 536 3811 illam
560 3767 629 3811 esse
650 3749 818 3813 deductam.

138 3847 222 3915 Nam
249 3871 314 3914 cum
339 3870 440 3914 eorum
468 3849 582 3934 aliquos
606 3849 856 3936 interrogaveris,
890 3851 982 3916 variis
1001 3850 1042 3914 illi
1061 3849 1154 3914 modis
1173 3868 1221 3912 rc·
1266 3885 1326 3952 cap.

24 3953 205 4048 spondere
228 3952 343 4032 solent;
375 3971 430 4016 nec
453 3951 560 4031 desunt
584 3952 634 4037 qui
650 3956 810 4039 perlectam
827 3954 953 4020 hominis
973 3964 1107 4017 naturam
1128 3951 1221 4016 domi·
1262 3955 1335 4006 xxi.

23 4083 115 4128 num
155 4054 351 4140 assumpsisse
376 4065 502 4139 negent,
533 4076 568 4119 nc
593 4058 754 4141 perlectum
773 4057 919 4122 hominem
939 4055 1087 4119 extitisse.
1135 4054 1232 4140 Quod.

22 4175 157 4232 antem
177 4158 213 4221 ab
231 4178 267 4222 eo
287 4156 450 4241 complures
471 4157 684 4239 abhorrebant,
716 4159 948 4224 dissimulatione
972 4158 1077 4222 deinde
1095 4159 1137 4224 uti
1154 4179 1222 4224 coe·

19 4271 187 4360 perant,
219 4261 247 4325 id
263 4260 340 4346 quod
365 4281 419 4324 nos
437 4281 477 4325 ex
496 4259 614 4325 illorum
631 4260 817 4326 sermonibus
833 4272 972 4327 accurate
988 4271 1093 4347 postea
1112 4284 1223 4348 cogno-

62 4511 150 4562 cn.
171 4500 245 4552 XXl.
265 4527 295 4540 -·
334 4501 354 4552 1.
373 4493 456 4554 abacis
478 4504 546 4556 codd.
566 4515 622 4553 mss.
640 4508 742 4566 uterque.
778 4496 854 4556 abaci
872 4505 935 4555 subt.

89 4589 206 4640 σοηιιιι
219 4582 356 4629 ΕιιιιοιοοΙ.
369 4581 399 4628 ll.
413 4585 432 4628 3.
976 4595 1016 4656 24
