3042 5016
209 204 213 222 '
265 237 404 292 raanan
420 239 484 292 nra.
499 241 544 294 ιιι.
560 238 642 294 rou.
656 241 688 292 ιι.
705 240 806 294 naon
820 241 952 294 nxxvn.
1128 233 1190 298 ³53

119 355 204 424 llaec
221 357 263 422 illi
282 359 349 423 dum
367 359 403 423 ad
419 379 485 424 enm
506 360 622 424 modum
641 361 848 445 pronuntiant,
879 383 938 424 non
956 361 1191 429 animadvertunt
1211 384 1327 452 capxt.

33 470 217 546 quantopere
238 481 338 525 secum
361 460 418 547 ipsi
441 473 580 548 pugnent.
626 460 713 526 Licet
738 463 815 527 enim
844 483 883 527 ex
906 461 1004 528 Maria
1029 467 1191 550 prolectam

33 583 142 648 corpus
165 583 310 627 essenon
329 564 437 644 dicant,
462 565 514 628 sed
533 563 782 630 consubstantiale
803 565 895 629 verbo
913 566 1068 647 duntaxat,
1087 569 1192 633 nibilo-

31 667 132 730 minus
155 676 269 745 tamen,
301 667 376 752 quod
397 687 435 730 ne
449 666 561 732 sentire
576 667 749 732 viderentur
765 669 863 732 vereri
883 689 916 732 se
936 669 1128 752 simulabant,
1162 674 1191 736 in

33 769 90 832 hec
112 767 226 854 ipsum,
258 790 333 854 quae
357 779 403 833 est
421 769 536 834 illorum
556 769 720 850 stoliditas,
754 771 888 836 oratioue
907 792 961 834 sua
979 773 1070 856 palum
1094 775 1193 838 incur·
1237 780 1243 784 ’

30 882 121 950 runt,
147 881 177 935 et
190 870 412 956 quaternionem
427 871 506 936 illum
523 871 691 936 admittunt.
737 871 854 937 Etenim
874 874 914 938 uti
936 873 1027 953 filius,
1062 876 1110 960 qni
1127 875 1193 940 illo·

30 996 98 1038 rum
123 974 270 1038 sententia
293 973 368 1059 patri
393 973 653 1040 consubstantialis
667 985 731 1054 est,
764 975 883 1040 minime
901 977 951 1042 ille
969 977 1083 1062 qnidam
1110 989 1193 1064 pater

31 1088 98 1155 est,
134 1077 185 1141 aed
205 1077 280 1142 lilius
297 1078 369 1163 patri
396 1077 653 1142 consubstantialis
670 1077 849 1164 appellatur,
884 1078 925 1144 ita
942 1080 1193 1144 consubstantiale

31 1179 129 1244 verbo
155 1201 261 1265 cerpus
286 1201 345 1243 uon
369 1181 463 1264 ipsum
486 1179 609 1244 verbum
633 1190 696 1261 est,
731 1182 782 1246 sed
806 1180 882 1245 aliud
906 1181 1039 1266 quiddam
1063 1205 1080 1245 a
1101 1183 1192 1248 verbo

31 1283 216 1347 distinctum.
271 1279 358 1365 Quod
383 1282 408 1347 si
432 1282 510 1346 aliud
535 1293 599 1361 cst,
633 1283 748 1347 illorum
772 1283 890 1348 trinitas
913 1284 943 1346 in
969 1285 1192 1369 quaternionem

30 1386 199 1470 redigetur.
244 1383 344 1450 Venae
366 1386 471 1472 quippe
493 1397 525 1450 et
548 1385 646 1472 reipsa
672 1387 821 1471 perlectae
846 1397 877 1452 ct
900 1387 1045 1452 indivisae
1070 1387 1194 1452 trinitati

31 1490 115 1554 nulla
141 1487 205 1552 lieri
229 1499 326 1574 potest
349 1489 500 1568 accessio,
533 1497 758 1573 praeterquam
785 1510 938 1575 perperam
961 1489 1011 1553 isti
1037 1491 1194 1556 commenti

31 1601 117 1656 sunt.
164 1587 267 1674 Quare
284 1587 446 1656 Christiani
468 1611 535 1656 esse
559 1591 606 1676 qui
635 1603 759 1676 possunt
779 1593 827 1677 qui
844 1592 968 1656 alterum
988 1592 1024 1656 ab
1044 1613 1080 1656 eo
1096 1594 1144 1678 qui
1161 1613 1195 1658 re

32 1694 202 1758 accadens
225 1704 272 1758 est
289 1695 362 1757 falsa
380 1692 435 1758 sibi
461 1693 655 1778 persuasione
681 1695 850 1777 linxeruntq
881 1716 985 1759 rursm
1001 1697 1077 1758 enirn
1098 1696 1127 1758 in
1152 1695 1195 1760 al·

33 1808 101 1862 tera
116 1795 241 1882 quadarn
255 1797 377 1860 istorum
396 1796 583 1861 cavillatione
601 1807 707 1882 quanta
723 1796 762 1860 sit
776 1817 878 1860 eornm
897 1799 1042 1862 stoliditas
1060 1809 1193 1883 apparet.

31 1899 115 1966 Nam
140 1899 167 1964 si
190 1920 243 1984 pro
266 1920 303 1963 eo
325 1901 400 1983 qued
423 1895 561 1964 Christus
577 1921 684 1984 cerpus
700 1919 739 1964 ex
754 1896 852 1962 Maria
870 1911 968 1964 natum
987 1913 1018 1964 et
1038 1901 1195 1964 humanum

32 2015 80 2070 est
97 2014 188 2088 atque
210 2002 240 2066 iu
255 2002 408 2088 scripturis
429 2021 497 2066 esse
516 2001 637 2081 dicitur,
670 2003 892 2087 quaternionem
909 2003 1019 2068 ideirco
1036 2025 1090 2089 pro
1113 2003 1197 2066 trini·

31 2119 101 2172 tare
116 2105 257 2170 constitui
282 2115 384 2192 putant
401 2125 438 2170 eo
452 2105 527 2189 quod
549 2105 690 2190 quaedam
708 2103 771 2169 beri
789 2105 925 2169 videatur
941 2106 1074 2191 corporis
1094 2125 1196 2170 acces·

32 2213 93 2290 sio,
119 2209 313 2275 vehementer
330 2219 430 2272 errant
446 2208 495 2293 qui
511 2207 656 2272 conditori
671 2208 813 2293 opificium
830 2229 915 2271 suum
931 2209 1053 2293 aequale
1073 2207 1194 2287 iaciunt,

33 2326 62 2378 et
82 2313 123 2376 ad
142 2310 325 2375 divinitatem
349 2311 491 2376 accedere
516 2331 603 2398 posse
626 2311 732 2396 aliquid
758 2309 954 2391 arbitrantur,
987 2331 1043 2376 nec
1064 2310 1134 2374 illud
1151 2310 1198 2373 in·

33 2417 195 2500 mitigent,
229 2434 289 2477 non
313 2414 349 2477 ad
374 2414 461 2477 ullam
486 2414 585 2478 ceratis
610 2414 813 2478 accessionem
837 2412 959 2477 verbnm
985 2435 1105 2478 earnem
1130 2433 1199 2478 esse

32 2521 167 2597 lactum,
199 2517 254 2591 sed
271 2527 302 2581 nt
319 2538 389 2581 care
408 2517 473 2603 ipsa
495 2527 684 2601 resurgeret,
716 2537 811 2602 neque
834 2516 974 2596 verbum,
1010 2518 1119 2603 quoad
1137 2536 1199 2580 mc·

31 2621 144 2687 liorem
161 2620 285 2705 aliquam
301 2620 497 2684 conditionem
520 2621 749 2699 transferretur,
779 2640 818 2684 ea
834 2617 932 2683 Maria
951 2619 1114 2704 prodiisse,
1145 2618 1200 2684 eod

33 2737 65 2789 nt
93 2721 247 2788 bominum
266 2743 361 2808 genos
383 2722 553 2787 redimeret.
599 2720 660 2787 lam
683 2744 755 2789 cere
778 2723 923 2808 quomodo
939 2721 1001 2785 lieri
1020 2732 1117 2807 potest
1132 2742 1199 2785 cnr·

33 2850 91 2914 pus
119 2838 152 2890 ut
175 2827 261 2905 illud,
294 2825 370 2910 qued
386 2824 572 2910 perverbum
589 2827 770 2912 redemptum
788 2847 822 2890 ac
837 2827 899 2891 vita
915 2827 1052 2890 donatum
1072 2837 1137 2903 est,
1172 2823 1199 2888 ei

33 2953 51 2994 a
73 2951 139 3016 quo
164 2929 253 2992 sitam
281 2929 394 3012 accepit
422 2927 508 2992 ullam
537 2928 699 2994 divinitatis
725 2929 925 2994 accessionem
951 2929 1046 3014 pessit
1068 2928 1200 2992 alternet

31 3031 121 3098 Nam
138 3051 156 3096 e
175 3031 324 3096 centrario
341 3029 489 3094 uberrima
504 3031 553 3095 illa
568 3032 684 3117 quidem
703 3033 738 3096 ad
755 3032 910 3096 humanum
928 3053 1036 3118 cerpus
1052 3051 1094 3094 ex
1109 3028 1200 3093 divini

33 3135 127 3201 verbi
142 3135 348 3199 communione
363 3134 624 3220 commistioneque
642 3137 718 3200 tacta
736 3145 782 3198 est
798 3135 945 3200 accessio.
991 3132 1142 3218 Siquidem
1160 3151 1200 3196 ex

33 3239 159 3305 mortali
175 3237 355 3318 immortale,
380 3258 419 3301 ex
436 3237 553 3301 animali
571 3237 703 3323 spiritale
722 3238 865 3302 redditum
883 3247 948 3318 est,
978 3248 1066 3322 atque
1084 3257 1102 3300 e
1120 3245 1201 3298 terra

32 3345 205 3429 protectum
223 3339 297 3403 coeli
319 3352 418 3426 portas
435 3340 612 3426 penetravit.
658 3336 799 3405 Ceterum
818 3341 934 3404 trinitas
951 3339 1033 3425 ipsa,
1067 3337 1201 3424 quamvis

33 3447 168 3510 verbum
187 3440 317 3508 cMnria
333 3463 439 3527 corpus
457 3441 620 3528 acceperit,
645 3443 760 3507 trinitas
777 3454 841 3523 est,
873 3443 919 3524 cui
944 3463 1000 3507 nec
1017 3441 1081 3506 addi
1106 3449 1204 3527 potest

35 3548 210 3634 quidpiam,
241 3565 336 3630 neque
361 3545 493 3625 detrahi,
526 3545 577 3608 sed
595 3547 723 3631 perlecta
746 3566 864 3631 semper
885 3556 948 3625 est,
979 3544 1052 3609 etin
1071 3541 1203 3606 trinitate

34 3650 205 3737 singularis
228 3648 365 3712 divinitas
383 3648 555 3733 agnoscitur
570 3658 658 3733 atque
678 3650 717 3713 ita
735 3649 850 3713 demum
868 3669 943 3713 unes
962 3648 1034 3714 deus
1052 3645 1135 3712 verbi
1152 3666 1203 3732 pa·

34 3764 86 3818 ter
110 3755 144 3817 in
167 3751 294 3816 ecclesia
317 3751 514 3837 praedicatur.

130 3853 244 3920 Eadem
259 3875 348 3940 porro
363 3853 476 3918 ratione
494 3865 524 3917 et
538 3874 573 3918 os
591 3853 649 3918 illis
667 3855 838 3920 occludatur
860 3856 908 3941 qui
931 3854 1029 3917 dicere
1047 3849 1202 3935 aliquando
1222 3875 1281 3947 eq,
1296 3875 1356 3928 xp,

37 3960 107 4024 ansi
133 3969 203 4024 sunt
219 3977 286 4022 eum
303 3957 353 4042 qui
376 3977 418 4020 ex
433 3953 532 4020 Maria
555 3957 701 4042 processit
722 3979 781 4024 uon
802 3959 895 4043 ipsum
914 3977 981 4022 esse
999 3953 1151 4021 Christum
1169 3973 1204 4016 ac

73 4233 102 4288 9.
124 4227 218 4296 πολλὴν
234 4227 281 4298 τήν
297 4233 326 4281 Β.
679 4229 718 4284 tl.
735 4231 773 4284 rel
790 4229 859 4298 λόγῳ
876 4229 913 4299 τῷ
936 4232 1012 4292 tuest.
1029 4244 1055 4282 c.
1073 4231 1102 4282 B.

75 4304 123 4356 10.
142 4299 173 4356 dt
193 4304 256 4351 otest
272 4313 289 4349 c
306 4300 335 4349 u.
679 4300 718 4350 te.
736 4285 773 4368 rqb
792 4295 862 4363 diap-
879 4301 905 4349 Β.
924 4301 1000 4350 flecte.
1077 4313 1079 4318 ·

75 4376 123 4425 11.
142 4367 274 4436 quaen-ltu<
290 4363 334 4421 dmi
350 4363 379 4419 rb
396 4367 424 4417 Β.
681 4365 719 4418 16.
737 4363 787 4420 eiad
805 4363 854 4433 γὰρ
871 4368 898 4418 Β.

76 4441 122 4492 1¹2.
142 4437 194 4490 τῶν
210 4431 350 4503 decadam
367 4436 395 4485 Β.
680 4433 739 4486 Cas.
754 4435 813 4486 ΧΗ.
832 4461 865 4476 -
901 4434 923 4486 1.
939 4431 973 4502 bri
991 4436 1019 4485 Β.

75 4509 123 4561 13.
144 4506 236 4559 οἴονται
251 4499 281 4556 cd
297 4506 324 4554 s.

95 4589 193 4644 Corpus
205 4585 340 4633 Ηιειιοωὶ.
349 4583 378 4630 n
386 4585 408 4630 t.
962 4591 1004 4658 23
