3058 5014
297 253 573 316 reassumam.
591 255 956 316 romrnnnauxxvr.
1144 243 1205 318 243

52 381 256 460 substantiam,
281 404 336 447 uec
352 384 491 462 alienam,
517 395 653 470 tanquam
669 387 743 448 lacta
756 386 807 464 sit,
831 385 882 447 sed
897 383 1057 448 secundnm
1070 385 1209 450 substan·

52 485 119 548 tiam
142 485 290 569 genitam,
325 506 381 550 nec
403 507 420 550 a
442 487 578 570 genitore
601 498 736 572 putamus
764 486 901 550 alienam.
949 481 996 550 0b
1024 488 1052 551 id
1075 488 1208 553 irrorante

50 599 165 663 crearet,
191 609 249 650 non
275 587 371 668 iacta,
394 590 446 652 sed
470 609 509 652 ex
533 587 595 673 ipsa
619 590 664 652 dei
688 590 849 654 substantia
873 588 993 674 genita,
1017 611 1112 674 neque
1135 603 1208 654 tem·
1272 655 1277 660 .

49 689 111 776 pori
135 689 279 754 subiecta.
326 687 442 776 Quippe
463 691 582 775 genitor
602 692 666 777 ipsc
682 691 807 778 tempori
831 713 1012 776 nequaqnam
1034 693 1153 772 subest,
1178 706 1209 757 ut

50 792 257 878 temporariam
271 792 464 856 substantiam
481 794 632 878 producat.
679 792 756 858 Nam
780 793 941 858 cuiusmodi
959 798 1096 879 estquod
1113 795 1209 880 gigui-

50 905 114 972 lur,
140 895 206 959 talis
226 905 272 958 est
293 905 325 958 et
338 893 473 979 genitor,
497 907 527 959 et
544 896 675 959 vicissim
700 897 794 981 qualis
816 895 933 982 genitor
955 909 1018 976 εει,
1043 898 1101 962 tale
1120 899 1208 963 etiam

50 1008 93 1062 est
115 998 193 1082 qnod
214 995 356 1082 gignitur.

134 1099 215 1163 Aetli
233 1095 330 1185 Caput
345 1097 400 1164 Vl.
426 1097 460 1166 Si
476 1099 636 1184 ingenitum
660 1101 870 1186 genitumst,
895 1102 961 1186 qnid
984 1112 1065 1165 vetat
1088 1113 1118 1165 et
1135 1104 1211 1187 qnod

49 1203 181 1286 genitum
209 1212 256 1265 εει
277 1202 439 1285 ingenitum
470 1202 558 1268 lierii
603 1198 709 1268 0nuris
734 1202 811 1267 enim
835 1215 939 1267 natura
955 1205 991 1268 ad
1009 1203 1037 1268 id
1056 1206 1132 1289 qnod
1155 1204 1211 1268 sibi

49 1315 283 1368 consentaneam
300 1315 347 1370 εει
369 1306 461 1390 magis
477 1327 563 1390 qnam
582 1308 617 1370 ad
634 1307 759 1370 alianum
782 1307 1026 1392 peregrinamque
1049 1309 1210 1370 contendit.

137 1403 261 1472 Conint.
280 1405 335 1469 Vl.
370 1404 403 1472 Si
423 1409 498 1492 quod
516 1407 679 1494 ingenitum
700 1419 748 1471 est
763 1409 881 1486 iecisse,
907 1429 964 1472 non
980 1409 1120 1493 genuisse
1134 1410 1212 1472 diea-

49 1521 114 1591 tur,
150 1509 191 1572 ita
216 1520 248 1574 nt
270 1520 393 1593 utraque
425 1510 497 1574 baec
520 1510 677 1596 appellatio
700 1531 753 1597 pro
777 1531 833 1573 aua
857 1520 888 1573 ει
910 1512 1010 1574 eadem
1039 1509 1212 1597 accipiatur,

50 1631 147 1696 neque
164 1611 289 1676 alterurn
313 1613 397 1676 alteri
421 1613 503 1678 velut
525 1635 564 1678 ex
581 1615 708 1678 adverso
730 1613 912 1698 respondeus
935 1615 1084 1678 contrario
1108 1635 1213 1678 revera

49 1713 197 1778 vocabulo
209 1714 248 1776 sit
262 1715 438 1800 oppositum,
459 1715 503 1779 uis
518 1717 695 1781 habitudinis
711 1715 802 1801 ipsius
821 1716 850 1778 in
865 1716 959 1780 alteru
973 1716 1118 1781 disiuneta
1132 1717 1214 1802 peni-

51 1828 97 1880 tus
115 1827 176 1894 est,
199 1835 294 1900 neque
310 1819 462 1902 quiequam
481 1819 567 1882 babet
580 1841 645 1883 cum
661 1821 755 1884 altero
769 1837 936 1898 commuue,
954 1829 1073 1903 praeter
1087 1829 1216 1904 potesta·

50 1924 84 1982 tis
103 1919 373 2005 corruperaticneur,
407 1921 483 2005 quod
500 1933 635 2006 tanquam
655 1943 757 1986 caussa
774 1923 801 1983 id
815 1941 902 1986 omne
915 1921 1020 2005 quoda
1033 1941 1067 1984 se
1083 1931 1214 1985 creatum

51 2033 95 2086 est
119 2032 246 2085 naturae
268 2022 409 2106 dignitate
432 2036 563 2108 superet.
612 2022 671 2087 lam
696 2044 767 2087 veru
790 2043 855 2086 cum
879 2024 957 2086 iuter
978 2021 1023 2100 id,
1055 2023 1131 2106 qaod
1155 2023 1215 2086 effi·

50 2125 148 2188 ciendi
173 2125 201 2186 vi
219 2124 380 2209 praeditum
404 2135 466 2204 εει,
491 2137 578 2210 atque
594 2145 667 2211 opus
683 2127 820 2189 ellectum
838 2136 867 2190 ει
883 2135 1047 2188 creatorem
1071 2135 1216 2188 creatam·

50 2247 106 2310 que
131 2247 194 2290 rem
219 2225 276 2290 alia
298 2226 440 2310 quaedam
462 2227 617 2291 interiecta
633 2229 672 2290 sit
691 2227 866 2312 appellatio,
891 2247 965 2310 quae
983 2237 1014 2290 nt
1030 2227 1067 2289 ad
1089 2225 1213 2310 ingeniti

50 2349 161 2392 nomon
177 2329 309 2406 accedit,
334 2328 377 2392 sie
396 2350 413 2390 a
433 2329 594 2394 conditoris
618 2330 735 2393 nomine
752 2329 894 2393 remotior
910 2338 974 2408 εει,
1000 2328 1066 2392 lieri
1090 2349 1148 2391 nou
1164 2348 1216 2413 pc·

51 2443 121 2511 test,
148 2432 237 2510 Auni,
262 2431 303 2495 uti
319 2432 534 2495 confundamus
553 2433 668 2512 carnia,
693 2445 781 2516 atque
800 2453 838 2496 ex
858 2431 978 2515 ingenio
1001 2442 1051 2496 tuo
1067 2431 1215 2515 perlectae

50 2534 258 2620 appellationis
274 2533 508 2598 communionem
525 2533 661 2599 tollamus
676 2536 812 2614 emedio,
831 2555 906 2619 qnae
919 2533 1079 2598 habitudini
1091 2532 1133 2597 illi
1146 2553 1216 2597 eon·

50 2637 152 2716 renit,
177 2657 235 2720 qna
258 2657 323 2698 enm
347 2645 428 2719 patre
451 2636 647 2721 sempiternus
668 2638 765 2715 lulius,
791 2639 999 2720 increatusqne
1017 2645 1214 2721 comparatur.

49 2735 133 2802 Fieri
152 2738 222 2801 ilem
246 2758 305 2802 uun
329 2747 427 2822 potest
448 2751 478 2802 nt
501 2739 630 2822 ingenita
654 2739 843 2824 increataque
866 2750 970 2803 natura
992 2748 1092 2804 ereata
1110 2738 1148 2802 sit
1164 2737 1218 2801 ali·

48 2843 188 2926 quando,
226 2840 263 2904 ab
286 2861 379 2924 eaque
410 2851 527 2914 creatae
558 2842 600 2904 rei
626 2842 811 2919 conditione,
849 2843 930 2906 velut
952 2840 1147 2927 poenitendo,
1182 2839 1218 2902 ad

48 2946 182 3028 priorem
206 2942 286 3006 illum
314 2941 438 3026 ingeniti
467 2954 574 3007 statum
605 2945 782 3029 postliminio
813 2955 997 3022 revertatur,
1031 2942 1218 3027 quantumvis

49 3045 258 3109 Aristotelieis
281 3047 338 3108 tuis
360 3043 433 3109 iisne
455 3044 580 3110 inlicitis
597 3045 817 3130 quaestionibus
834 3045 985 3130 implicare
1007 3065 1062 3108 nos
1083 3043 1217 3122 studeas,

50 3146 178 3212 coelesti
200 3167 235 3210 ac
256 3146 380 3231 simplici
409 3158 548 3232 casuque
569 3148 691 3233 spiritns
713 3148 807 3212 saneti
831 3147 963 3213 doctrina
986 3145 1138 3210 derelicta.

139 3249 223 3316 Aelii
239 3245 337 3333 Caput
353 3246 424 3313 Vll.
470 3247 504 3312 Si
529 3249 601 3314 dens
626 3251 745 3314 omuino
768 3250 807 3314 sit
828 3249 994 3333 ingenitus,
1027 3247 1100 3312 nibil
1125 3248 1218 3332 ipsum

52 3353 190 3436 probibet
212 3352 372 3416 seeundum
403 3363 537 3416 naturam
564 3352 813 3436 substantiamque
837 3353 995 3436 genuisses
1027 3351 1075 3415 siu
1103 3351 1219 3438 penitus

49 3466 98 3519 est
121 3452 290 3539 ingenitus,
322 3475 380 3518 non
404 3465 450 3518 est
467 3454 626 3518 secundum
644 3453 836 3518 substantiam
859 3455 894 3518 ad
917 3454 1140 3538 gerrerntionem
1160 3453 1219 3518 dia-

52 3569 189 3636 ιεεειεε,
215 3557 267 3620 aed
284 3555 360 3639 quod
377 3557 496 3640 genuit,
521 3565 665 3638 potestate
688 3577 723 3618 ae
746 3557 885 3620 facultate
908 3557 1058 3642 produxit.

141 3655 268 3723 Cariat.
288 3655 358 3722 Vll.
383 3657 424 3721 Et
440 3668 520 3722 totus
535 3657 684 3742 ingenitus
704 3671 750 3720 est
768 3657 976 3744 increatnsque
997 3659 1087 3738 deus,
1122 3667 1152 3720 ει
1170 3654 1219 3740 qui

51 3763 90 3825 sb
105 3761 174 3847 ipso
187 3761 306 3846 genitus
321 3773 367 3825 est
384 3760 545 3838 increatus,
571 3771 603 3824 nt
618 3770 649 3823 et
662 3771 782 3825 sanetus
799 3760 877 3826 illius
894 3761 1027 3846 spiritns,
1051 3759 1135 3824 cuins
1156 3769 1219 3820 tan·

50 3877 160 3950 tepere
176 3862 427 3929 existimationem
448 3864 566 3942 elevas,
590 3863 753 3928 coarualis
774 3875 803 3926 ει
820 3863 955 3928 animalis
973 3861 1056 3939 Aeli,
1080 3861 1372 3942 spiritantem-un

53 3979 157 4049 terque
173 3969 346 4028 daiirdr'cate!
390 3964 676 4050 llabelbocpcrrc,
702 3976 734 4029 ut
748 3965 785 4029 ab
805 3967 870 4051 ipso
886 3967 1044 4051 procedat,
1076 3962 1219 4046 singulari

53 4069 183 4152 quadam
201 4077 233 4131 et
250 4067 359 4130 eximia
380 4067 513 4144 ratione,
546 4089 621 4151 qnae
637 4090 701 4131 enm
719 4068 828 4132 esteris
848 4068 981 4131 omnibns
998 4085 1073 4150 quae
1088 4087 1126 4126 ac
1145 4070 1216 4146 ipso,
1233 4072 1310 4126 cerm.
1322 4073 1353 4120 tt

48 4193 108 4252 per
120 4175 222 4250 aprum,
247 4181 277 4230 ει
287 4171 324 4231 cd
342 4172 402 4250 r'psc
420 4182 518 4234 mento
533 4181 614 4249 sunt,
639 4170 803 4255 comparari
816 4169 927 4254 nequit.
962 4167 1109 4253 Quocirca
1124 4188 1220 4252 neque

52 4295 127 4338 eum
144 4271 181 4336 iis
197 4270 288 4335 rebus
301 4293 456 4337 commune
474 4283 522 4336 εει
536 4272 563 4336 ei
586 4271 758 4356 quiequam,
784 4291 839 4335 aee
857 4271 932 4335 istae
950 4289 1134 4335 musmonem
1153 4291 1220 4334 enm

52 4378 108 4444 illo
127 4373 299 4460 dignitatern
316 4373 466 4439 uindicare
488 4375 543 4439 sibi
568 4384 702 4460 possunt.
749 4371 866 4436 Etenim
885 4373 1106 4458 praetervolant
1121 4396 1155 4439 ae
1170 4395 1219 4439 ce·

88 4515 116 4566 2
136 4505 210 4574 dioc,
235 4514 269 4562 uti
286 4525 359 4575 snpra
376 4515 454 4572 salal,
481 4511 549 4561 codd.
567 4526 621 4562 mar.
640 4511 703 4578 (eud.
721 4513 838 4563 demeum
855 4511 963 4578 rasura).
998 4503 1064 4572 ὅλως
1081 4515 1146 4562 editt.

942 4597 1015 4664 tu*
