3072 5002
337 277 754 337 rausnunrn.1u.rou.r.
772 281 1009 335 raananxxrr.
1189 273 1250 338 tto

85 401 205 482 miiuus,
237 401 435 466 samrdotium
455 413 588 468 sauotorn
611 401 732 489 spiritus
755 402 977 488 regenerantis,
1011 423 1046 466 ao
1063 404 1119 468 deo
1138 405 1251 472 instau-

83 505 178 570 rantis
196 503 449 589 omuialurgitor.
497 508 616 568 Verbum
630 511 703 568 eninr
719 527 787 567 noro
805 507 914 588 suetum
932 517 991 580 est,
1024 517 1053 568 et
1069 509 1401 579 rotomorrmnsnna

83 608 185 684 nomi,-
216 620 246 670 et
263 611 382 670 eadsinus
402 611 527 689 glorium
554 614 632 684 eries,
664 620 796 688 tunquam
815 610 940 688 glorium
962 613 1106 692 suspendi
1119 631 1138 671 o
1151 623 1247 694 pone.

87 707 221 774 Utenim
238 710 417 794 pluviarum
436 709 591 774 arboribus
613 709 803 789 ooalescens,
828 730 864 773 ae
884 709 1042 795 stirpibus,
1067 733 1173 797 eorpus
1190 715 1250 778 effi-

80 811 137 891 nit,
171 822 204 876 et
222 833 457 897 unumquemque
482 815 606 878 lruotum
633 813 669 876 sd
687 811 752 876 eius
768 812 845 878 uude
863 823 946 876 ortus
967 823 1012 876 est
1029 812 1249 880 similitudinem

81 915 234 999 producit,
265 925 297 978 ut
320 926 350 978 et
368 916 397 979 in
419 916 496 979 oliva
516 917 550 979 ad
568 915 633 979 eius
654 923 787 978 naturam
812 924 842 978 nt
862 914 1055 979 substantians
1080 917 1247 982 adiunctum

80 1017 191 1102 pingue
204 1017 301 1080 oleuus
317 1017 446 1096 existat,
480 1018 509 1080 in
526 1020 586 1082 vite
601 1016 771 1082 suavissimi
791 1015 821 1080 iu
837 1016 898 1080 riui
916 1016 1085 1103 qualitatem
1102 1019 1248 1084 notorem·

79 1141 134 1204 que
150 1130 305 1200 transeat,
336 1119 368 1183 in
385 1120 457 1186 dous
475 1121 581 1185 arbore
599 1119 769 1183 dulcissimo
785 1119 859 1184 tinus
875 1141 980 1205 sapore
997 1131 1194 1206 temperetur,
1219 1133 1250 1188 et

78 1223 106 1286 iu
127 1221 262 1307 quolibet
285 1224 398 1287 semine
422 1233 557 1288 naturam
580 1223 672 1308 ipsius
695 1223 730 1286 ad
751 1233 952 1286 consentanea
973 1223 1114 1308 cuiusque
1137 1226 1247 1290 turmae

78 1325 264 1388 ineremeuta
284 1326 441 1410 perdurat,
465 1329 505 1390 ita
527 1327 658 1399 Verium,
683 1325 806 1410 opinor,
830 1324 876 1388 dei
897 1325 926 1388 iu
944 1329 1042 1388 Mur-riu
1059 1330 1246 1412 durofostum
1261 1341 1339 1440 ¹3¹³&

77 1441 134 1503 est,
167 1437 203 1491 et
221 1427 251 1491 iu
269 1429 408 1492 Abraami
425 1429 517 1514 stirpe
537 1428 624 1492 homo
640 1449 680 1492 ex
698 1426 833 1513 promissi
861 1427 917 1491 tide
934 1439 1071 1513 repertus
1095 1439 1152 1493 est.
1197 1435 1246 1493 ln·
1289 1428 1296 1452 '
1335 1428 1341 1441 '

77 1537 206 1594 munus
219 1535 310 1606 eninr,
344 1531 454 1616 iuquit,
484 1535 636 1604 Messinm,
669 1551 749 1612 quern
770 1535 888 1611 sort'prsr't
903 1534 1028 1610 Moyses.
1072 1527 1152 1596 Idem
1171 1553 1244 1597 vero
1306 1521 1308 1526 ⁵

77 1630 224 1719 Moyses,
256 1639 429 1710 Horrenda,
461 1635 571 1719 inquit,
603 1645 636 1695 nt
648 1636 748 1714 pluur'o
770 1635 909 1715 eloquritm
926 1655 1032 1708 meum,
1066 1646 1097 1696 et
1111 1646 1399 1718 lonquonrneor.rt,a

74 1748 179 1816 guttae
194 1740 336 1800 stillanter
352 1741 382 1800 in
398 1750 521 1800 terrum:
546 1736 613 1814 rel,
636 1739 797 1798 Descendunt
809 1739 885 1797 orent
902 1757 950 1796 ros
965 1740 995 1797 r'n
1011 1739 1110 1799 uellus.
1156 1735 1242 1802 Lana
1261 1755 1347 1801 emin.

76 1839 177 1924 itaque
196 1859 294 1903 rorem
315 1839 467 1925 excipiens
486 1841 575 1903 letum
600 1850 690 1922 anget
709 1837 841 1901 velleris.
888 1835 986 1902 Terra
1004 1839 1083 1904 velut
1100 1841 1245 1924 queudm
1276 1809 1310 1865 ⁷¹¹
1322 1811 1342 1853 θ’

76 1943 139 2028 spei
159 1942 304 2006 oultorem
324 1953 354 2005 et
368 1943 525 2026 agricolam
543 1941 669 2027 pluriam
687 1939 840 2026 excipiens
855 1940 980 2004 lruotum
996 1941 1031 2003 ad
1047 1943 1243 2008 maturitatem

76 2044 230 2130 perducit,
255 2065 348 2128 eaque
368 2046 486 2130 perlusa
503 2064 544 2108 ex
559 2043 683 2129 imperio
699 2041 808 2107 domiui
827 2043 976 2107 na'tnrules
995 2045 1093 2128 fruges
1111 2054 1244 2130 prompte

76 2168 109 2210 ae
126 2147 258 2210 libenter
275 2146 397 2224 omittit,
431 2159 462 2210 et
477 2146 513 2210 ab
534 2147 636 2210 eodem
662 2165 766 2210 rursus
783 2145 946 2230 aooipieudi
970 2145 1074 2209 maiori
1096 2147 1244 2211 desiderio

74 2259 207 2314 tenetur.
254 2246 306 2314 Sin
330 2260 360 2314 et
378 2245 477 2312 Mario
501 2249 585 2331 virgo
608 2268 674 2312 oum
695 2247 734 2311 ito
753 2246 982 2332 respondisset,
1007 2253 1100 2323 llnrte,
1132 2249 1383 2332 inquineremus

76 2373 247 2433 eofflosenan
262 2355 335 2414 melli
348 2355 427 2413 istud
440 2353 623 2436 offuturum?
645 2350 753 2430 audiit,
778 2354 905 2430 Sprir‘tus
922 2353 1030 2412 domant
1043 2355 1072 2412 ln
1089 2363 1116 2413 te
1130 2355 1244 2413 deseen-

75 2457 135 2529 ter,
161 2467 195 2516 et
209 2459 301 2516 oritus
314 2457 450 2516 altissimi
463 2455 641 2516 odumdrullt
658 2465 700 2528 te,
734 2457 851 2536 rileoqne
869 2463 899 2514 et
913 2457 989 2534 quod
1007 2467 1141 2516 nascetur
1162 2477 1201 2516 em
1217 2465 1245 2517 te

75 2569 205 2620 unctum
221 2561 295 2630 erit,
330 2569 361 2619 et
363 2559 451 2638 filius
469 2559 604 2618 olnisr'rnr'
618 2557 774 2618 uocabitur.
823 2552 961 2620 Christus
979 2557 1009 2619 in
1028 2558 1132 2641 angelo
1149 2558 1243 2643 loqui-

77 2669 137 2738 tur,
173 2668 207 2724 et
225 2659 255 2721 in
273 2659 318 2723 sui
340 2659 432 2745 ipsius
451 2657 627 2722 formatione
645 2655 833 2743 semetipsum
855 2659 990 2723 domiuus
1009 2661 1134 2744 effingit,
1165 2667 1245 2724 serui
1267 2677 1367 2737 enriipp.

73 2765 197 2844 sormam
214 2765 343 2823 Muros.
391 2757 531 2825 Ceterum
550 2757 646 2824 Maria
665 2759 788 2826 verbum
806 2761 851 2825 dei
868 2763 903 2824 ad
921 2763 1142 2845 generationem
1159 2764 1241 2827 velut
1277 2732 1332 2788 m

77 2875 155 2929 terra
183 2863 314 2950 pluvium
334 2861 430 2927 haurit
448 2875 477 2926 et
495 2863 627 2927 attrahit.
675 2862 757 2927 Deus
773 2885 846 2927 vero
869 2877 1002 2928 sanetum
1026 2885 1094 2928 sese
1118 2865 1242 2930 lruetuot

75 2966 103 3030 io
127 2965 250 3030 mortali
275 2976 378 3030 notura
402 2967 583 3051 capessenda
608 2967 801 3030 demonstrat.
848 2964 930 3051 Ergo
954 2969 1000 3031 hie
1022 2989 1061 3030 es
1078 2967 1126 3030 illa
1147 2978 1244 3032 terrae

76 3071 233 3136 instares
259 3069 380 3133 velleris
402 3069 566 3132 attrahente
592 3070 742 3153 protentus
770 3080 832 3149 est,
869 3091 959 3134 verae
985 3071 1154 3154 solidaeque
1181 3069 1243 3155 spei

77 3175 208 3252 innotos,
239 3181 269 3236 et
289 3193 307 3234 u
325 3172 437 3235 sanetis
458 3181 644 3257 espeotutus.
691 3169 1132 3255 QuemadmodumElisobetltn
1156 3174 1242 3254 dixit,

76 3280 229 3340 medanto
251 3286 282 3336 tu
307 3279 383 3336 irater
403 3277 550 3349 melanes,
586 3284 615 3335 et
632 3276 793 3336 denedt'ettta
806 3277 922 3357 fiuntur
943 3281 1049 3338 oenur's
1073 3281 1126 3339 tul.
1173 3275 1339 3352 linebant,
1352 3295 1386 3340 tn

76 3389 172 3442 numm
199 3397 287 3442 omne
313 3397 353 3440 ex
371 3376 495 3440 humana
517 3375 685 3439 conditione
702 3396 737 3438 ao
753 3385 858 3440 natura
880 3378 909 3441 in
926 3398 994 3441 sese
1011 3378 1160 3442 transtulit
1175 3399 1244 3443 ver·
1479 3381 1481 3387 ⁴

77 3480 142 3544 inor
160 3480 253 3559 illud,
277 3480 353 3564 quod
371 3499 481 3565 expers
496 3478 605 3563 alioqui
623 3477 769 3564 passionis
787 3481 898 3565 perpeti
913 3481 1017 3546 voluit.
1063 3486 1118 3544 tlte
1133 3493 1177 3543 est
1186 3499 1395 3562 pro-rosontio

76 3588 117 3644 nr's
136 3586 190 3645 r'lle
209 3587 303 3657 olous,
337 3587 389 3665 qul
406 3587 442 3645 ele
460 3585 538 3644 coelo
559 3583 717 3656 deseendit,
750 3601 784 3644 tto
810 3582 900 3645 vitatu
922 3581 1074 3670 impertiit.
1120 3581 1177 3647 iiie
1195 3593 1242 3648 est

76 3705 164 3750 aerae
196 3687 310 3750 lruetus
338 3685 442 3764 oieue,
477 3683 624 3748 unctionis
650 3695 680 3747 et
702 3683 922 3769 compositionis
948 3686 1044 3752 oleum
1070 3686 1139 3751 illud
1164 3686 1239 3772 quod
1256 3706 1368 3752 menso.

77 3783 203 3875 Moyses
220 3789 319 3874 speeie
336 3789 458 3874 quadam
482 3787 679 3850 adumbrarit.
724 3783 805 3850 idem
822 3809 891 3850 uera
911 3794 976 3852 m'tr‘r
997 3801 1056 3865 est,
1088 3810 1173 3874 quaro
1190 3757 1395 3852 so·¹⁰'¹'¹¹¹‘¹⁵’²

78 3889 120 3954 los
139 3903 226 3978 pater
243 3891 329 3968 nolit,
364 3890 411 3974 qui
435 3888 564 3954 laetitiae
589 3889 674 3953 uobis
697 3911 783 3955 uvam
809 3891 976 3976 progenuit.
1021 3889 1080 3954 llio
1104 3901 1240 3974 estoque
1276 3912 1355 3960 romu.

78 3997 126 4055 r'llu
141 3999 223 4068 mun,
258 4014 342 4073 quern
354 3998 454 4056 sitiens
472 3996 554 4054 domo
575 4013 637 4054 oum
655 3993 773 4068 diderit,
807 4015 863 4055 non
878 3999 959 4055 eruet
972 3997 1108 4075 ampliter,
1142 3997 1195 4055 sed
1210 3999 1239 4057 r'n
1277 3967 1299 4021 ⁴¹
1314 3967 1345 4011 η

78 4099 134 4156 eries
159 4107 258 4158 ventre
276 4107 425 4176 pmrnonet
445 4098 550 4157 sulr'ens
566 4099 595 4156 in
613 4099 697 4182 uastum
717 4107 871 4158 oeternum.
919 4094 967 4158 At
988 4095 1044 4159 hoo
1069 4095 1138 4162 novi
1161 4096 1239 4182 agri·

112 4263 150 4317 te.
167 4260 239 4318 droti
254 4264 315 4318 θεοῦ
330 4262 405 4332 λόγος
416 4273 468 4329 nost
478 4261 640 4322 ἀποδείκνυσι
706 4267 747 4319 22.
764 4262 792 4319 ἓν
809 4270 893 4317 tneor.

79 4333 184 4383 nldttum
200 4335 284 4396 &mnas
300 4337 327 4384 a'n
344 4338 429 4386 tneor.
707 4333 749 4387 23.
768 4329 782 4389 ὅ
798 4349 845 4386 non
861 4337 929 4386 mou
946 4340 1030 4389 tneor.

112 4399 149 4452 19.
168 4393 251 4461 nisus
268 4405 352 4454 tneor.
708 4400 749 4453 24.
776 4401 851 4469 μόνος
875 4402 919 4456 ani
944 4400 1064 4474 dnos-rip
1090 4408 1127 4460 ed·
1147 4410 1241 4472 enon,

110 4467 151 4518 20.
171 4465 251 4530 πόκος
266 4475 350 4522 Anam.
675 4474 756 4524 inultis
773 4475 839 4522 tibris
855 4487 930 4524 nonu
947 4480 1058 4527 esorotts.

110 4537 149 4586 ut.
166 4533 185 4603 ai
201 4538 253 4591 reis
269 4533 349 4607 dulus
366 4539 502 4606 προςδοκία
517 4540 600 4594 tneor.
710 4539 754 4592 25.
770 4539 916 4612 γεννήσασα
927 4548 1060 4610 ommno
1073 4549 1106 4600 rat
1119 4547 1239 4602 remmon
