3066 5016
284 283 348 348 494
705 295 827 349 ειαατι
846 295 1014 348 amman

286 411 415 495 δύναμιν
429 415 471 489 είς
485 411 564 496 δόμα
578 420 654 497 ζωῆς
667 421 729 489 τοῖς
745 411 882 490 ιἰπίστοις
900 410 1116 492 ἀποδοθεῖσαν,
1138 414 1189 478 καλ
1207 415 1251 489 είς
1266 411 1450 499 ἐπιστροφῆν

284 514 406 581 πόντων
426 522 486 582 τοῖν
504 518 604 582 ἐθνῦν
621 512 699 602 πρός
713 513 770 599 τῆν
786 517 944 602 ἐπίγνωσιν
959 521 1013 599 τῆς
1029 514 1180 598 ἀληθείας.
1229 522 1301 592 Τοῖς
1320 517 1355 582 δὲ
1374 520 1451 592 υίοῖς

288 616 457 701 Χετνοόρας
471 616 508 684 τό
524 617 641 700 δόματα
655 611 694 702 ῆν
709 618 868 703 χρημάτων
885 617 1029 704 ῦπαρξις,
1052 616 1161 704 χρυσός
1181 619 1232 684 καλ
1251 616 1387 704 ῦργυρος
1401 620 1449 684 καί

285 718 455 803 ίματισμός,
477 722 530 787 καί
544 719 631 787 δι’τινα
647 723 679 787 ἐν
696 725 846 806 μυστηρίῳ
864 717 999 805 Ἀβραόμ
1015 720 1185 786 ἆπέιιλεισεν
1201 722 1234 786 ἐν
1248 729 1315 797 ταῖς
1329 720 1450 805 πῆραις,

282 825 404 906 λίβανον
417 826 468 888 καλ
486 822 620 908 σμύρναν
634 825 686 889 καί
701 822 827 910 χρυσόν,
856 831 916 888 τοῖν
931 821 981 888 διό
995 831 1055 888 τοῖν
1070 825 1214 906 βασιλέων
1232 823 1388 906 Σοδόμων
1402 825 1452 890 καί

284 923 458 1011 Γομόρρας,
487 933 548 992 τοῖν
564 928 633 1010 περί
650 924 879 1011 Χοδολλογόμορ
903 927 955 991 ιταλ
970 924 1088 1011 Βαρσοί,
1118 927 1169 992 ναλ
1190 933 1305 992 λοιποῖν
1320 934 1386 992 τιῦν
1401 925 1452 1008 τῆν

283 1030 481 1110 αἰχμαλωσίαν
498 1024 559 1094 οίπό
574 1027 725 1111 Σοδόμων
746 1029 797 1094 καί
817 1025 981 1114 Γομόρρων
999 1031 1051 1094 καί
1066 1033 1179 1094 λοιπῶν
1197 1027 1369 1111 λαβόντων,
1402 1029 1451 1093 καλ

283 1127 504 1196 σκυλιυσόντων
528 1128 582 1213 τῆν
605 1155 636 1194 τε
659 1133 756 1195 ἰ’ππον
777 1131 828 1194 καί
847 1131 1120 1213 αίχμαλωτισόντων
1136 1129 1170 1195 τό
1186 1138 1306 1214 πλῆθος
1319 1138 1384 1196 τοῖν
1403 1127 1451 1196 όν-

283 1232 431 1318 θροίπων,
459 1235 512 1297 καλ
529 1230 771 1317 όφαρπαξόντων
786 1231 839 1309 τοῖς
860 1231 922 1300 όπό
938 1232 1065 1299 ἐκόστον
1081 1237 1253 1318 περιουσίας
1267 1258 1298 1297 τε
1313 1235 1368 1299 καλ
1384 1260 1452 1318 γρη-

283 1332 385 1418 μότοιν
399 1337 450 1400 καλ
464 1341 524 1400 τῶν
540 1333 636 1401 ἄλλων
652 1342 781 1419 πλῆθος,
806 1334 849 1401 *δ’
866 1334 956 1412 αότδς
976 1335 1187 1420 οἀπέστρεψεν
1204 1333 1265 1401 όπό
1282 1343 1336 1417 τῆς
1352 1344 1452 1417 κοπῆς

282 1443 343 1502 τοῖν
364 1441 508 1521 βασιλέων
533 1437 612 1516 τότε,
645 1440 696 1504 καὶ
722 1436 790 1504 οῦτε
814 1436 1002 1524 οίποστρίψαι
1024 1436 1060 1503 τό
1085 1435 1144 1520 ἤδη
1166 1443 1260 1527 κυρίῳ
1280 1445 1346 1526 θεῷ
1372 1435 1451 1504 α’πο-

283 1541 430 1624 ταγθέντα
449 1537 650 1624 τολμήσαντος
673 1538 783 1620 αότοῦ,
817 1537 913 1607 θόλλοί
935 1539 1100 1617 δεδωκότος
1119 1538 1222 1608 7αότιί
1238 1539 1356 1624 δόματα
1376 1539 1451 1622 μετό

283 1650 343 1708 τοῖν
359 1640 454 1708 ἄλλων
470 1652 532 1719 τοῖς
548 1647 627 1719 νίοῖς
644 1640 739 1708 αῦιοῦ
753 1651 817 1720 τοῖς
838 1642 900 1710 όπό
921 1642 1105 1728 Χιττοόρας,
1137 1639 1179 1719 οίς
1195 1642 1319 1730 εῦρομεν
1332 1645 1369 1709 ἐν
1385 1652 1452 1720 ταῖς

284 1742 463 1830 παραδόσεσι
484 1752 543 1810 τοῖν
561 1742 717 1830 Ἑβραίων.

148 1864 217 1934 [ιφ.
232 1859 267 1930 η’.
367 1844 420 1912 Ἐν
433 1849 466 1913 δέ
480 1855 516 1936 τῆ
530 1854 583 1912 τοῦ
599 1854 731 1933 Χριστοῦ
750 1853 900 1936 παρουσίᾳ
922 1856 983 1914 τοῖν
997 1846 1095 1915 αῦτοῖν
1115 1851 1227 1916 τέκνων
1240 1857 1293 1914 τοῦ
1309 1845 1451 1934 ’Λβραᾶμ

284 1955 344 2015 ταῖν
360 1947 422 2016 ιίπό
440 1947 610 2034 Χεττοῦρας
630 1951 837 2033 ἐκβληθέντων
854 1948 915 2017 όπό
932 1958 986 2018 τοῦ
1002 1948 1151 2037 Ἀβραόμ,
1179 1953 1231 2018 καλ
1249 1949 1451 2016 ἀπελθόντων

286 2054 337 2118 καί
364 2051 603 2135 κατοικησάντων
625 2055 668 2128 είς
687 2051 724 2118 τοί
746 2054 821 2137 μίρη
845 2051 882 2118 τό
902 2051 1050 2138 Ἀραβικό
1074 2061 1127 2138 τῆς
1147 2056 1316 2139 Μαγωδίας
1335 2051 1451 2138 χεῖρας,

284 2161 345 2220 τοῖν
358 2153 508 2220 ἐλθόντων
522 2154 641 2240 Μοίγων
656 2151 716 2222 όπδ
730 2161 784 2237 τῆς
795 2159 935 2239 διαδοχῆς
947 2164 1007 2221 τοῖν
1018 2155 1195 2242 σπερμότων
1206 2158 1335 2232 ἐκείνων,
1355 2181 1449 2240 προς-

285 2258 461 2342 ενηνεγμένα
475 2255 590 2340 δόματοί
613 2281 643 2321 τε
659 2259 710 2323 καλ
728 2260 810 2342 δοῦρα
827 2261 868 2334 είς
887 2258 1071 2343 συμμειοχῆν
1086 2265 1139 2341 τῆς
1156 2258 1250 2342 αὐτῆς
1269 2260 1392 2333 ἐλπίδος
1409 2265 1450 2346 τῇ

288 2365 408 2448 Χριστῷ
422 2361 454 2424 ἐν
469 2360 604 2442 Βηθλεέμ
619 2356 656 2425 τό
672 2357 749 2425 αὐτοὶ
763 2363 856 2444 δοῦρα,
879 2360 927 2426 ὅτε
943 2358 996 2428 τόν
1012 2361 1122 2446 δστίρα
1138 2360 1317 2443 θεασόμενοι
1333 2351 1448 2441 ῆλθον·

287 2453 330 2526 οίν
349 2459 456 2546 δόρων
480 2459 535 2543 τῆν
556 2469 638 2544 σαφῆ
661 2461 845 2547 παράστασιν
868 2461 886 2530 ό
908 2462 1065 2548 προφήτης
1090 2467 1247 2548 παρίστησι
1268 2463 1362 2548 λόγων
1391 2461 1449 2544 ῦτι,
1521 2529 1522 2552 ³

288 2565 367 2648 Πρὶν
383 2561 405 2646 ῆ
417 2570 528 2649 γνοῖναι
553 2562 586 2630 τό
604 2569 724 2632 παιδίον
740 2575 837 2632 καλεῖν
853 2568 966 2651 πατίρα
981 2564 1003 2649 ἢ
1019 2568 1146 2651 μητέρα,
1179 2563 1304 2647 λῆψεται
1318 2563 1450 2647 δῦναμιν
1521 2613 1522 2622 1

286 2673 461 2747 Δαμασκοῦ,
475 2667 525 2731 καί
540 2664 576 2730 τό
590 2665 683 2732 σκῦλα
696 2673 866 2754 Σαμαρείας
879 2670 978 2734 ἔναντι
990 2671 1132 2752 βασιλέως
1141 2666 1315 2752 Ἀσσυρίων.
1347 2674 1450 2732 Ταῦτα
1521 2711 1522 2730 ι

286 2767 342 2854 γόρ
359 2765 418 2834 ἐπό
437 2777 601 2852 Δαμασκοῦ
620 2773 652 2836 ἐν
665 2769 783 2854 χρόνοις
798 2768 946 2856 Ἁβραόμ,
970 2768 1011 2847 νίς
1029 2779 1188 2856 προεῖπον,
1209 2766 1271 2834 ῦπό
1288 2777 1349 2836 τῶν
1364 2773 1450 2852 βιω-
1521 2765 1522 2832 ί

283 2872 359 2937 λίων
373 2877 435 2938 τοῖν
453 2871 604 2938 ἐλθόντων
620 2876 769 2954 είληπται,
797 2876 849 2940 καί
872 2872 933 2940 οἰπό
950 2879 1129 2959 Σαμαρείας.
1175 2871 1255 2938 Πότε
1273 2863 1330 2938 οῦν
1345 2875 1450 2956 ἔλαβεν

286 2970 378 3053 αῦτό,
399 2975 472 3058 πρλν
487 2973 632 3061 ῆγνῦναι
646 2983 746 3042 καλεῖν
762 2978 874 3062 πατίρα
889 2974 911 3060 ῆ
927 2979 1054 3061 μητέρα,
1076 2972 1136 3041 ἄλλ’
1151 2973 1200 3040 ῦτε
1216 2967 1315 3057 ῆλθον
1331 2978 1363 3041 οί
1378 2973 1450 3040 Μό-

286 3102 348 3162 γοι,
370 3078 421 3142 καλ
436 3073 558 3159 ἤνοιξαν
571 3074 625 3153 τός
640 3075 740 3161 πῆρας
754 3080 883 3157 ἕαυτοῖν,
912 3076 934 3162 ῆ
950 3076 1019 3154 τοῦς
1032 3076 1221 3162 θησαυροῦς,
1250 3073 1292 3153 οἷς
1309 3079 1370 3160 ἔχει
1386 3081 1449 3144 ἔνια

285 3184 345 3244 τοῖν
360 3176 569 3263 όντιγρόφων,
598 3182 650 3246 καί
673 3179 875 3266 προςῆνεγκαν
896 3179 1032 3266 σμόρναν
1047 3182 1100 3246 καί
1119 3185 1241 3264 λίβανον
1255 3181 1306 3245 καί
1322 3178 1449 3265 γρνσόνς

288 3281 347 3344 Ka}
372 3276 448 3368 όρᾷς
469 3288 535 3358 ποῦς
563 3284 681 3365 ιἐχονσι
706 3285 741 3350 αῖ
763 3290 816 3367 τῆς
840 3281 982 3366 όίηθείας
1003 3282 1143 3366 φράσεις,
1172 3284 1224 3348 καλ
1249 3282 1448 3358 ότολουθίαις

284 3377 338 3457 Ὡς
354 3384 406 3446 καί
423 3373 510 3450 αῦται
531 3387 565 3450 αί
579 3387 703 3469 αίρέσεις
725 3389 900 3463 παλλακίδες
916 3382 1099 3470 όπόρχονσι,
1126 3387 1178 3450 καί
1194 3383 1231 3450 τό
1247 3381 1351 3451 αῦτοῖν
1366 3387 1448 3452 tim

149 3512 204 3558 μς.
216 3500 273 3544 ιντο
287 3485 373 3566 ἔλαβε
387 3482 512 3568 δόματα,
534 3484 568 3552 τό
584 3484 681 3570 ὄνομα
696 3484 788 3570 μόνον
802 3492 957 3570 λαβοῦσαι,
980 3487 1103 3568 ὀνόματι
1121 3487 1214 3570 μόνον
1230 3493 1369 3572 Χριστοῦ
1385 3495 1447 3570 κλη-

286 3595 400 3664 θεῖσαι,
424 3588 475 3652 καλ
491 3586 560 3663 τοῦς
576 3586 694 3675 όλίγονς
711 3587 771 3656 α’πό
789 3597 842 3674 τῆς
855 3595 943 3667 θείας
957 3597 1077 3677 γραφῆς
1091 3589 1199 3675 λόγους
1216 3586 1445 3672 ῦποδεξόμειατ,

285 3691 336 3754 ίνα
357 3686 395 3753 δι’
416 3685 515 3754 αῦτοῖν
534 3697 646 3758 συνοῖσι
666 3690 721 3775 τῆν
741 3690 901 3777 όλῆθειαν,
932 3691 986 3759 ἐόν
1000 3694 1140 3760 θέλωσιν·
1171 3695 1198 3758 εί
1209 3693 1244 3758 δέ
1259 3692 1303 3775 μῆ
1321 3695 1446 3770 θέλοιεν,

286 3789 359 3856 ἄλλό
383 3787 585 3874 όνακόμψωσι
609 3792 686 3878 πρός
707 3793 760 3860 τόν
781 3793 917 3882 Ἡρώδην
941 3797 1200 3882 (παραγγέλλονται
1226 3792 1284 3880 γόρ
1313 3794 1358 3879 μῆ
1381 3796 1445 3862 ῦνα·

286 3895 431 3976 κόμπτειν
445 3892 522 3978 πρός
538 3891 684 3979 Ἡρόδην,
707 3895 779 3962 α’λίό
793 3895 830 3963 δι’
846 3896 933 3980 όλλης
948 3895 1023 3964 όδοῦ
1038 3895 1231 3978 α’φιιινεῖσθαι
1247 3899 1291 3974 είς
1307 3897 1367 3981 τῆν
1385 3901 1447 3964 δατ»

287 4002 347 4062 τῶν
366 4001 521 4082 πατρίδα)·
552 3996 604 4063 ἐόν
618 3998 650 4063 δέ
664 3996 706 4082 μῆ
723 3998 868 4083 ποιήσωσι
885 3999 921 4066 τό
937 4001 1188 4088 προςτεταγμένα,
1218 3997 1317 4084 μόνην
1332 4003 1447 4074 ἑαυτοῖς

287 4095 322 4163 τό
338 4098 468 4182 δόματα,
498 4097 540 4176 νίς
555 4103 678 4177 ἐκείνοις
700 4098 723 4184 ῆ
739 4105 865 4182 ἐλευσις,
894 4106 922 4168 εί
941 4101 1122 4186 ἀνέκαμψαν
1139 4099 1216 4187 πρός
1233 4101 1287 4168 τόν
1303 4100 1445 4188 Ἡρόδην,

288 4197 339 4265 διδ
356 4198 389 4267 τό
410 4198 522 4283 ὁμοίως
540 4201 592 4281 τός
605 4200 698 4282 αῦτός
715 4206 843 4292 αίρίσεις
857 4203 1096 4292 παραχαρόσσειν
1111 4211 1171 4271 τοῖν
1188 4209 1282 4272 θείων
1299 4203 1399 4293 λόγων
1413 4201 1446 4270 τό

287 4299 461 4388 διδάγματα.
1076 4329 1081 4340 ·

289 4467 387 4608 ,ὦτί
408 4477 520 4527 πιπίνειν
540 4483 573 4529 ατ
596 4481 652 4530 αλιι.
670 4481 753 4534 Ριίου.
772 4482 852 4532 σολον.
920 4481 943 4531 5.
961 4473 1120 4549 οἷπίοτρεψιι
1134 4483 1186 4534 οοδ.
1202 4483 1250 4533 lm.
1268 4481 1337 4550 (οισι
1351 4493 1445 4534 ταωνι
