3066 5016
311 242 447 294 rauaau
464 243 526 294 ura.
543 244 587 295 ιιι.
604 242 685 296 nour.
703 245 736 296 ιι.
754 240 852 296 uana.
869 242 995 294 nxxrx.
1086 261 1089 272 ·
1174 231 1240 296 45³

18 391 22 442 ι
83 373 127 428 ιιι·
141 363 294 430 admodum
317 383 356 428 ex
372 361 494 428 canonis
512 363 694 448 praescripto
709 373 755 428 est
770 384 804 428 ue
820 363 922 447 regula
938 363 1115 428 conaullum.
1160 361 1236 430 Prn-
1267 397 1354 442 m„

19 511 23 546 ,
82 476 177 551 preren
195 487 232 530 ne
249 471 449 548 loqur'qm'dem
466 471 496 528 e'rr
512 469 631 530 ecclesaie
646 469 776 540 mulceri,
809 475 858 530 aul
881 464 910 528 iu
934 465 1014 528 viros
1033 466 1236 534 auctoritatem
1282 450 1358 505 ¹⁴⁹⁸*

80 569 188 634 lubere
204 589 308 634 sacrae
323 568 427 632 literae
445 567 628 654 permittunt.
674 563 735 633 Sed
751 568 788 633 de
800 569 855 632 luo
873 578 932 632 toda
951 587 983 630 re
997 567 1080 652 plura
1095 569 1237 654 disputari

80 683 211 757 possunt.

18 819 23 858 ,
161 771 237 838 Illud
259 795 333 838 vero
359 773 515 857 diligenter
538 771 755 838 observandum
782 783 845 852 est,
885 772 980 836 sulum
1002 772 1235 840 diaconissarum
1256 775 1374 848 crplv.
1513 767 1514 774 ἵ

18 927 22 962 ,
79 877 200 940 officium
227 877 263 940 ad
287 876 519 942 ecclesiasticum
544 875 676 940 ordinem
704 875 905 940 necessarium
932 877 1042 957 luisse,
1077 899 1111 942 ae
1134 878 1238 944 viduas

79 979 191 1062 quidem
209 979 379 1043 nominatim
395 999 567 1064 expressas,
591 990 622 1043 et
637 979 716 1042 inler
730 977 808 1056 illas,
832 999 906 1062 quae
924 999 1000 1044 auus
1018 989 1132 1058 essem,
1155 1001 1238 1065 pres·
1370 1001 1373 1009 ·

18 1139 20 1168 ,
77 1081 191 1166 bytidas
207 1093 338 1160 voculas,
357 1101 504 1164 nunquam
520 1081 738 1167 presbyteridas
754 1089 804 1144 aul
820 1081 1034 1148 sacerdotissae
1047 1102 1113 1146 esse
1128 1083 1234 1148 lactas.

18 1219 20 1270 l
76 1181 154 1248 Nam
170 1204 264 1269 neque
279 1181 410 1248 diaconis
423 1183 538 1268 quidem
556 1183 628 1270 ipsis
645 1184 733 1248 ullum
752 1183 781 1246 in
800 1183 1002 1249 ecelesiaslieo
1020 1185 1123 1249 ordina
1137 1205 1237 1248 saera-

18 1341 19 1366 ,
77 1297 204 1350 meatum
222 1286 362 1371 perlicere
379 1286 567 1366 eorrcedilnr,
591 1287 643 1350 sed
660 1286 716 1350 lun
732 1287 884 1364 dumanal,
909 1297 942 1351 ιιι
959 1306 1060 1350 eorum
1077 1307 1152 1372 quae
1170 1307 1237 1372 per-

18 1443 19 1470 ,
76 1387 212 1452 liniuntur
239 1387 364 1454 ministri
390 1389 460 1452 sim.
508 1385 660 1454 lludenern
680 1388 769 1473 igitur
793 1407 898 1452 reeens
915 1387 964 1453 illa
987 1387 1072 1452 nobis
1090 1400 1135 1454 eal
1153 1389 1237 1455 exei-

76 1500 134 1553 lala
153 1491 269 1554 lalrulal
311 1489 396 1556 Unde
412 1490 458 1554 hin
476 1491 629 1556 mulierum
648 1489 759 1568 lautus,
782 1490 831 1554 vel
848 1490 999 1556 muliebris
1020 1491 1116 1576 potius
1134 1493 1237 1556 lurorl

75 1589 159 1658 Unde
184 1613 256 1656 veru
279 1593 407 1678 nequitia
425 1593 491 1672 illa,
524 1614 609 1678 quam
632 1593 728 1658 denuo
748 1593 854 1656 mulier
870 1593 923 1657 alic
939 1613 974 1657 ae
993 1593 1091 1672 luvet,
1123 1595 1236 1659 effemi-

74 1706 172 1758 natum
199 1693 275 1760 istud
302 1697 405 1780 dogma
430 1695 535 1762 animis
562 1694 709 1760 homiuum
733 1693 897 1773 instillans,
930 1717 964 1760 ac
981 1697 1130 1762 libidinem
1151 1718 1234 1762 suam

75 1818 247 1883 exequens,
279 1798 389 1862 infelici
410 1798 528 1883 generis
547 1797 664 1864 humaui
683 1808 805 1864 naturae
825 1798 882 1861 vim
900 1799 1010 1863 inferre
1030 1809 1171 1878 conatur,
1203 1811 1236 1864 ιιι

72 1901 262 1986 aprnposilo
281 1921 371 1984 scopo
390 1901 554 1965 desciscat?
599 1897 660 1964 Sed
684 1921 738 1964 nos
757 1898 821 1964 lubi
847 1901 969 1986 spiritus
985 1901 1051 1964 illos
1070 1902 1169 1966 animo
1186 1923 1235 1966 oa·

71 2003 205 2087 piamus,
236 2015 268 2067 et
289 2003 416 2067 athletae
435 2002 587 2067 fortissimi
602 2002 710 2067 robure
725 2003 807 2068 velun
824 2003 915 2068 armis
932 2003 1103 2080 induamur,
1134 2025 1170 2068 ac
1186 2025 1235 2068 re-

70 2125 183 2190 sponso
205 2105 283 2170 illius
308 2116 440 2184 alamur,
474 2110 616 2188 Terpnum
639 2127 695 2170 unu
719 2128 735 2166 e
756 2108 867 2168 stolidis
889 2107 1054 2168 mulieribus
1075 2109 1373 2194 locutum.1,1,‚2‚1„

70 2205 192 2272 Etenim
217 2228 314 2272 nenne
338 2207 480 2274 luriusunr
506 2208 575 2272 illud
599 2227 633 2272 an
655 2207 812 2272 vecordiae
828 2207 944 2293 plenum
963 2208 1068 2291 dogma
1087 2207 1235 2272 videbitur

68 2309 106 2374 iis
126 2313 177 2396 qui
195 2309 335 2375 diuinitus
357 2321 478 2396 accepta
501 2309 643 2396 sapientia
663 2310 785 2394 praediti
805 2311 894 2374 sunl?
937 2307 1047 2374 Nonne
1067 2309 1233 2376 institurum

68 2413 141 2478 illud
159 2435 224 2477 eum
248 2411 413 2477 idololatria
430 2413 616 2476 coniunctum
636 2433 670 2476 ac
692 2411 855 2476 diabolicus
877 2422 1000 2476 ennalns
1021 2412 1233 2478 existimandus

68 2517 138 2580 esd?
183 2513 260 2579 Nam
275 2515 409 2582 diabolus
426 2515 479 2580 sub
494 2514 624 2579 iustitiae
644 2513 743 2600 specie
761 2525 901 2600 perpetuo
918 2515 1066 2578 huminum
1086 2515 1233 2584 mentibus

66 2618 236 2705 obrepens,
266 2638 300 2681 ae
328 2618 478 2682 mortalem
501 2629 634 2682 naturam
655 2616 762 2680 divinis
776 2617 938 2680 honoribus
954 2637 1154 2696 consecrans,
1179 2615 1233 2682 hu·

66 2741 174 2792 manas
195 2720 306 2804 effigies
329 2721 517 2784 artificiorum
535 2719 680 2784 varietate
701 2719 858 2805 perpolitus
876 2718 1024 2784 huminum
1040 2719 1133 2784 oculis
1150 2719 1232 2785 obie-

65 2823 119 2889 eil.
170 2821 272 2906 Quare
292 2845 357 2888 curn
380 2822 421 2886 illi
447 2823 501 2908 ipsi
527 2823 575 2908 qui
598 2824 757 2888 adorantur
774 2822 880 2886 mortui
899 2823 978 2901 sind,
1009 2843 1110 2886 eurum
1133 2833 1233 2886 lamen

65 2926 249 3006 simulacra,
282 2945 357 3010 quae
381 2925 459 2989 vilae
477 2925 547 2990 nihil
567 2945 692 3009 unquam
709 2924 873 2989 habuerunt
895 2924 1097 3008 (nequeenim
1115 2936 1232 2990 mortua

64 3027 125 3092 diei
144 3037 269 3113 possunt
284 3029 332 3092 illa
348 3047 422 3113 quae
442 3049 589 3112 nunquam
609 3026 669 3092 vila
686 3027 815 3111 praedita
837 3026 971 3108 luerint),
995 3027 1146 3092 adoranda
1164 3047 1232 3112 pru·

63 3141 203 3215 ponunt,
235 3129 278 3196 sic
302 3141 334 3194 ιιι
357 3132 472 3196 animus
499 3129 645 3194 huminum
670 3129 706 3193 ab
732 3150 790 3195 uuo
808 3128 929 3213 soloque
947 3130 1003 3193 den
1025 3131 1140 3194 nelarie
1160 3151 1233 3214 quo-

63 3235 133 3298 dam
151 3233 297 3298 adulterin
313 3232 476 3310 desciscam
500 3233 582 3296 velul
599 3231 751 3312 merelrix,
777 3252 850 3315 qnae
866 3251 990 3316 corpore
1007 3253 1062 3296 suo
1077 3243 1231 3318 quaestum

62 3338 184 3400 laniena
201 3336 404 3421 multiplicibus
425 3336 608 3420 promiscuae
626 3334 745 3398 aeneus
761 3334 886 3397 stimulis
904 3333 1018 3419 agitur,
1044 3345 1073 3399 el
1092 3336 1178 3399 unius
1197 3355 1232 3400 ae

61 3437 194 3523 legitimi
210 3437 387 3502 matrimonii
407 3438 571 3500 castitatem
595 3437 739 3522 repudiat.
787 3431 928 3500 Sanctum
946 3448 1011 3500 erae
1028 3434 1144 3503 Mariae
1164 3458 1232 3502 eor-

61 3562 141 3628 pus,
170 3541 281 3619 laleor,
306 3549 476 3603 nontamen
494 3538 629 3602 drusilla
647 3539 712 3602 lull.
757 3535 868 3602 Eadem
887 3549 917 3602 el
933 3539 1018 3626 virgo
1037 3541 1153 3622 extitit,
1177 3539 1232 3604 rni-

60 3645 148 3708 nime
166 3653 262 3708 umen
278 3641 362 3706 uobis
381 3643 416 3706 ad
437 3641 615 3705 adorandum
635 3640 799 3726 proposita,
832 3642 884 3704 sad
903 3663 970 3706 eum
994 3644 1121 3709 adorans
1135 3645 1230 3727 ipsum

61 3747 112 3832 qui
134 3767 153 3809 e
167 3765 221 3810 aua
237 3765 326 3809 earne
342 3744 473 3830 genitus,
499 3765 514 3807 e
530 3745 614 3808 coelo
630 3767 665 3809 ac
679 3755 802 3829 paterno
814 3744 881 3808 sinu
898 3745 1103 3810 descenderat.
1128 3741 1229 3828 Quare

59 3859 204 3914 sanctum
219 3867 334 3934 quoque
352 3867 406 3911 uos
423 3847 608 3931 evangelium
624 3847 809 3932 praemunire
825 3848 936 3925 voluit,
960 3848 990 3910 in
1009 3869 1066 3932 quo
1084 3847 1123 3910 ila
1142 3842 1230 3911 curi-

58 3964 131 4018 slus
161 3950 307 4034 loquilurc
340 3953 416 4029 Quid
435 3953 507 4012 miae·
527 3961 555 4012 et
579 3951 634 4012 tr‘dr'
654 3953 776 4012 mulier?
819 3954 950 4014 Nondum
974 3953 1134 4013 reuellere
1153 3971 1223 4012 meu.
1236 3963 1369 4020 leaenae

57 4053 122 4120 Ubi
142 4052 254 4117 idcireo
271 4051 422 4118 mulierem
441 4053 615 4138 appellavit,
651 4056 726 4131 Quid
739 4056 824 4127 nardi,
858 4051 970 4138 iuquit,
995 4065 1025 4114 er
1040 4055 1095 4114 tr'dr'
1106 4055 1229 4116 mulier?

57 4179 99 4222 ne
121 4156 192 4240 quis
218 4155 331 4219 beatam
355 4155 498 4241 virginem
518 4155 741 4220 excellentioris
759 4155 883 4221 alieuius
899 4175 967 4220 esse
986 4164 1109 4219 naturae
1126 4156 1229 4220 erede·

54 4271 128 4338 ret,
165 4279 259 4343 enque
283 4259 426 4322 vocabulo
451 4258 535 4342 quasi
551 4257 717 4322 vaticinans
739 4259 775 4321 ad
792 4277 828 4322 ea
852 4257 1010 4322 schismata
1032 4257 1229 4344 haeresesque

53 4362 241 4428 refutandas
259 4382 330 4426 usus
348 4371 393 4426 eal
411 4383 483 4446 quas
499 4362 527 4426 in
545 4361 617 4425 orbe
634 4371 780 4426 lemarum
798 4361 866 4426 olinr
885 4361 1057 4426 excitandas
1079 4367 1229 4446 cognove-
