3072 5002
335 301 376 366 84
765 313 889 368 ειαστι
907 315 1077 368 εειειιιαα

333 432 419 496 λίωσέ
435 455 485 513 με,
516 429 575 515 πρό
592 432 624 497 δὲ
639 429 760 498 πόντων
776 436 864 521 γεννᾷ
882 457 934 515 με,
964 429 1028 498 όντί
1044 433 1097 515 μέν
1113 440 1180 512 τοῦ,
1206 429 1331 515 Ἀρχὴν,
1361 430 1495 517 ἐλαβενό

335 531 500 610 οίπόστολος
514 532 567 613 τό,
592 541 733 619 Προῖτος,
756 532 821 600 ῦντλ
839 535 872 600 δέ
888 543 956 614 τοῦ,
976 543 1073 625 Γεννᾴ
1092 559 1146 618 με,
1170 533 1221 614 τό,
1253 533 1363 613 Τόπος,
1385 535 1496 601 αἰντίῦί

334 644 389 703 τοῦ
402 636 473 704 όλου
490 634 568 719 όμσῦ
586 643 681 716 θτσῦ,
702 635 822 703 Ἕκτισέ
838 661 873 722 με
892 638 987 722 ἀρχὴν
1004 635 1084 706 όθοῖν
1100 635 1194 704 αὐτοῦ
1200 689 1209 718 ,
1241 639 1306 716 καλ,
1336 645 1437 728 Γεννςξ
1455 663 1491 721 με,

333 738 383 815 τό,
410 739 721 824 Πρωτότοκοςπαίσης
737 746 873 818 κτίσεως,
908 740 972 806 όντλ
988 743 1020 808 δὲ
1039 749 1107 820 τοῦ,
1139 738 1346 823 Ἐθεμελίωσε,
1379 741 1435 820 τό,
1455 739 1495 806 Ἐν

333 839 413 930 αῦτρῦ
431 846 554 926 ἐκτίσθη
571 843 607 908 τοί
622 841 729 924 πάντα,
752 842 818 910 οίντλ
836 845 868 910 a}
884 851 949 923 τοῦ,
971 842 1020 910 Δι’
1036 847 1124 926 ἐμοῦ,
1146 843 1194 922 τῦ,
1212 840 1279 908 Ἀπ’
1294 847 1423 922 αίῦνος,
1445 847 1491 908 εἴτε

332 942 456 1029 θρόνοι,
478 950 535 1012 είτε
550 945 736 1030 κυριότητες,
769 950 826 1012 είτε
848 944 950 1031 οίρχαί,
974 951 1030 1013 είτε
1047 950 1192 1027 ἐξουσίαι,
1222 945 1259 1011 τοί
1277 943 1377 1012 πιόντα
1390 944 1433 1013 δι’
1447 945 1492 1011 ου’·
1532 939 1533 968 ¹

331 1055 402 1128 τοῦ,
431 1053 484 1115 καί
510 1052 552 1125 είς
576 1048 669 1116 αῦτόν
692 1053 828 1116 ἔκτισται.
877 1049 1006 1116 Πόντων
1033 1042 1090 1116 οῦν
1113 1048 1190 1134 πρός
1210 1051 1288 1127 λέξιν
1311 1050 1494 1129 ἐξισαζόντων

331 1151 539 1234 ῦπσστολικῦν
565 1150 607 1230 οἷς
623 1151 658 1218 τοί
675 1151 759 1238 παρὰ
775 1160 829 1236 τῆς
844 1157 967 1234 σοφίας,
998 1155 1130 1219 τουτέστι
1151 1159 1204 1218 τοῦ
1219 1177 1250 1216 τε
1267 1150 1362 1236 ῦρχῆν
1375 1153 1454 1236 πρός
1466 1151 1493 1218 τό
1532 1147 1533 1208 ί

332 1261 475 1338 Προῖτος,
506 1257 557 1320 καλ
581 1265 635 1321 τοῦ
654 1263 749 1345 Γεννᾷ
776 1256 985 1341 πρωτότοκος,
1015 1258 1066 1322 καί
1093 1261 1186 1332 θτοῦ,
1206 1252 1327 1322 Ἕκτισέ
1347 1281 1384 1339 με
1406 1253 1493 1340 ἀρχὴν
1532 1247 1533 1252 ¹

329 1355 410 1424 όδιῦν
430 1357 524 1424 αῦτσῦ
549 1360 591 1436 είς
615 1361 686 1444 ἔργα
710 1357 819 1439 αῦτοῦ,
852 1358 929 1444 πρός
945 1357 995 1438 τό,
1028 1357 1228 1442 Πρωτότοκσς
1252 1357 1349 1441 πόσης
1367 1363 1493 1435 κτίσεως,

330 1458 393 1526 ῦντλ
410 1462 442 1527 δὲ
458 1469 527 1542 τοῦ,
548 1458 742 1544 Ἐθεμελίωσέ
756 1487 808 1544 με,
831 1461 881 1543 τό,
900 1462 954 1528 Ἐν
970 1459 1052 1551 αότςῦ
1067 1464 1208 1543 ἐκτίσθη,
1232 1461 1298 1526 ιἰντλ
1314 1462 1346 1526 ῦέ
1360 1469 1427 1542 τοῦ,
1451 1471 1491 1526 Δι’

329 1565 418 1643 ἐμοῦ,
444 1560 510 1640 4ως
527 1563 602 1648 πρός
618 1562 662 1644 τό,
685 1561 735 1631 Δι’
750 1563 857 1644 αῦτοῦ,
880 1591 1028 1648 φαυερον,
1051 1566 1102 1630 καλ
1124 1591 1143 1646 η
1134 1560 1300 1629 ἐἰκόν’
1265 1566 1376 1631 ουκέν
1391 1565 1533 1639 παθει,

328 1661 388 1732 αλλ’
403 1665 469 1731 ῦντλ
485 1674 556 1745 τοῦ,
582 1665 699 1753 Ἐγω’
679 1695 698 1750 η
714 1674 823 1749 σοφία,
852 1673 1062 1753 παρείληπται,
1096 1663 1196 1731 Καί
1172 1693 1213 1743 ως
1227 1695 1248 1749 η
1264 1671 1356 1748 σοφία
1372 1675 1430 1734 τοῦ
1447 1691 1490 1733 σο-
1532 1733 1533 1740 ,

329 1776 391 1849 φοῦ
410 1768 476 1845 υἱός
498 1769 586 1834 οῦσία
605 1766 725 1848 σῦσίας,
754 1770 851 1848 οότως
874 1799 893 1853 η
885 1768 1000 1836 ἐίκων
1026 1767 1129 1845 οόσίας
1152 1766 1242 1852 όμοία
1259 1773 1327 1835 ἐστί.
1372 1770 1431 1836 Διό
1445 1751 1533 1835 καλ

328 1869 417 1936 είκων
441 1871 555 1954 ἐνοήθη
581 1879 634 1938 τοῦ
659 1881 736 1939 θεοῦ
759 1872 879 1939 δτοῦ’
861 1899 1007 1957 αορατου,
1037 1871 1072 1949 ός
1094 1875 1227 1939 ἐστιν’
1193 1871 1267 1949 υιός.
1312 1874 1373 1936 Καί
1393 1875 1491 1955 ἐχομεν
1532 1887 1533 1894 ’

328 1974 564 2054 ἐξισαζουσας
529 2002 582 2052 τας
595 1979 684 2053 λέξεις
701 1974 815 2056 πόσας,
849 1974 915 2042 όντλ
932 1976 986 2059 μέν
1001 1982 1055 2040 τοῦ
1071 1982 1170 2057 σοφοῦ
1188 1974 1238 2054 τό,
1268 1975 1398 2053 Θεός,’
1381 2003 1449 2040 αντι
1439 1976 1490 2039 ῦέ
1532 1993 1533 2000 ’

325 2084 379 2161 τῆς
395 2083 506 2159 σοφίας
527 2076 579 2158 τό,
610 2075 730 2160 Είκοόν,
761 2079 828 2144 ῦντλ
852 2079 884 2145 δέ
909 2086 964 2144 τοῦ
985 2076 1088 2162 Ἀρχη,
1121 2083 1260 2163 Προῖτος,
1292 2075 1358 2144 οίυτί
1385 2079 1418 2144 ιλέ
1440 2087 1490 2144 τοῦ

326 2187 437 2274 Γεννρῖ,
460 2179 510 2262 τό,
537 2179 649 2262 Τόπος,
672 2178 739 2247 οίντλ
758 2182 790 2248 δέ
805 2180 877 2248 ῦλσυ
895 2178 986 2264 όμοῦ,
1016 2181 1114 2264 φαμέν
1135 2178 1223 2246 θοίντί
1241 2187 1311 2258 τοῦ,
1337 2176 1490 2265 ’Λρχήνό-
1532 2197 1533 2200 ’

325 2282 494 2350 ῦοῑναῦτοῦ
511 2287 605 2351 ἐκτισέ
620 2309 656 2367 με
673 2287 715 2360 είς
735 2286 806 2371 ἔργα
821 2284 933 2363 αὐτοῦ,
967 2287 1035 2364 καί,
1068 2289 1166 2374 Γτννᾷ
1181 2309 1232 2367 με,
1254 2282 1302 2361 τό,
1335 2281 1489 2364 Πρωτότο-
1532 2291 1533 2356 J

323 2413 377 2462 κος
390 2388 489 2470 πόσης
506 2393 642 2467 κτίσεως,
665 2383 732 2453 α’ντλ
747 2389 779 2453 δέ
794 2394 861 2467 τοῦ,
881 2376 1082 2469 ’Ἕθεμελίωσέ
1100 2410 1151 2468 με,
1180 2383 1231 2465 τό,
1249 2385 1303 2451 Ἐν
1318 2382 1401 2474 αῦτρῖ
1418 2387 1489 2451 ἐκτί-

323 2499 401 2571 σθη,
423 2490 488 2554 όντλ
508 2490 540 2555 δέ
558 2497 629 2569 τοῦ,
651 2487 700 2554 Δι’
716 2493 805 2572 ἐμοῦ,
833 2488 876 2555 To}
891 2489 988 2555 πάντα
1002 2487 1040 2554 δι’
1054 2485 1147 2555 αῦτοῦ
1160 2490 1211 2554 καὶ
1225 2490 1267 2564 είς
1282 2485 1383 2554 αῦτόν.
1429 2494 1488 2553 Φα·
1532 2483 1533 2548 ι

322 2589 408 2675 νερόν
425 2588 466 2667 αίς
483 2589 582 2658 είκόνα
598 2590 767 2670 όκοῦοντας
787 2589 839 2659 τόν
858 2590 926 2658 υίόν
949 2599 1004 2659 τοῦ
1024 2598 1102 2657 θεοῦ
1122 2598 1175 2656 τοῦ
1192 2588 1339 2674 ῦορότσυ,
1371 2593 1423 2656 καὶ
1438 2589 1487 2657 οῦ·

324 2719 383 2768 τως
399 2689 530 2771 α’ναιὸῦς
547 2700 723 2777 σοφίζεσθαι
742 2694 797 2780 τὴν
813 2693 875 2760 κατ’
891 2695 996 2761 οὐσίαν
1014 2691 1175 2776 ὁμοιότητα
1188 2700 1243 2758 τοῦ
1256 2697 1327 2760 υίοῦ
1344 2692 1420 2777 πρός
1432 2721 1484 2758 πα.
1532 2693 1533 2730 ³

322 2797 392 2879 τέρα
406 2799 638 2882 ἐπιχειροῦντας,
674 2805 758 2875 ’τοῖς
780 2805 872 2864 πᾶσιν
896 2800 1001 2884 ἐλέγχει
1022 2795 1256 2881 παραπεσόντας.
1303 2792 1350 2862 οό
1367 2796 1487 2871 Παῦλός
1532 2863 1533 2874 ,

199 2922 252 2968 1²⁸3·
261 2911 308 2957 ⁸⁵¹·
326 2904 381 2982 ε’γε
402 2897 509 2981 μόνος,
540 2899 611 2966 ῦλλοί
631 2903 682 2967 καλ
701 2899 759 2981 πρό
776 2900 883 2968 τοῦτον
898 2898 1051 2983 Ἰωάννης,
1081 2896 1290 2976 όυίόςόντως
1306 2903 1432 2984 βροντῆς
1449 2906 1486 2988 τῇ
1532 2917 1533 2922 ’

322 3003 417 3090 οἰκείᾳ
440 3011 664 3093 μεγαλοφωνίᾳ,
690 3003 804 3091 θόςπερ
823 3007 856 3070 ἐκ
873 3029 962 3070 τινων
977 3009 1107 3084 νεφελοῦν
1126 3008 1185 3068 τῶν
1201 3009 1254 3086 τῆς
1267 3007 1379 3084 σοφίας
1395 3005 1483 3086 αἰνιγ-

320 3101 436 3185 μοίτων,
468 3103 523 3190 τήν
544 3103 650 3190 εῦσεβη
669 3104 741 3191 ἡμῖν
763 3109 879 3173 ἐννοιαν
900 3113 954 3172 τοῦ
975 3109 1044 3172 υίοῦ
1072 3102 1148 3170 κατὰ
1169 3101 1222 3170 τόν
1243 3101 1350 3187 ὅμοιον
1370 3106 1483 3192 τρόπον

320 3203 441 3289 ιίνῆκεν.
551 3243 554 3250 ν

183 3631 250 3699 Κεφ.
267 3633 302 3704 η’,
397 3613 477 3699 ’Όρα
491 3615 547 3702 γῦρ
564 3616 610 3683 ῦτι
627 3621 678 3684 καλ
698 3617 789 3696 αῦτός
812 3617 993 3704 ίίέῦιῦοίχθη
1010 3618 1091 3708 παρὰ
1114 3629 1167 3705 τῆς
1193 3624 1315 3700 σοφίας,
1346 3627 1435 3686 ταῦτα
1453 3621 1485 3686 ἐν
1532 3685 1533 3692 ,

318 3724 360 3807 τςῦ
384 3716 454 3804 παρ’
478 3718 572 3784 αῦτοῦ
591 3724 770 3807 κηρυχθέυτι
792 3718 885 3804 ιἡμῖν
902 3723 1059 3813 εῦαγγελίρι
1081 3725 1303 3808 ’παραδέδωκε
1354 3730 1413 3806 Τῆς
1426 3721 1483 3808 γείρ

320 3827 440 3901 Σοφίας
457 3821 612 3904 είποῦσης,
627 3821 747 3890 ’Ἑκτισέ
764 3847 800 3903 με
817 3823 911 3908 ἀρχὴν
928 3823 1007 3892 όθιῦν
1029 3826 1138 3906 αὐτοῦ,
1171 3824 1220 3903 τό,
1240 3823 1290 3890 Ἐν
1306 3823 1396 3916 όρχῇ,
1425 3827 1482 3902 ἐξέ»

319 3933 409 4004 θετο,
432 3923 538 4002 είποίν,
559 3923 608 3989 Ἐν
621 3925 698 4014 ιἰρχῇ
714 3918 753 4008 ἦν
765 3924 784 3992 ό
797 3925 894 4012 λόγος,
917 3927 984 3993 ἄντί
997 3929 1028 3994 δὲ
1044 3935 1113 4007 τοῦ,
1127 3926 1245 3993 Ἔκτισέ
1260 3951 1311 4010 με,
1337 3931 1396 3993 Καί
1411 3925 1483 4002 θεός

318 4019 373 4109 ἦν,
403 4031 455 4094 ’ίνα
470 4027 512 4112 μή
530 4025 582 4095 τόν
599 4030 632 4094 ἐν
646 4034 806 4118 προφορᾷ,
840 4025 913 4095 ἄλλοί
930 4027 981 4095 τόν
998 4033 1029 4096 ἐν
1044 4027 1202 4097 ῦποσταίσει
1219 4033 1313 4118 παγίᾳ
1329 4027 1434 4114 dmm]
1448 4031 1481 4095 ἐκ

319 4129 431 4214 πατρός
444 4130 519 4199 θεόν
536 4131 625 4217 λόγον
641 4129 807 4216 νοήσωμεν·
832 4129 895 4197 α’ντί
911 4133 944 4198 δὲ
961 4140 1030 4212 τοῦ,
1057 4130 1176 4217 8Ἥρην
1192 4130 1259 4220 παρ’
1272 4133 1410 4218 4οῦτσῦ,
1435 4130 1479 4212 τό,

350 4301 375 4352 2.
395 4306 458 4354 Libri
474 4309 558 4357 hubent
574 4304 611 4360 τί
953 4309 977 4362 6.
996 4311 1061 4360 λίθοι’
1077 4311 1148 4372 υυίρο
1165 4303 1221 4362 οἱκτλ
1237 4307 1268 4364 θλ
1285 4310 1338 4364 τοῦ

351 4367 375 4420 3
396 4373 459 4421 ιίίπί
474 4377 557 4425 habent
574 4373 612 4428 τό.
952 4375 976 4428 7.
995 4380 1100 4427 Ρατίαττι
1116 4373 1175 4436 τοῦς
1192 4375 1274 4431 πᾶσιν

352 4438 376 4488 4.
396 4442 507 4500 δἀηιίοοτ
523 4445 681 4505 τεηιοααιλιιιπ
697 4455 744 4494 τιατ
756 4439 793 4504 τίς
808 4441 885 4510 πρός·
951 4447 976 4494 ὅ.
995 4447 1107 4508 Suspicor
1123 4442 1153 4499 δέ
1171 4443 1252 4512 μόνος

318 4505 376 4572 θεν,
399 4502 447 4564 τὸ,
466 4506 502 4560 Δι’
520 4511 597 4562 αὐτοῦ
615 4519 667 4562 τινι.
951 4507 1141 4566 flumbo*
1118 4529 1209 4581 αφτερ.

351 4574 439 4629 ατοῦ
457 4591 503 4628 σαι.
521 4579 557 4628 τί.
575 4580 660 4632 Ρτλαν.
