3082 5006
323 338 460 392 rauaau
477 339 540 390 ιιι.
554 339 599 390 ιιι.
614 337 697 390 rora.
712 337 731 390 r.
748 335 848 390 anea.
861 333 946 388 cxx.
1182 319 1223 383 ιι

70 457 269 543 episcoporum
295 458 344 542 qui
362 469 565 522 convenerant
585 457 803 542 subscriptione
824 456 1065 533 confirmaretur,
1096 453 1170 517 adeo
1193 463 1225 516 ut

69 559 137 622 Ario
151 551 309 643 profligato
324 579 393 622 rora
410 559 544 622 omnibus
562 560 633 622 bles
647 580 682 622 ac
701 558 817 621 sincera
839 557 1074 642 praedicantum
1098 554 1221 618 alterum

70 661 117 723 fuit
138 659 309 724 celebrandi
330 657 483 724 Pascbatis
505 662 540 725 ad
567 661 769 724 stabiliendam
790 669 920 723 nostrum
947 657 1075 720 omnium
1101 675 1225 719 coneor-

70 762 137 824 diaor
154 764 314 826 emendata
338 763 425 826 ratio.
473 759 645 848 iampridem
671 762 767 841 cain,
800 771 831 823 et
850 781 866 823 a
884 759 986 844 primis
1004 746 1096 841 nsqrre
1115 770 1226 843 tempo-

71 862 162 941 ribus,
194 863 300 927 rariae
326 863 355 926 iu
377 864 503 927 ecclesie
528 865 564 927 de
592 863 645 927 bac
663 862 850 926 solemnitate
873 858 1095 924 eorttroversiae
1114 880 1149 922 ao
1166 859 1226 922 dis·

70 965 217 1028 scariones
233 965 417 1043 extiterunt,
443 985 518 1050 quae
536 965 692 1050 quotannis
712 965 803 1027 risum
822 983 856 1025 ae
876 962 1029 1025 ludibrium
1047 961 1222 1024 afferebant.

71 1063 140 1128 Nam
164 1066 214 1130 alii
233 1067 360 1150 quodam
387 1067 585 1130 conterationis
607 1067 713 1129 ardore
738 1077 807 1128 ante
830 1065 1057 1141 hebdomadem,
1086 1062 1135 1124 alii
1159 1073 1225 1146 post

73 1167 275 1230 bebdomadenr
294 1167 425 1247 inibant,
456 1168 505 1231 alii
524 1167 766 1244 araterertebant,
799 1167 846 1230 alii
872 1165 968 1228 medio
994 1179 1143 1248 tempore,
1175 1161 1226 1226 atti

72 1279 210 1351 postremo
236 1268 432 1353 peragebant.
480 1267 537 1347 Et,
568 1281 600 1332 ut
624 1290 683 1332 troo
698 1268 789 1332 verbo
804 1269 915 1344 dicam,
945 1267 1066 1330 mirilico
1083 1265 1225 1350 quaedam

72 1381 127 1431 erat
143 1381 171 1432 et
186 1369 337 1432 laboriosa
359 1370 550 1454 perturbatio.
596 1368 663 1432 Nec
680 1369 748 1433 illud
773 1369 896 1432 eruditis
912 1368 1076 1431 bominibus
1094 1367 1225 1450 ignotum

74 1481 127 1546 ast,
156 1492 243 1555 qrram
270 1491 360 1556 saepe
383 1471 509 1536 diversis
524 1471 704 1554 temporibus
722 1472 757 1534 de
781 1471 858 1534 illius
876 1470 943 1534 lasti
961 1469 1132 1532 celebritate
1152 1465 1226 1531 varii

74 1572 287 1636 ecclesiasticae
318 1573 490 1657 disciplinae
527 1574 667 1636 tumultus
698 1593 733 1636 ae
765 1574 971 1635 contentiones
1001 1570 1123 1636 obortae
1153 1571 1224 1649 sint,

75 1673 236 1756 praesertim
257 1671 416 1759 Polycarpi
436 1695 477 1738 aa
504 1673 635 1738 Victoris
661 1684 776 1751 aetate,
809 1695 874 1736 enm
895 1669 1065 1737 Orientales
1087 1671 1123 1734 ab
1139 1668 1227 1736 (loei-

75 1775 228 1838 dentalibus
255 1773 362 1838 divulsi
389 1777 522 1859 paullinus
552 1797 568 1839 a
593 1796 626 1839 se
651 1774 776 1838 invicem
804 1775 904 1838 literas
929 1774 1023 1838 nullas
1044 1773 1224 1859 acciperent.

77 1871 151 1956 Quod
178 1878 257 1940 idem
289 1887 320 1939 et
342 1876 409 1940 aliis
437 1877 616 1962 temporibus
643 1877 767 1954 arcidit3
803 1876 883 1940 volut
904 1875 1068 1939 Alexandri
1097 1873 1226 1960 episcopi

77 1977 282 2054 Alexandrini,
308 1988 339 2040 et
353 1974 534 2054 Crescentii,
558 1979 798 2062 quemadmodum
816 1988 917 2040 contra
932 1997 966 2040 se
984 1987 1083 2039 mutato
1100 1975 1227 2060 scripse·

78 2077 127 2139 not
148 2091 176 2141 et
192 2080 345 2144 acerrime
363 2079 568 2164 pugnaverint.
616 2077 702 2163 Qrtae
727 2078 841 2163 quidem
864 2078 1027 2142 animorum
1046 2077 1229 2160 opinionum·

79 2199 124 2260 que
146 2181 319 2258 distractio,
351 2201 390 2244 ex
410 2202 468 2264 quo
492 2181 584 2243 semel
610 2191 675 2264 post
692 2182 846 2264 episcopos
865 2179 931 2242 illos
947 2179 995 2262 qui
1019 2198 1058 2240 ex
1076 2177 1229 2240 eircumci-

79 2280 150 2342 sioae
166 2303 201 2344 ao
218 2279 395 2344 ludaeorum
411 2292 492 2345 secta
509 2283 543 2344 sd
561 2279 711 2346 Christum
728 2301 798 2345 sese
814 2289 1021 2342 contrecteraut
1039 2278 1141 2361 agitari
1160 2298 1228 2341 coe·

80 2380 123 2462 pit,
144 2383 176 2444 ad
193 2395 299 2446 costra
320 2403 411 2466 usqne
429 2394 559 2468 tempora
579 2384 681 2446 eodem
699 2393 745 2447 est
759 2393 863 2445 tenore
879 2383 1030 2466 perducta.
1078 2379 1229 2463 Quamob-

80 2500 131 2544 reon
152 2485 198 2566 qui
224 2497 287 2548 tum
310 2485 346 2546 ad
374 2483 539 2548 Nicaerram
562 2487 706 2570 synodum
739 2485 866 2568 undique
884 2483 1106 2559 corrduxeraat,
1131 2502 1163 2544 re
1179 2502 1229 2544 ac-

82 2595 166 2646 curate
190 2586 312 2670 eogrdta
338 2585 484 2648 ccornnmi
512 2586 548 2648 ab
572 2586 707 2649 onrrtibus
731 2587 905 2664 concordia,
944 2597 1032 2670 atque
1058 2605 1098 2647 ex
1123 2584 1229 2647 idonee

83 2693 228 2769 temporum
253 2691 473 2770 computatione
495 2697 524 2750 ct
547 2687 676 2765 cateno,
701 2687 907 2750 celebrandum
931 2707 997 2750 esse
1020 2695 1198 2749 statuerunt.

152 2785 282 2851 Audiani
300 2809 372 2850 uero
388 2790 422 2850 ad
438 2788 601 2850 institutum
613 2811 697 2851 suurn
714 2789 856 2871 quandam
872 2809 912 2851 rx
923 2788 1132 2873 Apostolorum
1149 2783 1229 2850 Corr-
1248 2789 1309 2856 cap.
1321 2787 1357 2838 X·

83 2886 219 2951 stitutione
237 2889 443 2952 autaturitatem
464 2891 696 2952 accommodant.
722 2887 782 2971 Qui
802 2890 876 2952 liber
893 2890 1007 2951 tametsi
1028 2889 1131 2952 dubiae
1155 2887 1229 2972 apud

84 2991 222 3054 nonnullos
249 2991 315 3052 lidoi
342 2991 398 3066 sit,
433 3012 491 3053 non
513 3003 672 3052 esttamen
690 2992 909 3074 irrrprobandns.
955 2989 1031 3053 Nam
1050 2990 1078 3052 iu
1096 3011 1132 3053 eo
1153 3009 1227 3072 qrrue

84 3089 112 3148 ad
136 3092 277 3154 eeclesiae
301 3091 483 3174 disciplinam
512 3091 638 3154 attinent
663 3094 760 3154 omnia
787 3093 1092 3176 ooarprrbcnduntnr,
1131 3109 1229 3174 apeqtre

86 3189 220 3273 quicquam
238 3204 289 3256 arnt
316 3195 346 3255 ia
375 3192 429 3256 fide
448 3213 483 3254 ao
500 3193 645 3256 catholica
662 3193 850 3278 professione
872 3195 1079 3278 depravatum,
1112 3203 1163 3254 ant
1181 3211 1230 3254 eo·

87 3289 177 3354 clasiae
192 3293 441 3357 administrationi
465 3315 499 3356 ne
525 3294 651 3356 decretis
667 3297 846 3357 constrariom
865 3295 1028 3356 eorttincrrt.
1075 3289 1135 3357 Sed
1154 3292 1230 3376 quod

86 3391 115 3450 at
129 3391 214 3457 locum
230 3396 310 3459 illum
326 3396 450 3473 attinet,
483 3397 559 3458 urrde
577 3415 659 3458 suam
674 3397 711 3456 de
729 3397 866 3480 pascbate
885 3397 1061 3458 sententiam
1082 3395 1231 3460 allirnrare

86 3505 229 3573 conantur,
262 3496 339 3558 lauare
356 3496 397 3557 illi
417 3517 567 3582 perperam
585 3497 834 3581 interpretantur,
867 3506 897 3558 ct
914 3497 949 3559 ad
969 3496 1098 3560 alienum
1110 3518 1229 3561 sensum

87 3610 130 3672 per
149 3595 293 3660 inscitiam
320 3599 487 3660 traducunt.
534 3595 652 3660 Etenim
674 3597 797 3684 apostoli
820 3596 919 3661 inilia
945 3595 1165 3663 Corrstitutione
1190 3599 1230 3661 itu

87 3691 226 3760 debriant:
259 3695 342 3774 Vos,
366 3699 517 3782 inquiunt,
542 3709 705 3783 tenrpornm
722 3698 852 3762 rationes
870 3721 907 3762 oe
922 3701 1094 3778 subducite,
1124 3700 1175 3763 sed
1193 3719 1231 3762 co

89 3801 202 3879 tempore
222 3799 371 3863 celebrate
396 3821 454 3883 quo
479 3802 587 3863 iratres
610 3798 703 3864 vestri
726 3801 774 3886 qui
798 3822 838 3864 ert
862 3801 1086 3866 circumcisione
1116 3801 1231 3884 prodie-

89 3905 159 3974 ruat,
188 3921 254 3963 cum
272 3900 308 3962 iis
322 3901 418 3983 itaqrm
434 3899 548 3965 Paseba
568 3901 713 3984 peragite.
757 3899 827 3964 Non
848 3904 1046 3988 praecipiunt,
1072 3899 1141 3984 Quo
1157 3913 1230 3965 tcm-

91 4013 147 4074 pore
169 4001 276 4064 iratres
300 4002 392 4064 vestri
415 4003 462 4085 qui
489 4002 517 4064 in
536 4001 759 4065 circumcisione
781 4015 867 4082 sunt,
901 4006 952 4067 sed
971 4001 1030 4086 Qui
1049 4025 1088 4066 ex
1104 4004 1229 4068 circum-

91 4093 184 4162 cisione
200 4102 390 4184 prodiernnt3
421 4114 452 4165 nt
470 4103 535 4165 illos
554 4103 633 4186 ipsos
650 4103 820 4182 declarent,
845 4107 892 4187 qui
911 4107 945 4166 ad
963 4106 1121 4168 eeclesiam
1139 4128 1154 4168 a
1172 4105 1230 4168 cir·

92 4200 250 4266 concisione
270 4203 444 4266 transierint
461 4224 498 4266 ex
517 4225 554 4266 eo
566 4203 706 4288 deinceps
726 4215 857 4290 tempore
875 4207 965 4269 duces
981 4217 1012 4269 ιι
1027 4217 1165 4271 auctores
1188 4209 1231 4272 in·

93 4301 176 4378 turos,
199 4314 287 4388 utque
306 4305 340 4366 ad
361 4305 483 4368 aliorum
503 4304 707 4368 summitatem
724 4306 918 4390 adiungerent
936 4326 1021 4384 sose,
1048 4329 1084 4370 ne
1104 4310 1152 4373 alii
1171 4310 1229 4373 alio

93 4402 202 4482 leupone
226 4407 390 4470 obeundum
418 4405 473 4469 sibi
495 4404 610 4472 Pascha
633 4409 800 4470 crederent.
848 4407 932 4470 Harae
956 4409 1034 4472 enirn
1053 4431 1168 4473 omnnem
1188 4410 1230 4473 illi

93 4514 175 4565 curam
189 4527 222 4568 ιι
238 4507 416 4592 diligentiam
437 4509 614 4594 impendisse
631 4508 784 4588 videatur,
818 4519 846 4570 ut
864 4529 965 4596 pacem
988 4532 1023 4576 au
1041 4511 1229 4578 omroordiaua
