3042 5016
299 308 437 362 Pdellll
455 309 517 360 le.
531 309 576 360 lll.
594 309 676 362 TOM.
694 310 714 360 l.
732 308 834 360 flaute
852 309 975 360 txxvt
1154 296 1214 362 311

142 427 264 496 Coniut.
285 429 418 492 xxxttt.
463 425 550 511 Quod
565 427 728 514 ingenitum
746 428 870 508 dieitur,
904 429 933 491 iu
952 430 1090 492 confesso
1109 439 1156 494 est
1172 429 1218 494 sui

69 533 162 597 oollam
181 531 288 596 babere
307 551 463 609 caussam,
487 530 720 615 quandoquidem
740 553 827 595 unum
842 529 976 614 idemque
992 541 1039 594 est
1055 529 1215 616 ingenitum

69 633 299 714 elaborandum,
332 632 375 696 sic
393 645 424 696 ut
441 633 621 697 adoraudum
640 634 675 696 ab
692 632 883 698 adorantibus
902 645 1088 697 secernatur.
1135 631 1218 697 ato-

67 738 146 801 randa
163 757 251 823 porro
269 736 386 802 trinitas
405 747 468 816 est,
502 756 578 822 quae
596 735 699 799 eadem
717 744 748 798 et
768 736 864 799 unitas
880 745 942 815 est,
973 745 1005 799 et
1021 727 1085 798 uno¹
1098 736 1217 800 nomine

67 839 266 925 comprehensa
292 839 408 903 trinitas
434 838 614 924 appellatur,
651 849 752 924 pater,
785 837 860 900 lilius
885 847 915 900 et
938 837 1059 923 spiritus
1080 849 1214 902 sanctus.

65 937 141 1024 Quae
165 943 280 1027 quidem
300 942 375 1026 quod
400 961 485 1006 suurn
505 950 551 1004 est
572 962 629 1003 non
650 952 787 1024 tauquam
811 939 938 1004 alienum
956 939 986 1003 in
1006 939 1104 1025 seipsa
1123 939 1217 1004 conti·
1263 1001 1265 1009 ,

66 1053 122 1122 oet,
145 1045 196 1108 sed
220 1055 419 1129 corrgroenter
446 1054 557 1129 patrem
585 1041 661 1106 lilius
685 1063 745 1106 non
764 1042 895 1120 creavit,
927 1043 979 1106 sed
1000 1041 1113 1125 genuit.
1160 1039 1217 1106 llic

64 1146 191 1210 animab
216 1147 279 1232 ipso
302 1167 420 1231 semper
443 1146 579 1230 gertitore
603 1144 746 1230 procedit.
791 1141 878 1210 Unde
902 1143 978 1208 filius
1004 1144 1041 1207 ab
1066 1144 1215 1208 existente

63 1259 135 1312 ortos
150 1260 213 1329 est3
238 1259 270 1313 ut
288 1258 317 1312 et
334 1248 455 1333 spiritus
472 1257 611 1327 sauctus,
636 1247 684 1331 qui
702 1247 818 1332 abipso
841 1247 1001 1332 processit3
1025 1267 1090 1310 eom
1107 1246 1137 1310 in
1156 1268 1215 1311 una

60 1360 86 1412 et
104 1351 234 1416 increata
258 1350 461 1436 singularitate
487 1347 604 1412 trinitas
625 1349 687 1435 ipsa
712 1349 872 1428 consistat,
906 1355 1006 1412 cetera
1023 1369 1096 1412 vero
1118 1351 1215 1414 omnia

60 1451 91 1514 ab
106 1454 207 1518 eadem
226 1453 274 1518 illa
291 1452 421 1516 trinitate
437 1473 453 1516 e
471 1451 562 1516 nihilo
579 1461 734 1538 procreata
752 1452 823 1516 sint.
869 1449 918 1515 Ex
937 1473 996 1537 quo
1011 1451 1042 1514 fit
1059 1459 1092 1515 ot
1114 1451 1215 1537 singu-

60 1553 121 1618 laria
143 1554 193 1619 illa
218 1556 334 1620 trinitas
359 1575 434 1618 uuna
455 1555 494 1619 sit
517 1554 608 1634 deos,
640 1564 723 1640 pater
748 1563 779 1616 et
795 1553 871 1617 lilius
896 1563 924 1616 et
942 1551 1062 1638 spiritus
1080 1564 1212 1618 sanctus.

59 1651 136 1738 Quae
159 1678 220 1722 non
245 1659 326 1724 volut
351 1657 477 1722 alienum
503 1657 578 1742 quod
602 1677 686 1720 suurn
708 1668 754 1720 est
777 1656 806 1720 iu
825 1655 983 1741 semetipsa
1008 1656 1138 1735 obtinet,
1169 1656 1215 1720 in·

58 1769 168 1838 creata,
193 1760 341 1845 ingenita,
366 1781 425 1823 non
449 1759 608 1838 fabricata,
632 1757 767 1836 trinitas,
799 1759 937 1842 iuquam,
962 1779 1021 1822 non
1042 1760 1135 1838 laeta,
1160 1759 1212 1823 sed

58 1860 182 1942 iaciens,
216 1873 445 1926 concreaturae
463 1881 570 1924 nornen
588 1862 617 1925 in
635 1881 703 1924 sese
720 1861 937 1946 complectens,
970 1861 1022 1925 sed
1038 1881 1212 1946 procreans,

55 1981 125 2042 una,
151 1985 211 2028 nou
227 1965 338 2050 plures.
384 1967 413 2027 Α
436 1985 492 2049 qua
518 1965 650 2050 prolecta
670 1973 739 2027 sunt
754 1963 870 2043 omnia,
903 1983 978 2050 quae
996 1973 1028 2027 et
1044 1964 1214 2050 multiplicia

54 2076 134 2143 root,
170 2086 266 2150 oeque
289 2087 354 2130 cum
375 2077 632 2130 annumerantur.
679 2062 781 2149 Quare
801 2086 896 2150 neque
914 2085 1098 2129 communem
1122 2085 1213 2152 quan·

55 2167 113 2230 dam
131 2179 267 2234 naturam
286 2189 351 2233 cum
367 2167 588 2254 incomparabili
604 2168 735 2233 essentia
754 2169 930 2254 participare
956 2167 1103 2231 dicuntur.
1148 2166 1214 2232 Ne·

53 2291 103 2352 que
119 2283 221 2336 creata
237 2271 388 2358 quaepiam
405 2281 508 2334 natura
523 2271 553 2335 iu
569 2271 667 2335 divina
684 2271 733 2334 illa
746 2269 1015 2357 comprehenditur.
1062 2266 1123 2334 Sed
1138 2269 1212 2334 baec

55 2374 180 2438 omnium
203 2375 305 2459 opilea
319 2385 381 2453 est,
415 2393 571 2458 quaecum
593 2372 813 2460 incomparabili
835 2393 869 2436 ac
886 2372 1028 2458 singulari
1045 2373 1154 2458 patris,
1179 2374 1212 2437 li·

51 2471 96 2551 lii,
124 2474 305 2561 spiritusque
329 2475 423 2541 sancti
443 2486 548 2540 natura
564 2477 593 2540 in
613 2476 743 2541 eiusdem
770 2475 953 2541 substantiae
976 2477 1212 2540 communionem

52 2577 149 2641 uenire
176 2589 338 2663 nequeunt.
385 2576 640 2662 Quemadmodum
660 2577 688 2643 ei
711 2577 845 2663 quidem,
880 2578 927 2642 eui
945 2578 984 2642 sit
1004 2578 1139 2643 veritatis
1159 2577 1212 2641 ob-

50 2675 104 2741 lata
122 2679 271 2766 cognitio,
304 2681 457 2766 perspicue
479 2679 543 2767 ipsa
569 2680 710 2745 declarat.
753 2677 902 2745 Nimirum
918 2680 1010 2744 solam
1028 2680 1122 2766 ipsam
1141 2680 1211 2744 ado·

49 2780 165 2846 randam
185 2802 271 2861 csse,
295 2804 354 2847 noo
371 2793 538 2850 ceterarum
559 2803 657 2848 rerum
674 2783 838 2868 quiepiam3
863 2803 928 2846 enm
946 2784 1054 2868 etipsa
1073 2784 1137 2847 sola
1154 2801 1210 2846 suo

48 2880 74 2942 in
97 2885 220 2948 nomine
243 2885 391 2970 baptizet,
416 2896 583 2949 ceterorum
607 2885 756 2949 autemid
780 2885 889 2950 nullum
914 2885 1012 2949 laciat.

128 2985 213 3050 Aelii
229 2985 326 3073 Caput
341 2990 474 3052 xxxtv.
521 2985 555 3052 Si
581 2987 744 3053 substantia
767 2987 863 3051 omnis
888 2987 1020 3072 ingenita
1042 2997 1106 3066 est,
1139 2985 1211 3050 nihil

47 3106 61 3146 a
80 3089 259 3153 seinvicem
283 3091 337 3152 bac
355 3101 495 3175 exparte
519 3090 672 3170 dillereot,
705 3090 781 3175 quod
801 3099 906 3154 neutra
927 3089 1119 3154 dominationi
1140 3088 1210 3153 sub·

47 3185 119 3252 lecta
150 3190 191 3254 sit
216 3191 349 3256 alterius.
404 3190 506 3276 Quare
528 3192 645 3276 quinam
667 3192 804 3256 affirmari
830 3201 944 3278 potest,
977 3193 1208 3270 mutationem,

45 3290 168 3356 alteram
189 3303 320 3373 motare,
352 3315 416 3358 curn
435 3295 490 3357 deo
510 3293 629 3358 minime
652 3293 838 3379 permittant,
872 3305 903 3358 ot
922 3293 1058 3359 exnolla
1077 3293 1209 3358 subiecta

44 3393 211 3460 substantia
235 3396 434 3482 producator?

128 3494 254 3561 Conlut.
288 3501 419 3562 xxxw.
474 3496 616 3584 Quisquis
645 3497 800 3563 veritatem
832 3499 1012 3585 oppugnavit
1038 3499 1207 3585 aliquando,

46 3600 160 3664 voculis
185 3600 356 3684 quibusdam
377 3601 412 3666 ad
430 3599 616 3664 iniioiendarn
642 3599 864 3665 admirationem
887 3601 1037 3680 collectis,
1071 3602 1107 3666 ad
1123 3621 1209 3666 ever·

46 3703 129 3764 tenda
156 3722 243 3766 sacra
268 3705 402 3788 dogmata
424 3703 647 3788 impressionem
673 3705 771 3767 lacere
788 3704 871 3768 visus
890 3714 952 3783 est,
983 3715 1071 3790 atque
1093 3704 1208 3768 avitae

43 3805 163 3868 tramite
185 3805 350 3883 dedocere,
385 3825 419 3870 ae
437 3805 595 3891 perniciem
615 3807 744 3870 adferre.
791 3803 878 3890 Quod
899 3807 1006 3871 Atilius
1023 3805 1108 3869 modo
1125 3803 1207 3883 iacit,

46 3905 249 3987 quicumboc
270 3907 412 3993 incapite
433 3909 502 3971 nibil
527 3909 647 3972 onrnino
671 3909 764 3986 dicat,
798 3909 965 3975 rudioribus
990 3919 1086 3971 tamen
1110 3910 1207 3972 lucum

45 4007 165 4084 lacere,
191 4029 226 4072 ac
242 4020 356 4074 terrere
372 4011 509 4088 videtur,
534 4010 636 4074 eadem
657 4014 691 4075 ad
710 4011 856 4075 fastidium
876 4030 968 4095 osque
984 4018 1140 4095 repetens,
1173 4031 1209 4074 ac

44 4111 219 4176 vocabulum
241 4112 329 4192 illud,
352 4115 428 4197 qood
445 4111 603 4178 identidem
620 4133 853 4177 commemorare
871 4113 964 4191 solet,
990 4113 1045 4176 boc
1060 4112 1126 4176 loco
1141 4131 1209 4198 per·

42 4233 144 4296 peram
170 4235 328 4300 usurpans.
387 4213 478 4300 igitur
506 4237 564 4278 non
594 4215 758 4279 substantia
787 4215 882 4278 omnis
909 4215 1072 4302 sapientum
1099 4214 1207 4280 iudicio

43 4326 185 4379 censetur
200 4317 348 4400 ingenitae
381 4317 488 4402 alioqui
512 4317 589 4383 nulla
609 4338 667 4380 non
685 4317 783 4381 diviua
801 4325 993 4382 statueretur.
1039 4313 1115 4383 Cum
1133 4338 1207 4403 ergo

73 4485 99 4536 Ἰ.
119 4481 232 4552 dorcade
249 4503 330 4552 supro.
645 4486 758 4554 λογοιτο,
783 4491 835 4542 aad.
858 4491 906 4544 len.
927 4492 1001 4546 ded.
1021 4493 1098 4558 pene.
1122 4491 1207 4552 baclo-

73 4553 99 4605 3.
118 4557 163 4606 Str
176 4557 249 4607 edidit
262 4561 342 4608 remo.
368 4559 426 4608 cod.
443 4559 540 4622 llbedlp.
554 4556 611 4610 fleo·
644 4561 720 4628 peirn
