3042 5016
267 251 405 305 eumantt
422 251 485 304 tte.
500 253 543 304 lll.
557 251 639 305 nott.
653 253 674 303 l.
691 251 793 305 unus.
808 253 928 304 Lxxvn
1112 241 1170 305 291

31 371 153 454 trinitas,
178 393 252 457 quae
268 370 419 456 dignitatis
433 391 504 436 snae
522 369 708 458 appellationi
725 371 829 456 ruique
844 381 1043 437 consentanee
1060 393 1177 458 semper

31 475 132 539 existit.
176 473 254 539 Nam
272 473 450 560 peripsam,
474 485 504 537 et
520 495 579 538 uon
599 484 704 553 extra,
728 495 803 558 quae
823 475 898 538 laeta
917 485 1002 553 sunt,
1034 495 1099 538 enm
1116 495 1176 538 nou

30 587 138 656 essent,
175 561 314 662 producta
340 586 421 640 sunt.
467 577 535 640 ldeo
566 596 662 660 neque
687 576 769 640 solus
796 596 849 661 per
869 597 937 640 sese
963 587 1045 662 pater
1069 597 1175 641 eaussa

28 688 66 740 ost
84 679 267 742 conditarum
291 699 409 758 rernm,
442 679 494 742 sed
514 687 597 764 pater
615 689 645 742 et
674 677 750 741 lilius
767 689 797 740 et
821 678 941 763 spiritns
962 689 1082 742 sanetus
1108 700 1175 763 pro-

28 782 132 844 ereavit
154 781 263 846 emnia.
309 777 396 863 Quod
418 781 444 844 si
460 779 574 844 alienus
599 791 679 844 esset
694 780 788 859 filius,
820 790 907 864 atque
927 779 1102 866 aprineipio
1121 802 1176 845 suo

29 883 148 946 nondum
173 883 308 947 existens
331 882 475 967 originem
501 881 668 960 habuisset,
701 903 766 946 enm
794 881 902 944 oomnis
926 881 1060 946 omnibns
1082 882 1120 946 nb
1140 903 1176 946 eo

29 987 168 1067 proleetus
184 985 315 1068 aequalis
332 995 415 1050 esset
432 983 584 1063 omnibus3
607 984 684 1047 unde
699 993 730 1046 et
745 983 817 1046 deus
836 1005 894 1047 nou
912 984 1099 1068 generando,
1123 985 1177 1048 sed

28 1086 201 1170 procreando
216 1085 389 1172 prineipium
403 1086 573 1166 haberetur,
597 1086 719 1169 lienique
734 1106 792 1149 non
809 1096 907 1170 posset
922 1086 1045 1171 amplius
1056 1097 1088 1150 ιιι
1099 1107 1176 1151 nnus

27 1190 136 1269 genitus
152 1210 187 1253 ae
203 1189 298 1268 lilius,
330 1200 429 1252 eetera
454 1209 527 1252 sero
545 1197 698 1252 creaturae
721 1188 909 1266 dicerentur,
941 1191 992 1252 sed
1015 1188 1064 1254 vel
1080 1189 1177 1254 omnia

25 1291 105 1372 geniti
123 1293 243 1356 nomine
261 1289 500 1372 continerentur,
529 1291 578 1354 rel
601 1290 680 1352 lilius
702 1289 765 1375 ipae
784 1290 904 1374 perinde
922 1311 958 1354 ao
975 1301 1074 1355 cetera
1093 1311 1177 1355 erea-

27 1402 81 1456 tura
101 1392 269 1471 diceretur,
301 1413 397 1476 neque
415 1391 568 1477 quiequam
584 1390 614 1455 in
633 1413 669 1454 eo
689 1401 771 1455 esset
788 1391 947 1471 eximium
980 1414 1045 1457 enm
1062 1393 1117 1456 ltao
1136 1411 1177 1457 ex

26 1509 116 1577 parte,
150 1497 226 1580 qnod
244 1515 283 1558 ex
300 1495 391 1558 niltilo
407 1495 566 1579 productus
584 1495 678 1574 leret,
712 1513 786 1558 unus
810 1493 861 1558 ille
877 1517 943 1558 eum
961 1493 1069 1558 esteris
1089 1495 1176 1559 adae·

25 1609 159 1678 quaretur
174 1598 325 1678 omnilnep
350 1596 424 1660 adeo
440 1605 474 1660 nt
491 1617 549 1660 non
565 1597 652 1659 modo
670 1596 767 1680 angeli
785 1617 848 1660 eum
868 1597 1021 1660 conditore
1038 1617 1074 1660 ae
1093 1617 1175 1661 eren·

24 1707 80 1762 tore
95 1721 154 1764 suo
169 1701 258 1764 unieo
275 1698 322 1763 dei
337 1695 419 1776 irlio,
443 1697 495 1761 setl
513 1707 546 1762 et
562 1697 695 1762 hemines
714 1707 743 1762 et
758 1699 884 1783 penedes
901 1700 1117 1783 adaequentur,
1141 1720 1176 1764 ae

24 1811 114 1865 oetera
138 1823 212 1886 quae
235 1801 272 1866 al
293 1801 371 1864 illias
393 1810 496 1865 natura
520 1819 555 1863 ne
575 1800 717 1884 dignitate
739 1800 856 1866 inlinito
879 1801 1036 1866 intervallo
1053 1801 1174 1866 distent.

24 1897 109 1986 lgitnr
126 1905 205 1968 lilius
220 1903 355 1967 existens
370 1923 434 1966 enm
450 1900 600 1966 existente
613 1911 696 1987 patre
711 1915 850 1966 aeternus
865 1912 922 1983 est,
947 1903 983 1966 ab
1001 1913 1095 1988 eoquo
1109 1904 1176 1967 aine

26 2015 167 2090 tenpore,
192 2026 251 2068 non
268 2026 285 2068 e
302 2004 413 2084 nihilo,
438 2003 489 2068 sed
505 2024 544 2068 ex
561 2004 626 2089 ipso
642 2025 675 2068 re
689 2025 760 2068 vera
776 2005 911 2088 genitus,
935 2015 1038 2089 estque
1054 2005 1176 2091 spiritus

24 2107 79 2170 eins
94 2117 217 2172 sanetus
234 2107 270 2171 ab
286 2105 364 2171 illius
379 2116 484 2170 natura
500 2127 558 2170 non
574 2106 700 2186 alienus,
724 2126 819 2191 neque
837 2107 916 2171 velut
932 2105 1090 2170 adiumenti
1107 2128 1176 2191 gra·

24 2207 73 2288 tie,
96 2222 129 2274 ut
155 2209 259 2273 Aetius
282 2208 451 2287 existimat,
475 2229 493 2271 a
514 2209 570 2272 deo
592 2219 790 2293 comparatus.

98 2311 183 2376 Aetii
203 2307 300 2396 Caput
315 2307 438 2374 xxlv.
485 2307 519 2375 si
538 2309 701 2394 ingenitum
725 2311 851 2396 privatio
867 2311 1008 2396 quaedam
1034 2321 1097 2388 eet,
1129 2321 1175 2374 est

23 2421 110 2477 autem
137 2413 262 2498 privatin
287 2412 453 2476 alleotionis
477 2411 616 2491 amissio,
644 2411 767 2476 amissio
788 2433 876 2499 porro
898 2415 1015 2498 penitus
1038 2433 1055 2477 e
1077 2413 1174 2476 medio

23 2515 144 2595 tollitur,
176 2525 226 2579 aut
253 2515 283 2578 in
307 2515 432 2578 alterum
453 2523 667 2595 eommutatnr‚
700 2535 825 2599 quonam
845 2527 932 2600 paeto
953 2516 1109 2580 allectione
1127 2515 1176 2578 illa

23 2625 189 2682 transeunte
204 2627 256 2682 eut
271 2627 427 2703 pereunte,
450 2615 505 2681 hoe
519 2627 568 2680 ost
580 2616 704 2702 ingeniti
718 2607 924 2703 appellatione,
948 2617 996 2682 dei
1011 2617 1176 2684 substantia

22 2720 296 2804 eognominalnitnrl

100 2820 226 2889 Coolnt.
245 2817 368 2886 XXIV.
414 2818 448 2886 Si
465 2841 543 2886 nune
558 2823 681 2907 primum
699 2833 760 2886 ate
778 2823 930 2900 statuis,
955 2821 1038 2904 deti,
1063 2833 1176 2909 tempo-

21 2923 96 2990 ribus
114 2935 199 2990 senta
220 2924 256 2988 de
276 2925 332 2988 deo
346 2923 447 3010 opinio
464 2924 522 2989 tuis
538 2945 578 2988 ex
596 2924 774 3010 syllogismis
792 2930 838 2988 est
854 2924 889 2988 ad
907 2925 1037 2988 eiusdem
1052 2927 1175 3010 gloriam

21 3025 218 3110 honoremque
229 3026 410 3111 deprompta,
428 3027 668 3111 quemadmodum
683 3035 771 3090 antea
786 3027 938 3111 professus
952 3047 997 3106 es,
1016 3048 1074 3113 ego
1089 3050 1174 3111 rere,
1239 3105 1246 3114 ,

21 3129 64 3211 qai
79 3131 226 3194 adversas
243 3138 290 3206 te,
314 3129 370 3192 deo
386 3129 566 3214 opitulante,
591 3129 718 3214 disputo,
743 3129 844 3194 eadem
862 3148 938 3213 quae
951 3139 983 3193 tn
999 3130 1073 3196 dinis
1090 3153 1177 3196 nsum

21 3251 86 3314 pare
106 3243 231 3318 potero,
264 3251 329 3294 num
352 3233 540 3314 antiquorum
567 3252 655 3294 nemo
676 3241 735 3294 tam
760 3231 790 3294 in
808 3241 911 3296 vetere
936 3253 1022 3317 quam
1045 3233 1074 3297 in
1097 3256 1177 3299 nevo

21 3345 212 3413 testamento,
244 3332 309 3396 sire
326 3351 366 3396 ex
381 3332 541 3417 apostolis,
571 3335 637 3396 sire
661 3353 701 3396 es
719 3332 868 3418 prophetis
891 3335 931 3397 ita
948 3335 1092 3415 senserit,
1125 3345 1177 3400 tuo

20 3445 45 3498 te
68 3436 180 3501 indicio
208 3435 256 3500 sel
282 3435 347 3520 ipsa
373 3435 428 3500 deo
451 3435 695 3520 praestantiorem
718 3455 807 3516 esse,
846 3446 877 3500 et
906 3435 943 3500 ab
968 3455 1071 3502 errore
1097 3437 1177 3502 omni

20 3550 174 3603 rennntou.
220 3535 339 3601 Etenim
364 3537 470 3602 abste
494 3537 635 3622 primunr,
666 3548 696 3601 et
722 3559 763 3602 eu
790 3538 845 3601 hoo
866 3548 998 3624 ternpore
1023 3540 1114 3620 deus,
1147 3549 1179 3604 ut

19 3661 154 3706 exerere
176 3639 304 3720 rideris,
329 3649 408 3704 tuum
426 3639 494 3703 illud
512 3639 683 3704 dialeetieee
705 3639 873 3706 subtilitatis
895 3640 1066 3721 artificium,
1096 3641 1179 3706 velut

20 3745 162 3825 quendam
189 3741 255 3806 fidei
272 3761 344 3805 suae
362 3724 563 3806 decessionem
580 3741 705 3824 adierit,
736 3753 769 3807 nt
785 3753 853 3829 puta
872 3753 963 3808 totam
982 3744 1061 3808 illam
1079 3743 1178 3829 dispu-

20 3842 157 3910 tationem
175 3846 211 3909 de
228 3842 351 3929 ingeniti
366 3840 549 3930 privelioue,
573 3845 667 3931 deque
683 3847 785 3932 genito
801 3867 836 3910 ao
852 3845 887 3910 de
907 3843 1074 3911 allectionis
1089 3847 1178 3910 amis-

20 3948 100 4012 sione
127 3949 279 4034 perlaeta,
310 3947 375 4010 sive
397 3948 644 4029 *commutationm
675 3969 709 4014 ae
730 3951 767 4013 de
792 3949 984 4034 appellatione
1002 3948 1068 4027 dei,
1103 3966 1178 4031 qnae

20 4051 202 4116 substantiae
216 4048 308 4135 ipsius
323 4047 471 4114 triluitur.
506 4045 625 4114 Etenim
642 4072 700 4116 uon
718 4050 840 4130 ideireo,
865 4050 940 4135 quod
959 4051 1031 4114 deus
1048 4049 1179 4114 omnium

19 4166 82 4236 past
95 4155 217 4218 noienm
241 4155 330 4218 iliam
349 4151 534 4238 suspiritum
558 4162 691 4218 sarnetum
711 4162 884 4238 preereator
902 4153 958 4230 sit,
990 4173 1031 4216 ex
1048 4152 1179 4216 condita·

18 4272 78 4320 rnna
97 4275 199 4322 rernm
216 4253 439 4336 constitutione,
462 4267 513 4320 aut
528 4273 629 4321 eorum
649 4274 723 4340 quae
738 4255 844 4320 absunt
860 4276 876 4318 a
892 4255 947 4320 deo
963 4252 1101 4341 privatio,
1126 4268 1179 4320 aut

48 4423 72 4480 l.
91 4431 203 4480 Portam
220 4425 353 4494 sedime-
648 4423 673 4478 6.
699 4425 804 4493 κτίστην
821 4429 891 4478 redd.
907 4441 962 4480 orn.
986 4433 1007 4478 et
1030 4426 1084 4479 edit
1101 4431 1178 4492 prere

48 4498 72 4547 5.
89 4491 256 4564 ἅλογιστικῆι
272 4497 323 4548 red.
337 4496 435 4559 illudio.
615 4491 720 4564 κτιοτήι
737 4496 792 4547 eeu
811 4497 894 4549 Petne.

898 4583 974 4650 19*
