3060 5026
292 333 354 402 396
716 349 1024 404 ειινστιιιειειιινιι

292 462 393 548 ψυχὴν
413 462 469 548 εἶχε
485 463 539 550 τὴν
555 463 762 551 ἀνθρωπελαν,
792 467 828 533 οῦ
846 467 964 544 πάντας
982 465 1042 534 ἀπό
1061 471 1116 534 τοῦ
1131 464 1199 546 νοός
1218 469 1446 554 τ’γχμαλωτεόετο.

292 570 336 632 El
346 566 403 654 γάρ
417 565 435 634 ό
448 565 521 634 κατά
532 569 624 651 φάσιν
636 572 713 636 ἴδιον
725 577 800 636 νοῦν
813 572 990 655 κεκτημένος
1003 569 1167 650 ἀπόστολος
1177 573 1229 639 τόν
1242 572 1446 660 ἀνθρώπινον,

291 671 342 738 καλ
364 668 417 736 τόν
441 673 473 737 ἐκ
495 679 679 756 συμμετοχῆς
702 677 816 758 δωρεάς
839 675 889 738 καλ
912 677 1091 760 χαρίσματος
1110 677 1161 740 καλ
1181 674 1315 764 χάριτος,
1348 674 1447 743 οάκὲτι

290 771 365 842 κατά
388 771 440 839 τόν
456 780 530 840 νοῦν
546 771 599 840 τόν
619 777 698 840 λ’διον
714 772 912 856 ἐπολιτεύετο,
942 771 1001 840 ἀλλ’
1017 773 1236 868 ῦπερβαινοάση
1254 781 1310 846 τινλ
1327 777 1447 860 φάσεως

291 872 391 966 ἀγωγῇ
407 883 447 965 τῷ
463 883 595 962 Χριστοῦ
609 883 651 967 νρλ
664 887 882 960 κατεκοσμεῖτο,
903 875 988 966 πόσφ
1004 903 1037 964 γε
1051 886 1161 961 μᾶλλον
1175 877 1195 947 ό
1208 879 1281 958 θεός
1295 880 1397 968 λόγος,
1419 883 1449 948 όν

290 980 385 1068 ἑαυτῷ
399 981 473 1062 ἔχων
484 978 538 1062 τήν
551 987 651 1046 πᾶσαν
662 978 836 1064 τελειότητα,
858 980 1039 1058 αῦτοτόλειος
1052 980 1104 1064 ἀν,
1127 981 1274 1061 αῦτόθεος
1289 981 1342 1064 οῦν,
1361 984 1460 1074 τοῦτο·Ι

293 1079 436 1165 δάναμις,
462 1079 649 1164 8αῦτόνους,
675 1079 855 1165 3οότόφως,
886 1085 936 1148 καλ
952 1090 1006 1149 τοῦ
1025 1089 1082 1150 νοῦ
1097 1087 1149 1150 καλ
1165 1083 1277 1162 παντός
1291 1091 1378 1151 4τοῦ
1394 1085 1449 1152 σό-

292 1209 385 1267 ματος
405 1182 560 1271 πληρωτὴς
576 1186 704 1270 ἐγένετο,
736 1191 845 1269 μᾶλλον
861 1186 894 1251 δὲ
908 1183 1073 1269 τελειωτής,
1104 1189 1156 1252 καλ
1171 1189 1204 1254 ἐν
1220 1186 1313 1254 άπασι
1330 1187 1384 1255 διδ
1399 1197 1449 1272 τῆς

275 1286 387 1352 ἀὐτοῦ
411 1287 557 1373 ἒνσάρκον
583 1291 748 1375 παρουσίας
773 1283 845 1370 ἡμῖν
867 1287 901 1354 τό
928 1286 1074 1375 σωτήριον
1097 1287 1297 1376 ἐξειργάσατο,Ι
1352 1298 1449 1377 Παρε-

290 1391 408 1456 νετιτέον
423 1394 524 1456 τολνυν
538 1389 591 1457 τόν
605 1397 742 1457 τοιοῦτον
754 1390 856 1476 λόγον,
879 1388 920 1474 μή
937 1393 1039 1474 ἔχοντα
1054 1395 1183 1475 ἔμφασιν
1196 1395 1265 1478 περὶ
1281 1401 1336 1476 τῆς
1352 1393 1449 1460 τοιαῦ-

290 1518 342 1576 της
364 1489 553 1574 ὑποθέσεως,
583 1495 635 1560 καλ
657 1494 850 1580 παρενεκτέον
874 1490 907 1558 τό
933 1490 975 1576 μὴ
1002 1489 1157 1579 ὁμολογεῖν
1181 1493 1279 1560 πάντα
1303 1497 1400 1566 τέλεια
1421 1499 1449 1562 ἐν

293 1602 425 1685 Χριστοῦ,
449 1593 521 1662 ἀνευ
536 1591 687 1682 άμαρτλας.
734 1594 839 1661 Πάντα
856 1594 911 1681 γάρ
929 1596 1082 1680 ἀληθινῶς
1098 1599 1235 1679 ἐποίησεν
1253 1594 1391 1663 ἔλθοόν’
1370 1626 1389 1664 ο
1404 1597 1449 1664 λό-

291 1725 357 1784 γος,
386 1725 424 1763 τα
414 1696 682 1784 προγεγραμμένα
699 1699 771 1785 περλ
794 1697 914 1764 ὅαὐτοῦ
930 1706 1061 1780 τελειων,
1090 1697 1166 1764 κατά
1182 1726 1216 1765 το
1209 1698 1448 1786 γεγραμμένον,

285 1797 404 1866 ’mod-⁹
382 1827 401 1884 η
418 1802 572 1886 παρθένος
594 1802 626 1865 ἒν
643 1802 745 1886 γαστρλ
761 1803 833 1880 ἕξει,
862 1802 913 1866 καλ
931 1828 968 1867 τα
959 1800 1034 1886 ἐξῆ
1035 1828 1064 1878 ς·
1094 1803 1126 1868 ἒν
1140 1797 1268 1890 άληθελα
1286 1805 1450 1888 ἒγιινμονη-

291 1904 375 1979 θεις,
398 1900 503 1969 καλ’
466 1930 522 1969 ουκ
537 1905 570 1969 ἐν
586 1901 719 1986 δοκησει,
741 1903 1016 2032 συλλαμβανόμεγος
1031 1907 1063 1970 όν
1078 1905 1179 1990 γαστρλ
1195 1907 1227 1970 δν
1240 1903 1386 2034 α’ληθελρι,
1409 1908 1450 1972 lv·

290 2009 394 2088 δημων
413 2008 499 2092 σαρκλ
515 2009 548 2072 ἐν
566 2005 702 2094 ἀληθείᾳ,
725 2003 820 2092 σάρκα
834 2007 908 2089 ἔχων
922 2009 971 2070 καλ
990 2004 1090 2090 ψυχὴν
1105 2008 1138 2072 όν
1152 2003 1287 2096 ἀληθείᾳ,
1310 2010 1363 2073 καὶ
1380 2015 1451 2073 νοῦν

291 2110 324 2174 δν
337 2105 477 2198 ἀληθείᾳ,
510 2108 561 2173 καλ
577 2106 675 2173 πάντα
690 2111 719 2172 ελ
727 2111 757 2173 τό
771 2109 830 2174 ἔστι
847 2106 1012 2196 ἀνθρωπος
1028 2112 1059 2176 ἐν
1076 2107 1221 2197 άληθελφ,
1251 2111 1344 2194 χωρλς
1360 2107 1451 2194 ἀμαρ-

290 2214 362 2287 τλας.
407 2213 468 2276 Καλ
483 2212 692 2298 γεγεννημένος
706 2211 740 2276 ἐκ
754 2219 940 2298 παρθενικῆς
954 2210 1065 2295 μήτρας
1078 2214 1130 2277 καλ
1143 2209 1229 2297 άγλας
1243 2215 1406 2298 παρθένου
1420 2215 1451 2279 ἒν

290 2312 434 2402 ἀληθείᾳ,
464 2313 521 2379 οῦκ
543 2316 576 2380 λιι
600 2315 768 2397 σπέρματος
789 2311 914 2399 ἀνδρός,
944 2317 977 2380 ἐν
995 2314 1122 2403 ἀληθελμ
1142 2315 1175 2380 δὲ
1189 2313 1286 2400 σάρκα
1309 2317 1387 2398 ἔχων
1403 2316 1450 2380 καλ

289 2415 390 2500 ψυχήν
405 2417 457 2481 καλ
472 2422 561 2495 νοῦν,
591 2413 633 2492 ολς
649 2419 744 2498 ἔφην,
774 2418 825 2482 καλ
843 2414 893 2482 διά
908 2423 966 2482 τῶν
980 2423 1139 2483 τοκειικοῦν
1155 2415 1259 2501 πόρων
1273 2419 1308 2482 ἒν
1324 2412 1451 2504 άληθελρ

293 2515 537 2605 0εὑρισκόμενος,
567 2519 618 2584 καλ
638 2521 670 2583 ἒν
683 2516 782 2608 φάτνη
800 2520 833 2584 ἐν
850 2515 976 2608 ἀληθείᾳ
994 2517 1269 2606 σπαργανοόμενος,
1303 2515 1366 2586 όπό
1384 2527 1450 2584 Μα-

289 2625 356 2707 ρλας
371 2619 601 2705 βασταζόμενος,
624 2621 676 2686 καλ
694 2623 725 2687 ἒν
742 2618 885 2711 Λίγόπτρο
905 2619 1131 2706 κατερχόμενος,
1153 2623 1204 2686 καὶ
1220 2618 1274 2686 ἀπ’
1291 2620 1451 2708 Αλγόιττοα

288 2723 542 2809 μεταφερόμενος,
563 2725 616 2790 καλ
632 2727 674 2801 εἰς
690 2724 825 2805 Ναζαρὲτ
840 2721 1105 2808 ἀναστρεφόμενος,
1127 2725 1178 2789 καλ
1195 2722 1382 2816 ἕνἸορδάνη
1398 2751 1449 2790 πα·

289 2825 498 2914 ραγενόμενος,
519 2827 569 2892 καλ
588 2823 649 2892 ῦπό
667 2823 805 2893 Ἰωάννου
820 2825 1049 2910 βαπτιζόμενος,
1071 2827 1122 2892 καλ
1138 2823 1198 2892 ἀπό
1217 2825 1376 2908 Διαβόλου
1392 2851 1450 2891 πει.

289 2930 465 3015 ραζόμενος,
486 2931 539 2994 καλ
555 2927 694 3012 μαθητάς
711 2925 900 3014 ἐκλεγόμενος
916 2931 949 2994 ἒν
964 2928 1106 3017 ἀληθείᾳ,
1128 2930 1180 2994 καλ
1195 2915 1350 3010 βασιλείαν
1365 2926 1451 3014 οῦρα·

154 3061 205 3108 ρας.
219 3049 277 3096 lm.
290 3041 352 3098 νῦν
367 3032 512 3118 κηρύξας,
536 3029 577 3108 σός
591 3030 628 3097 τά
645 3031 742 3096 πάντα
757 3033 789 3096 όν
807 3029 932 3119 άληθελρι
949 3028 1126 3115 εῦρλσκεται,
1149 3027 1209 3097 ῦπό
1227 3056 1257 3096 τε
1274 3030 1384 3120 Ἰοόδμ
1400 3057 1450 3096 ιτσ-

289 3135 497 3222 ραδιδόμενος,
530 3136 581 3200 καὶ
607 3131 666 3200 ἀπό
691 3131 843 3200 ’λουδαλων
866 3131 1156 3217 συλλαμβανόμενος,
1181 3137 1304 3223 Ποντλφ
1328 3133 1449 3221 Πιλάτρ

289 3237 541 3325 προςφερόμενος,
564 3239 615 3303 καλ
630 3234 682 3301 ἀπ’
696 3235 792 3302 αὐτοῦ
804 3235 928 3325 θανάτῳ
944 3235 1201 3320 κατακρινόμενος,
1225 3242 1346 3324 σταυρῷ
1361 3263 1451 3321 παρε-

289 3340 454 3423 διδόμενος,
477 3347 580 3422 Λιμοῦ,
602 3341 703 3426 λόγων,
726 3338 793 3404 δότε
809 3364 862 3421 μοι
883 3347 972 3416 πιεῖν,
995 3340 1027 3404 όν
1046 3340 1182 3427 ἀληθείᾳ,
1203 3335 1367 3420 λαμβάνων
1385 3338 1450 3416 ὅξος

289 3441 360 3526 μετά
375 3448 476 3526 χολῆς,
497 3441 672 3527 γενόμενος,
695 3443 745 3506 καλ
764 3443 865 3525 μηκέτι
885 3440 980 3507 ποτόν
997 3442 1202 3525 προςιέμενος,
1225 3448 1348 3529 σταυρῷ
1365 3466 1451 3526 προς-

289 3543 490 3632 πηγνάμενος,
522 3547 554 3611 ἐν
567 3543 693 3634 ἀληθείᾳ
715 3542 846 3629 κράζων,
874 3541 957 3622 Ἠλὶ,
986 3542 1049 3627 ιὶλλ,
1083 3549 1186 3626 ’λημῦ
1205 3546 1395 3628 σαβαχθανλ,
1423 3545 1451 3607 ἐν

188 3664 192 3672 ’
290 3646 417 3737 ἀληθεληι
432 3652 540 3713 κλίνων
558 3647 613 3730 την
626 3645 772 3729 κεφαλὴν,
794 3648 843 3711 καλ
862 3648 1008 3726 ἐκπνέων,
1032 3649 1063 3712 ἐν
1078 3646 1205 3735 άληθελμ
1222 3643 1255 3711 τό
1274 3653 1361 3728 σῶμα
1381 3653 1451 3711 ἐν·

289 3751 507 3836 θαιροῦμενος,
529 3751 580 3815 καλ
598 3748 824 3832 λαμβανόμενον
839 3750 871 3814 ἐν
890 3747 1028 3837 ἀληθεία,
1049 3751 1101 3814 καλ
1116 3749 1303 3830 ἑλισσόμενον
1318 3745 1381 3814 ῦπό
1401 3753 1450 3812 τοῦ

288 3852 415 3936 Ἰωσήφ,
445 3854 497 3918 καλ
522 3854 555 3918 ἐν
580 3850 708 3934 μνήματι
733 3853 890 3933 τιθέμενον
906 3852 939 3916 ἒν
957 3847 1098 3940 άληθεόηι,
1128 3855 1204 3940 λόθφ
1219 3850 1448 3933 ἠσφαλισμόνον,

289 3956 500 4040 κατερχόμενος
526 3957 556 4021 δν
573 3953 693 4037 θεότητι
717 3952 771 4019 σῦν
789 3960 871 4042 ψυχῇ
887 3955 929 4030 ελς
944 3949 1039 4043 ᾅδου,
1067 3955 1118 4018 καλ
1134 3952 1213 4018 λάων
1230 3955 1450 4036 πεπεδημένους

291 4061 322 4125 ἐν
336 4055 457 4148 ἀνδρείρι
469 4059 519 4124 καλ
537 4061 569 4124 όν
582 4057 715 4141 δυνάμει,
738 4054 932 4144 ἀνερχόμενος
944 4053 1019 4132 θεός
1038 4055 1142 4142 ’λόγος
1156 4053 1212 4122 σῦν
1222 4063 1308 4146 ψυχῇ
1321 4065 1359 4146 τῇ
1371 4054 1448 4143 όγόφ,

323 4335 348 4384 2.
367 4337 441 4417 Vulgo
458 4329 583 4395 αῦτονοῠς
919 4331 942 4384 6.
961 4335 1074 4414 δυεμίορτ
1089 4326 1258 4398 ἑλισσόμενος.
1277 4335 1449 4384 Patavium·

325 4401 349 4454 3.
367 4397 485 4468 αότοφῶς
502 4407 537 4454 τό.
554 4406 629 4465 princ
888 4403 971 4452 ιὀιελιοε
984 4397 1147 4481 τικτόμενος,
1169 4401 1302 4450 Getam
1316 4403 1376 4482 opp.
1395 4401 1448 4448 orit

325 4469 349 4522 λ.
367 4473 410 4522 τοῦ
428 4475 505 4522 omiss.
523 4475 549 4522 iu
566 4474 604 4524 ισ.
623 4475 705 4524 Ρελαν.
721 4473 802 4522 Calon.
818 4484 856 4522 τι·
886 4471 979 4533 μελίλ.
998 4464 1195 4552 ἐκπορευόμενος
1211 4471 1248 4519 vel
1265 4463 1433 4533 διοισόμενος

290 4546 337 4604 pet.
919 4535 943 4590 7
962 4537 1047 4603 λημᾶς
1062 4532 1189 4606 α’βαχθανλ
1203 4537 1271 4586 codd.
1288 4551 1344 4588 τετε
1359 4540 1448 4596 mut

326 4609 350 4660 5.
368 4603 446 4661 αῦτοῦ
463 4609 500 4658 εδ.
517 4609 597 4658 Ριλον.
886 4609 907 4656 ιλ
920 4607 957 4656 ιδ.
973 4609 1067 4670 μεῖνα,
1083 4609 1119 4656 υλι
1134 4607 1215 4656 τολιτιλ.
