3068 5008
480 211 590 286 iuuari
608 232 736 288 aranu.
1126 217 1186 284 753

73 355 95 406 in
109 353 231 422 scripturis
249 371 299 404 non
323 353 479 422 reperiatur,
503 363 587 405 tamen
624 351 726 404 Doridis
735 351 809 404 sedes
819 351 887 419 regia
896 349 994 402 sublata
1006 367 1038 402 ex
1052 367 1103 418 qun
1117 350 1187 402 Chri·

73 439 101 491 sd
122 456 214 490 sensnm
238 438 375 506 scripturae
399 437 589 505 intelligendum
657 449 709 488 stus
728 436 863 490 bethleemi
880 446 919 488 est
936 447 1008 487 natus
1027 439 1085 486 118.

73 524 227 576 necessarium
246 528 303 575 188.
625 521 727 574 Doridis
741 521 814 589 sedes
830 521 898 590 regia
916 540 960 590 per
979 521 1070 574 Christi
1085 537 1189 590 regnam

44 611 111 662 Cares
135 609 198 678 apud
225 607 405 662 Alexandrinos
433 607 512 660 cultos
529 612 588 658 444.
658 606 707 658 luit
723 607 749 658 in
766 607 898 660 ecclesiam
915 607 1035 661 translata
1052 610 1109 658 118.

72 695 203 758 (Addend)
625 693 727 744 stidis
743 693 932 746 tabernaculum
942 709 1072 762 resurgere
1088 691 1147 763 quid
1157 693 1190 746 sit

43 781 145 842 Corium,
161 779 386 832 Alexandrinorum
398 778 519 847 templum
531 782 590 828 444.
659 781 717 830 1158.

72 865 204 934 (Addend.)
626 863 1190 933 Decimatioquidadumbraretapudludaens

43 952 129 1020 Corpus
150 950 284 1004 hominisa
301 951 350 1002 den
369 950 403 1001 ad
424 967 525 1001 omnem
540 949 591 1001 bn-
661 955 701 1001 10.

72 1047 185 1089 neruum
199 1055 253 1088 esse
269 1046 393 1100 creatum,
411 1035 461 1086 imo
477 1045 504 1086 et
522 1051 593 1085 usum
627 1035 675 1086 Dei
691 1053 786 1088 summa
803 1035 938 1088 liberalitas
955 1035 981 1088 in
1001 1053 1074 1088 omne
1091 1045 1190 1090 creatu

71 1123 105 1174 rei
133 1140 250 1176 venereae
277 1121 309 1173 ad
335 1121 376 1172 dei
398 1122 473 1173 decus
502 1119 593 1172 referri
661 1139 742 1172 rarum
758 1139 836 1190 genus
854 1125 912 1173 959.

73 1214 126 1261 289.
483 1254 488 1266 ,
628 1209 657 1258 ln
667 1206 716 1258 deo
732 1207 793 1258 nihil
806 1218 844 1258 est
856 1207 923 1276 prius
941 1207 981 1259 rol
993 1206 1117 1276 posterius
1132 1211 1190 1260 stu.

41 1297 129 1364 Corpus
157 1293 247 1346 Christi
273 1310 319 1361 per
343 1309 447 1360 panum
476 1289 594 1342 frumeuti
630 1293 708 1344 Deum
732 1311 747 1344 a
772 1291 938 1362 potestatibus
961 1310 992 1344 ac
1014 1292 1192 1363 principatibus

71 1379 238 1432 adumbratum
259 1381 316 1430 191.
336 1407 369 1418 -
402 1375 468 1428 idem
492 1375 594 1428 omniuo
662 1378 755 1428 victum
780 1395 830 1430 nnn
857 1379 933 1430 inisse
959 1378 1080 1447 probatur
1105 1389 1193 1432 contra

73 1467 117 1516 luit
134 1475 188 1532 post
205 1463 428 1524 resurrectionem,
455 1461 596 1530 quoderat
664 1463 823 1515 Manichaeos
842 1468 899 1516 641.

72 1553 127 1603 dum
144 1551 238 1600 vireret
255 1553 312 1600 1108.
632 1549 685 1599 Deo
702 1548 790 1600 melius
805 1561 844 1600 est
861 1549 939 1612 nihil,
956 1567 987 1602 ao
1003 1549 1109 1618 proinde
1125 1549 1194 1618 quod

41 1637 131 1706 Corpus
140 1634 230 1688 Christi
242 1652 292 1686 non
305 1633 354 1685 fuit
367 1632 540 1701 imaginarium
551 1629 597 1682 sed
664 1633 744 1685 simile
766 1645 806 1686 est
827 1634 863 1686 illi
880 1635 991 1686 omniurn
1011 1646 1049 1686 est
1071 1637 1194 1703 optimum

73 1724 243 1775 rerum1003.
261 1750 293 1760 -
318 1728 406 1771 contra
423 1717 597 1773 Manicbaeuns
666 1723 722 1772 sta.
740 1750 772 1760 --
805 1719 830 1770 in
848 1719 896 1771 deo
913 1737 969 1771 esse
985 1718 1132 1779 affectiones
1144 1721 1195 1771 ins·

72 1807 131 1859 ibid.
666 1805 734 1874 pium
759 1817 797 1857 est
821 1805 906 1857 dicere
924 1810 981 1856 058.
1000 1834 1034 1844 -
1073 1806 1134 1858 deus
1157 1817 1196 1858 est

40 1895 133 1962 Corpus
149 1893 246 1945 animae
263 1890 388 1942 vinculum
407 1907 457 1942 non
476 1905 530 1940 esse
549 1887 598 1938 de-
665 1890 823 1959 omnipotens
836 1891 939 1942 ibid-
957 1891 1079 1960 passionis
1094 1901 1134 1944 est
1149 1909 1194 1944 ex·

72 1989 221 2030 monebatur
237 1981 296 2028 869.
666 1994 724 2045 pers
741 1977 766 2027 io
784 1976 928 2044 generando
946 1981 1003 2028 sot.

39 2065 134 2134 Corpus
158 2062 284 2132 depositio
303 2062 381 2115 instar
406 2060 476 2128 1311,
505 2069 532 2110 et
557 2074 600 2110 cur
636 2064 715 2114 Deum
729 2080 780 2113 non
795 2061 874 2114 rideri
890 2079 1054 2130 equaquam,
1072 2062 1197 2114 Christum

72 2151 109 2202 ita
125 2154 181 2202 808.
668 2158 751 2200 umen
767 2164 813 2215 per
830 2165 930 2214 carnem
947 2147 1104 2200 divinitatem
1122 2147 1198 2200 luisse

38 2238 132 2306 Corpus
148 2234 253 2287 snirnale
274 2244 301 2284 et
315 2231 444 2300 spiritale,
472 2227 600 2300 quomodo
669 2233 801 2301 probatum
819 2237 876 2285 013,
889 2263 920 2273 .-
939 2233 1066 2301 qpomodo
1086 2233 1198 2286 christu,

71 2323 105 2374 sit
120 2318 307 2388 intelligendum
326 2322 383 2368 001.
668 2319 695 2370 in
712 2329 784 2386 patre
801 2336 852 2370 uon
868 2319 916 2381 sit,
935 2330 963 2370 ut
977 2319 1004 2372 in
1020 2318 1097 2372 corde
1113 2318 1198 2372 bomi-

37 2407 122 2460 Creati
148 2417 173 2458 et
202 2404 281 2474 geniti
311 2401 453 2454 differentia
478 2402 551 2470 plane
575 2410 603 2450 et
670 2403 708 2455 nis
726 2403 828 2460 verbum
845 2403 908 2457 ibid.

70 2503 159 2560 aperte
176 2491 302 2560 explicata
320 2493 377 2540 888.
638 2491 747 2542 Deorum
764 2489 911 2557 genealogia
929 2507 960 2540 es
978 2489 1090 2543 Hesiodo
1108 2489 1152 2558 qui
1170 2503 1201 2540 ex

35 2579 173 2630 Creutnrae
199 2594 285 2630 omues
311 2575 438 2628 subiectae
469 2583 527 2624 sunt
552 2571 603 2621 deo
673 2575 742 2626 Chao
757 2574 905 2643 prodierunt
922 2579 1022 2628 100-
1040 2575 1102 2628 item
1116 2586 1144 2626 et
1158 2573 1202 2626 elii

71 2675 161 2718 contra
180 2663 264 2714 Arium
283 2667 341 2713 141.
673 2660 715 2729 qui
732 2660 849 2712 dicuntur
865 2660 896 2712 ab
914 2677 945 2712 eo
962 2660 1065 2714 conficti
1082 2663 1140 2713 stt.

34 2751 126 2803 Cretes
141 2749 273 2800 mendaces
284 2747 346 2798 dicti
359 2745 510 2798 anctoritate
525 2742 604 2794 Calli·
641 2750 750 2798 Deorum
768 2747 905 2798 Gentilium
922 2747 1031 2809 Saturni,
1050 2747 1133 2809 lotis,
1153 2756 1201 2798 etc.

70 2835 155 2888 machi
179 2845 206 2886 et
231 2832 400 2902 Epimenidis‚
428 2831 471 2901 qui
490 2849 505 2882 a
527 2829 604 2882 Paulo
673 2832 745 2900 origo
769 2836 792 2882 8.

71 2921 183 2974 citantur
199 2924 257 2972 881.
640 2921 707 2970 Deus
732 2915 860 2986 quomodo
884 2935 899 2968 a
924 2916 1054 2986 prophetis
1077 2917 1111 2968 sit
1137 2917 1203 2970 risus

33 3008 140 3070 Cronia,
161 3005 341 3076 Aegyptiorum
356 3004 448 3056 festunr
461 3007 521 3054 444.
537 3000 605 3064 (ud-
675 3008 732 3054 811.

71 3091 167 3156 deod.)
642 3093 708 3142 Deus
731 3088 857 3158 quomodo
874 3086 969 3154 rideri,
995 3105 1025 3139 ac
1048 3104 1101 3139 non
1125 3087 1205 3140 rideri

32 3180 106 3230 Crux
124 3175 284 3228 maledictum
302 3174 373 3242 legis,
392 3185 418 3225 el
436 3191 479 3226 cur
495 3173 531 3224 lta
548 3176 606 3222 ⁷00.
675 3192 750 3245 posse
767 3174 865 3226 dicatur
882 3177 940 3225 818.

31 3263 129 3316 Crucis
143 3263 243 3330 signum
257 3270 375 3329 quantuor
388 3259 438 3310 rim
452 3259 543 3310 babeat
559 3257 607 3308 ad·
642 3261 689 3312 Dei
703 3261 822 3312 immensa
840 3269 879 3310 eat
898 3259 1028 3328 potentis,
1046 3258 1140 3311 eteius
1157 3276 1204 3312 ro·

71 3365 161 3401 versus
178 3347 303 3400 maleficas
320 3355 395 3407 artes,
413 3355 440 3396 et
459 3343 608 3413 praestigias
624 3371 626 3376 v
675 3345 766 3398 luetati
778 3361 852 3396 nemo
869 3354 955 3412 potest
971 3344 1086 3398 resistere
1101 3345 1162 3396 ibid.
1173 3373 1206 3386 -

70 3435 226 3486 daemonum
240 3436 299 3483 188.
673 3429 835 3482 similitudine
851 3429 993 3482 declaratur
1017 3430 1145 3500 quomodo
1165 3429 1206 3482 ri·

31 3519 130 3572 Crucis
155 3519 227 3587 signo
245 3517 421 3570 daemoniosus
438 3525 539 3568 sanatur
564 3532 609 3584 per
677 3516 764 3568 dentur
781 3515 842 3566 deus
861 3519 919 3565 818.

70 3621 158 3674 aquae
174 3604 343 3673 aspersionem
361 3605 419 3654 184.
646 3605 713 3654 Deus
730 3599 858 3671 quomodo
870 3600 958 3669 gignit,
974 3601 1036 3654 item
1050 3603 1129 3654 homo
1144 3615 1208 3670 qno-

29 3689 116 3761 cycli
140 3689 234 3742 lunaris
263 3699 339 3758 atque
370 3698 514 3756 epactarum
546 3686 610 3738 ratio
679 3686 756 3740 modo
773 3685 853 3755 gignit
871 3690 926 3737 180.

75 3781 142 3829 8811.
648 3777 714 3826 Deos
737 3785 764 3824 et
780 3773 884 3825 materia
908 3772 959 3824 dnn
984 3772 1107 3843 principia
1125 3771 1210 3824 Mani-

27 3866 144 3934 Cyprns
168 3861 248 3913 insula
267 3860 358 3911 Citium
380 3871 486 3926 vocata,
516 3870 544 3910 et
561 3857 613 3926 ey·
683 3861 813 3912 cbaeorum
829 3867 956 3910 eteorum
972 3857 1094 3911 refutatio
1110 3861 1212 3910 080..-

70 3947 192 4018 pricrum
217 3945 422 4014 Rhodiorumque
448 3961 540 3998 nomen
568 3943 613 3995 sub
682 3945 786 3996 diversis
804 3963 832 3996 ea
850 3943 990 3995 nominibus
1007 3944 1133 3996 vocabant
1149 3941 1211 3996 ibid.

73 4033 148 4086 Citio
169 4032 310 4086 continetur
329 4036 385 4083 110.
651 4033 717 4083 Dens
743 4030 822 4081 malus
846 4047 900 4080 erse
926 4045 978 4081 non
1003 4040 1105 4100 potest,
1132 4046 1213 4098 neque

684 4116 742 4168 mali
759 4126 846 4167 auctor
864 4118 922 4166 081.

315 4188 347 4239 ⁰·
652 4205 718 4255 Dens
733 4200 826 4253 scendi
850 4200 904 4270 quis
929 4201 1027 4255 dicatur
1042 4201 1069 4254 in
1084 4199 1215 4268 evangelio

23 4299 191 4349 Daemones
206 4308 252 4360 per
266 4289 371 4342 feminas
387 4303 485 4341 errores
501 4285 614 4340 introdu-
685 4293 744 4340 084.

70 4389 143 4434 cunt
161 4381 235 4430 1008.
653 4377 719 4426 Deus
742 4373 804 4426 nssrtl
827 4367 965 4429 leminenol
981 4385 1067 4443 potest
1083 4371 1216 4426 admittere

23 4465 129 4521 David
150 4464 245 4534 primus
261 4480 304 4514 rea
323 4461 488 4524 etribuluda,
506 4460 617 4512 sedSoul
687 4471 773 4512 uonna
792 4461 954 4516 lt'tarrichaeos
973 4464 1030 4512 088.

69 4554 125 4604 illo
145 4550 261 4619 priores
281 4535 347 4600 tribu
367 4547 491 4598 beniamin
510 4550 550 4597 10.

92 4635 194 4694 Corpus
207 4633 346 4678 mereseot.
361 4631 391 4676 rt
404 4633 424 4675 1.
634 4619 637 4630 “
975 4639 1016 4702 48
