3066 5016
306 352 368 418 476
729 365 1041 420 mmmmm

307 478 426 568 ἀνδρῶν
442 483 600 550 έπιτοαυτό
618 479 708 564 εἶναι,
739 482 807 550 οὐτε
829 483 890 551 ἀπό
907 488 1034 562 παλαιῶς
1054 488 1218 568 συνηθείας
1233 489 1293 551 τῶν
1309 483 1400 564 φύσει
1416 505 1459 550 σν

305 591 414 669 ζυγιῶν
430 587 615 669 κεκτημένων
631 583 649 653 ό
666 591 781 662 δίκαιος
807 584 895 670 όρίζει
915 585 1018 674 λόγος,
1048 587 1121 653 ἀλλά
1146 585 1221 674 ἀνήρ
1247 585 1350 672 ’γυνή
1371 589 1462 654 ἐπιτο-

307 685 381 753 αυτό
397 689 449 753 ἕνα
466 688 543 773 πρός
558 687 612 772 τήν
628 692 715 772 μίαν,
738 685 779 764 ῶς
793 686 887 771 Ἀδάμ
905 689 982 774 πρός
997 686 1051 773 τήν
1069 689 1173 770 Εὐαν,
1206 687 1247 768 οῦς
1268 687 1377 773 Σάρρα
1392 686 1461 772 πρός

305 787 356 856 τόν
370 786 504 876 Ἀβραάμ
519 787 608 874 εἶχεν,
631 788 674 868 ῶς
687 789 825 876 Ῥεβέκκα
838 799 880 880 τῷ
891 790 996 858 Ἰσαάκ
1011 800 1151 876 συνῆπτο.
1195 796 1238 858 Εί
1249 790 1308 880 γάρ
1324 797 1378 858 καί
1393 817 1463 868 τινες

304 897 365 958 τῶν
383 894 518 978 πατέρων
533 894 588 961 δύο
613 895 665 959 καί
681 903 760 978 τρεῖς
775 903 918 979 γυναῖκας
936 893 1109 978 ἐσχήκασιν,
1140 895 1198 962 οὐκ
1217 897 1249 962 ἐν
1266 902 1319 984 μιᾷ
1335 897 1421 984 οέιιίγ
1436 897 1464 959 αλ

304 1003 442 1080 γυναῖκες
462 989 547 1078 ήσαυ,
594 1001 715 1080 Χαίρων
738 993 794 1083 γάρ
822 994 857 1063 τό
883 1004 1017 1063 τοιοῦτον
1040 995 1137 1077 είδος,
1165 1001 1218 1066 καλ
1237 1005 1357 1080 κτηνῶν
1374 995 1397 1080 ή
1410 1024 1462 1064 τοι·

305 1095 380 1180 αύιη
395 1095 553 1179 συνάφεια.
600 1091 691 1165 Οὐτοι
708 1100 740 1164 δέ
756 1105 866 1181 μᾶλλον
883 1101 925 1176 είς
939 1101 1075 1183 ἔκπληξιν
1095 1097 1172 1183 ήμάς
1189 1099 1394 1185 ἀναγκάζουσι
1414 1101 1462 1180 φέ-

305 1223 384 1286 ρειν,
406 1201 659 1286 ἐπαγγελλομένων
677 1198 774 1267 αὐτῶν
792 1200 868 1284 πρός
884 1210 1027 1288 γυναῖκας
1044 1201 1210 1284 συνάφειαν
1226 1202 1267 1286 μή
1283 1205 1377 1286 ίχειν,
1399 1203 1462 1268 τού-

306 1307 425 1368 ναντίον
441 1311 551 1387 μᾶλλον
572 1302 627 1387 τήν
641 1302 745 1387 χλεύην
760 1302 1007 1390 ἀπεργαζόμενοι,
1036 1308 1088 1370 καλ
1102 1304 1157 1388 τήν
1180 1310 1288 1372 τελείαν
1303 1305 1409 1372 αὐτῶν
1425 1307 1462 1372 ἐτι

305 1403 490 1489 δεικνύμενοι
504 1405 654 1490 αἰσχύνην.
699 1409 742 1472 Et
756 1405 812 1493 γάρ
828 1408 880 1472 καλ
892 1404 1021 1494 γαμετάς
1036 1403 1114 1492 είχον
1132 1411 1164 1473 οί
1177 1414 1322 1487 τοιοῦτοι,
1356 1404 1462 1494 σπορά-

304 1510 379 1590 δην,
408 1505 465 1574 οὐκ
483 1509 591 1592 ἀναμὶξ
606 1506 715 1586 ταύτας
733 1507 863 1590 ῶφειλον
880 1515 1052 1593 κεκτῆσθαι.
1095 1512 1140 1574 Et
1153 1511 1187 1576 δέ
1203 1516 1255 1576 καί
1270 1513 1344 1576 είσιν
1362 1513 1397 1576 ἐν
1417 1531 1461 1576 συ-

304 1613 411 1699 ζυγίᾳ,
436 1609 492 1677 οὐκ
512 1615 570 1678 έδει
593 1609 703 1688 αὐτούς
725 1610 760 1678 τό
786 1615 819 1679 ἐκ
842 1616 920 1678 θεοῦ
945 1612 1156 1696 καταδειχθὲν,
1178 1611 1290 1698 ἀνδρός
1311 1613 1394 1698 πρός
1416 1641 1461 1699 γυ·

162 1755 215 1800 μς,
227 1743 285 1792 mu.
305 1721 394 1778 ναῑκα
417 1711 598 1797 συνάφειαι,
629 1711 702 1798 μετά
725 1713 947 1798 εὐσχημοσύνης
962 1717 1014 1782 καλ
1034 1713 1212 1798 σεμνότητος
1228 1717 1279 1780 καλ
1301 1713 1463 1798 ἐπιστήμης

303 1817 355 1882 καλ
372 1817 401 1894 ἐξ
418 1818 494 1893 ἰδίας
512 1819 697 1902 ἐλευθερίας,
727 1818 775 1883 ἐπὶ
795 1815 829 1884 τό
848 1818 937 1901 μέσον
954 1818 1100 1904 φέροντας
1116 1815 1265 1902 φωράσαι.
1309 1821 1355 1883 Ei
1368 1821 1403 1884 δέ
1417 1819 1462 1883 καλ

303 1918 468 2001 ἀπέσχοντο
491 1926 641 2004 γυναικῶν
661 1921 694 1985 έν
710 1917 811 2008 ἀγνιίγι
827 1921 904 1996 τινές
924 1918 1008 1997 όντες
1025 1921 1076 1985 καλ
1097 1922 1129 1986 ἐν
1146 1923 1316 2008 ἐγκρατείᾳ,
1349 1919 1462 2006 ἐξύβρι-

302 2041 359 2087 σαν
374 2018 407 2087 τό
426 2024 558 2101 δίκαιον,
587 2018 638 2088 διά
656 2029 709 2105 τῆς
727 2021 868 2107 ἀνοησίας
887 2024 939 2088 καλ
959 2020 993 2088 τά
1012 2029 1064 2106 τῆς
1079 2018 1187 2108 ἀρετῆς
1203 2026 1387 2105 πολίτευμα,
1417 2021 1462 2088 διά
1521 2051 1522 2106 3

302 2130 356 2206 τής
376 2125 408 2189 ἐν
425 2123 585 2214 ἀφροσύνη
608 2124 755 2206 ἀφειδοῦς
780 2127 933 2211 ἐργασίας,
963 2121 1002 2190 οὐ
1024 2131 1086 2191 τῶν
1109 2122 1282 2192 ἀποστόλων
1304 2131 1398 2192 τοῦτο
1417 2149 1462 2190 πε·
1521 2175 1522 2180 1

302 2223 474 2312 πραχότων,
506 2224 544 2293 οὐ
564 2234 625 2294 τῶν
645 2225 704 2313 πρό
732 2234 792 2293 τῶν
822 2224 995 2294 ἀποστόλων
1023 2234 1189 2314 προφητῶν
1208 2234 1298 2294 τοῦτο
1326 2231 1461 2306 διαταξα-

302 2330 406 2412 μένων.

166 2449 233 2519 Κεφ,
253 2449 286 2506 y.
389 2437 528 2516 Μωῦσῆς
548 2438 622 2518 γοῦν
640 2434 673 2498 ἐν
692 2438 729 2522 τῇ
748 2430 847 2522 ἐρήμμ
872 2427 1030 2517 ἀναλαβοέν
1053 2432 1108 2518 τήν
1128 2430 1313 2520 ύμνηγορίαν
1336 2429 1462 2522 ᾇδειτςῦ

302 2541 366 2623 θεῷ
384 2529 482 2624 ᾆσμα,
511 2530 647 2601 ἀνελθῶν
668 2532 728 2602 ἀπό
753 2533 921 2618 θαλάσσης,
952 2534 1080 2616 φάσκων
1087 2587 1096 2618 ,
1119 2533 1268 2620 Ἀισωμιν
1292 2541 1335 2624 τῷ
1361 2540 1461 2624 αυρίφ,

302 2635 430 2716 ἐνδόξως
450 2635 507 2724 γάρ
523 2635 712 2717 δεδόξασται,
741 2641 837 2704 ἵππον
856 2640 907 2704 καλ
923 2635 1076 2721 ἀναβάτην
1094 2639 1217 2724 ἔρριψεν
1236 2640 1278 2714 είς
1299 2637 1461 2704 θάλασσαν.

300 2736 395 2823 Ὁμοῦ
410 2739 442 2805 δέ
456 2739 632 2818 ἐπεφάνουν
650 2739 731 2830 αὐτῷ
746 2743 780 2806 οί
793 2739 914 2825 ἀνδρες,
935 2742 987 2806 καλ
1005 2739 1143 2821 οὐδαμοῦ
1160 2749 1312 2826 γυναῖκες·
1341 2743 1399 2806 ἵνα
1414 2737 1462 2822 τήν
1520 2807 1521 2816 ,

302 2839 444 2908 εὐτακτον
458 2846 539 2934 δείξη
560 2840 714 2920 διάθεσιν,
745 2846 795 2908 ἵνα
815 2841 848 2909 τό
870 2840 977 2926 σεμνόν
990 2846 1044 2925 τῆς
1067 2841 1203 2920 εὐταξίας
1222 2847 1276 2908 τοῦ
1296 2841 1399 2923 νόμον
1414 2845 1462 2906 τοῦ

302 2951 379 3012 θεοῦ
391 2943 513 3035 κηρύξη.
558 2942 636 3010 Είτα
649 2945 802 3029 μετέπειτά
816 2967 900 3029 φησι,
924 2946 985 3009 Καὶ
1001 2948 1133 3028 λαβοῦσα
1150 2944 1282 3032 Μαριάμ
1296 2941 1330 3010 τό
1348 2943 1462 3028 τύμπα·

301 3073 356 3113 νον
369 3039 440 3132 ήρχε
455 3053 515 3113 τῶν
532 3055 695 3134 γυναικοῖν,
718 3049 770 3112 κοιλ
784 3049 895 3134 ἐλεγεν,
910 3044 1059 3128 Ἀιστομεν
1070 3051 1111 3135 τῷ
1125 3051 1235 3138 κυρίῳ,
1258 3046 1391 3126 ἐνδόξως
1411 3043 1462 3132 γάρ

301 3148 482 3228 δεδόξασται.
518 3151 579 3215 Καί
594 3159 731 3237 γυναῖκες
748 3147 827 3234 όμοῦ
844 3147 1022 3231 ἐπεφάνουν
1036 3155 1074 3239 τῇ
1088 3145 1249 3239 όμοτρόπφ
1264 3151 1315 3214 καλ
1330 3146 1398 3214 ἀταδ
1415 3153 1462 3214 τοῦ

303 3251 399 3318 αὐτοῦ
414 3254 518 3339 γένους
535 3248 726 3342 ύπαρχούση,
754 3254 807 3319 καλ
825 3255 858 3318 ἐν
874 3277 930 3318 τινι
951 3249 1142 3342 προαγούση,
1172 3249 1222 3318 διά
1236 3249 1291 3334 τήν
1305 3248 1462 3332 ἀνετεισεή-

301 3379 380 3436 μονα
401 3356 453 3420 καλ
474 3352 529 3437 τήν
549 3353 727 3441 συρφετοόδη
749 3351 885 3422 διάνοιαν
905 3359 963 3420 τῶν
985 3350 1094 3436 ἀναμλξ
1115 3355 1316 3440 ἐργαζομένων
1337 3355 1462 3439 ἕτεροδι·
1519 3371 1520 3398 ³

301 3460 469 3534 δασκαλίας.
514 3459 593 3543 Περὶ
614 3457 647 3523 δέ
662 3466 715 3540 τῆς
733 3455 923 3534 ἀναστάσειός
941 3477 1016 3540 φησι
1032 3454 1051 3523 ό
1066 3455 1240 3542 προφήτης,
1271 3455 1331 3520 Καὶ
1350 3455 1461 3536 κόψον
1519 3507 1520 3510 ¹

300 3586 348 3626 ται
364 3556 441 3626 κατά
457 3559 569 3643 φυλήν,
600 3557 680 3643 φυλή
694 3561 847 3642 κατέναντι
862 3566 974 3644 φυλῆς·
1006 3556 1087 3642 φυλή
1106 3565 1160 3624 τοῦ
1179 3556 1292 3625 Νάθαν
1307 3556 1385 3625 καθ’
1399 3559 1460 3625 ἐτι·

301 3661 371 3746 τήν,
401 3664 454 3728 καλ
469 3665 503 3726 αί
517 3669 654 3747 γυναῖκες
672 3661 773 3730 αὐτῶν
788 3658 861 3727 καθ’
876 3659 996 3738 ἑαυτάς·
1025 3659 1106 3744 φυλή
1120 3668 1175 3728 τοῦ
1190 3659 1295 3728 Ἰούδα
1310 3659 1386 3727 καθ’
1400 3663 1460 3728 ἐον-

301 3764 371 3849 τήν,
392 3765 443 3830 καλ
459 3765 493 3828 αί
506 3771 644 3850 γυναῖκες
660 3763 761 3831 αὐτῶν
777 3762 848 3830 καθ’
864 3763 987 3843 ἑαυτάς,
1018 3765 1071 3830 καλ
1087 3762 1124 3832 τά
1140 3765 1216 3846 ἐξής.
1262 3762 1351 3830 Οῦτα
1368 3763 1462 3830 καλαί
1518 3851 1519 3854 ¹

303 3865 464 3933 ἀπόστολοι
488 3864 682 3933 διατάσσουσι
704 3875 741 3958 τῇ
763 3870 914 3956 ἐκκλησίᾳ·
945 3865 1024 3932 οῦτω
1047 3868 1097 3933 καλ
1123 3863 1265 3952 όκύριος
1282 3867 1460 3945 διέταξικέι
1518 3909 1519 3912 =

301 3975 342 4058 τῷ
368 3969 527 4058 εὐαγγελίῳ
534 4019 543 4050 ,
574 3967 634 4036 ἀπό
661 3977 732 4053 μιῦς
755 3968 788 4036 τό
813 3967 981 4054 ύπόδειγμο
1002 3968 1076 4054 ἡμῖν
1102 3967 1272 4053 κηρύττων,
1302 3967 1459 4055 φήσπςτή

307 4073 417 4158 1μητρλ
435 4069 544 4154 αὐτοῦ,
574 4069 632 4154 Μή
647 4097 706 4153 μου
723 4069 835 4137 ῦπτου·
866 4069 952 4137 οῦπω
973 4069 1031 4158 γάρ
1056 4069 1228 4156 ἀναβέβηκα
1248 4069 1325 4156 πρός
1336 4069 1391 4136 τόν
1406 4095 1458 4134 αα·

301 4173 380 4257 τέρα.
427 4173 531 4250 Οὐτως
553 4171 572 4239 ό
594 4175 686 4252 Γιεζελ
704 4174 891 4258 προςίρχεται
914 4181 951 4264 τῇ
972 4177 1183 4259 Σουμανίτιδι,
1215 4171 1457 4256 ’ἀπωθούμενος

302 4272 426 4357 ταύτην·
457 4278 506 4341 ἵνα
532 4272 574 4357 μή
596 4271 729 4365 α’φανίση
751 4273 784 4341 τό
804 4273 915 4362 τάγμα,
946 4279 997 4342 ίνα
1017 4276 1059 4360 μή
1080 4275 1189 4367 ύβρίση
1203 4275 1256 4344 τόν
1272 4273 1390 4358 θεσμόν
1402 4281 1458 4339 τῶν

302 4382 474 4462 προφητῶν.
531 4375 564 4442 Ὁ
589 4378 621 4443 δέ
644 4375 803 4464 προφήτης
827 4375 974 4462 πνεύματι
998 4376 1073 4468 ἀγίφ
1099 4378 1266 4466 φερόμενος
1289 4376 1457 4443 κατάδυνοι
1517 4427 1518 4470 η

335 4549 359 4598 ¹2.
387 4550 426 4599 sic
450 4553 533 4602 λοδτιιλ
555 4554 616 4601 λίθοι’.
650 4555 761 4604 Patavina
785 4553 860 4603 ιιολιιέί
893 4551 956 4617 μίαν.
994 4555 1054 4604 um
1069 4553 1255 4616 ῦιίσιιδομίσιιε
1269 4553 1376 4604 vim
1389 4551 1457 4600 στῆ·

303 4611 367 4686 ἀνὴρ
382 4615 426 4672 καλ
446 4615 508 4684 γυνή
527 4615 658 4676 ἐτιτοαντδ
676 4615 713 4682 ιλς
729 4616 793 4688 τρδς
812 4615 859 4686 τήν
893 4613 959 4694 ἀνήρ
974 4617 1053 4690 γυνή,
1070 4627 1147 4685 κιροιι
1165 4624 1195 4672 οι
1212 4625 1319 4686 mim
1333 4623 1433 4672 λκαται
