3082 5006
203 444 255 525 ρες.
273 469 319 514 831.

195 523 263 592 Κεφ.
281 522 314 579 δ’.

332 342 372 404 54
436 389 437 392 ,
759 345 881 399 οιιισει
897 345 1068 399 mamm

420 469 463 533 Εί
479 472 579 533 τοίνυν
594 464 613 532 ό
631 470 760 550 λίβελλος
782 457 870 541 οὗτος
885 469 982 538 καλῶς
996 465 1068 546 ἔχει,
1097 467 1130 529 ολ
1143 463 1303 546 δυνάμενοι
1318 463 1505 550 άναγνοότω-
1528 493 1529 574 ρ

332 593 403 651 σαν,
426 572 477 636 καί
493 573 524 636 οί
540 569 700 652 δυνάμενοι
716 565 882 651 άκριβοῑσαι
897 564 934 631 τά
949 568 982 632 έν
996 562 1078 655 αάτςδ
1092 568 1243 650 εἰρημένα·
1266 569 1317 633 καλ
1334 569 1362 632 εί
1375 569 1436 649 μέν
1452 595 1503 632 τια-
1528 577 1529 620 3

330 679 393 749 κῶς
409 673 479 755 ἔχει,
508 670 594 738 αότολ
615 672 854 756 διακρινέτωσαν.
902 665 948 733 Οά
972 666 1027 754 γάρ
1049 668 1224 753 βουλόμεθα
1251 671 1348 754 ιττέρα
1368 663 1412 736 τόν
1440 673 1504 736 έιιι·
1528 719 1529 762 ρ

333 773 484 857 στάμεθα,
513 777 562 856 καλ
581 781 641 840 τῶν
655 775 697 849 είς
712 771 793 856 ἡμᾶς
808 770 960 837 ἐλθόντων
980 773 1080 857 λέγειν.
1126 773 1168 836 Et
1183 769 1239 858 γάρ
1257 773 1308 838 καί
1326 781 1429 850 καλοῖς
1446 777 1505 856 ἔχει

333 873 351 942 ό
368 882 497 960 λίβελλος
514 879 547 942 έιι
561 883 614 958 τῆς
632 873 825 953 ὑποθέσεως,
847 873 936 939 πάλιν
954 873 1208 958 διανοηθήσονται
1225 878 1257 940 οί
1273 874 1505 961 ἐντυγχάνοντὲς

331 1003 362 1044 τι
378 981 429 1044 καί
452 976 615 1056 άκοιίοντις
639 977 685 1044 ότι
708 974 764 1044 οδκ
788 978 830 1051 είς
849 974 960 1058 μάτην,
994 975 1062 1041 οίίτε
1083 979 1125 1052 είς
1142 976 1306 1063 ιἰργότητα,
1340 975 1410 1044 οὔτε
1438 976 1504 1044 κατ’

768 1106 804 1161 κη
819 1074 996 1164 άινολογίας,
1026 1081 1053 1144 εί
1067 1077 1108 1161 μὴ
1126 1077 1184 1162 άρα
1200 1077 1319 1162 έξήμεσι
1334 1078 1448 1166 λόγους
1464 1107 1504 1146 τι·

332 1182 388 1260 νδς
404 1180 622 1266 ταράσσοντας,
652 1184 704 1248 καί
730 1179 953 1268 άναγκάσαντας
973 1179 1067 1247 αὐτόν
1083 1183 1124 1258 είς
1142 1179 1303 1268 άιιολογίαν
1319 1181 1405 1264 ἥκειν
1430 1185 1505 1268 περὶ

332 1293 393 1352 τοῖν
409 1282 460 1350 διό
478 1283 572 1351 αὐτοῦ
588 1286 757 1368 είρημέναν.
802 1285 967 1364 Συμβαίνει
987 1282 1044 1369 γάρ
1066 1286 1116 1348 καλ
1137 1283 1210 1366 μετά
1226 1283 1259 1349 τό
1276 1283 1431 1365 ἐσφάλθαι
1449 1283 1504 1350 αό-

330 1387 383 1454 τδν
399 1386 449 1454 διά
464 1393 518 1454 τοῦ
536 1389 668 1470 λιβίλλου
690 1383 1029 1472 όντεραττολογὴσασθαι,
1061 1387 1113 1452 καί
1128 1385 1234 1452 έαυτόν
1252 1385 1504 1471 διορθώσασθαι·

331 1489 415 1574 Mn
431 1490 485 1572 μέν
501 1497 542 1578 τῷ
560 1491 679 1578 λιβέλλςο
703 1487 863 1571 ἐκόσμησεν
886 1485 980 1552 αὐτοῦ
999 1486 1070 1564 τοδς
1084 1487 1207 1574 λόγους,
1237 1493 1288 1554 λ’να
1306 1490 1502 1578 καρακράψη

331 1591 367 1658 τά
385 1589 437 1657 κέατ’
459 1590 553 1658 αὐτοῦ
566 1591 715 1676 ρηθέντα,
744 1595 795 1656 ’ίνα
818 1589 859 1673 μὴ
876 1591 986 1680 έκιτέση
1011 1590 1060 1656 διά
1075 1597 1128 1673 τῆς
1143 1594 1345 1677 καθαιρέσεως
1357 1601 1416 1658 τοῦ
1434 1619 1502 1658 κοι-

331 1701 387 1760 νοῦ
415 1699 474 1760 τάν
502 1693 673 1760 έντισκότιων
701 1692 844 1779 συλλόγου
867 1717 897 1757 τε
917 1694 968 1758 καί
990 1699 1044 1758 τοῦ
1065 1691 1199 1770 κανόνος.
1234 1695 1339 1776 Ὅμως
1366 1695 1405 1760 τά
1428 1697 1502 1778 ιτερλ

332 1798 512 1881 Μαρκέλλου
538 1800 581 1873 είς
606 1793 686 1879 ἡμᾶς
709 1797 834 1863 έλθόντα
856 1802 957 1860 ταῦτα.
999 1793 1131 1881 Ἠρόμην
1154 1797 1188 1861 δέ
1209 1796 1301 1874 αὐτός
1321 1798 1378 1883 έγοδ
1400 1797 1502 1886 χρόνῳ

331 1902 388 1965 τινί
412 1895 464 1964 τόν
485 1903 650 1984 μακαρίτην
672 1898 776 1966 τιάτιαν
794 1894 983 1964 Ἀθανάσιον
1005 1901 1074 1982 περὶ
1097 1898 1205 1964 τοότου
1226 1906 1281 1965 τοῦ
1304 1905 1500 1982 Μαρκέλλου,

330 2007 397 2078 ιτοῖς
417 1999 453 2066 δν
470 2002 530 2084 έχοι
552 2003 619 2084 τιερλ
644 1997 744 2067 αὐτοῦ.
787 1997 821 2065 Ὁ
842 2001 874 2066 δέ
896 1997 963 2065 οὔτε
984 1997 1283 2087 ότιεραττελογήσατο,
1315 2001 1384 2068 οάτε
1408 2003 1501 2068 πάλιν

333 2102 410 2188 πρός
425 2100 517 2170 αὐτόν
538 2102 678 2188 άττεχθοῖς
698 2100 826 2187 ἠνέχθη,
849 2100 943 2198 μόνον
963 2103 996 2168 δέ
1014 2101 1063 2168 διά
1083 2109 1139 2168 τοῦ
1161 2105 1325 2189 ττροςοίτιου
1341 2105 1500 2188 μειδιάσας

332 2205 484 2291 διιέφηνε,
508 2211 674 2292 μοχθηρίας
694 2203 736 2288 μή
758 2204 876 2287 μακράν
897 2202 990 2272 αότόν
1012 2201 1103 2282 εἶναι,
1136 2209 1185 2271 καλ
1210 2205 1252 2284 οίς
1273 2207 1500 2294 ἀπολογησάμε-

334 2337 387 2376 νον
408 2309 473 2396 είχι.

265 2471 272 2487 ,
297 2431 315 2488 ’,
418 2411 645 2496 Παραθήσομαι
657 2411 690 2476 δέ
706 2409 792 2475 άτινά
808 2435 883 2487 τινες
903 2417 912 2455 ¹
927 2408 1064 2495 εὑρόντες
1079 2412 1112 2476 έν
1124 2419 1189 2488 τοῖς
1203 2408 1296 2478 αὐτοῦ
1313 2415 1499 2496 Μαρκέλλου

332 2513 548 2599 συντάγμασιν,
571 2511 703 2579 δέδόιιει
720 2512 888 2596 ἐπιλήψιμα
909 2512 1013 2589 αὐτοῖς
1035 2519 1213 2594 φαίνεσθαι,
1234 2512 1311 2598 πρός
1325 2514 1362 2580 δν
1377 2511 1497 2581 άτιοτει-

331 2615 451 2698 νόμενοι
468 2618 519 2681 καλ
535 2614 623 2681 αότολ
639 2614 875 2692 άντισονέταξαν.
922 2611 1019 2680 ’Ὗντό
1038 2617 1069 2680 δὲ
1087 2613 1181 2682 άλλων
1202 2618 1292 2682 πόλιν
1307 2616 1358 2682 διά
1375 2617 1410 2684 τό
1428 2618 1500 2694 τοδς

335 2715 587 2797 8άντισυντάξας,
621 2716 746 2802 ὕστερον
768 2721 808 2794 είς
827 2715 896 2783 άλλο
914 2719 1076 2803 τραπέντας
1097 2720 1214 2804 ἐλέγχου
1231 2719 1331 2805 χάριν,
1366 2719 1403 2786 τά
1419 2721 1499 2786 άντι-

331 2822 534 2905 συνταχθέντα
554 2815 607 2886 άττ’
628 2817 729 2885 αὐτῶν
755 2819 988 2906 προβαλλόμενοι
1011 2823 1175 2899 ἐδείκνυον,
1207 2823 1258 2887 καί
1281 2824 1312 2887 έν
1328 2831 1392 2899 τοῖς
1412 2832 1501 2906 σφῶν

333 2920 434 2989 αότῶν
449 2922 630 3010 συντάγμασι
646 2919 721 2988 κατά
735 2921 788 2999 τάς
807 2923 990 3008 έγενομένας
1012 2923 1167 3006 διαιρέσεις
1182 2921 1331 3006 άναμέσον
1346 2932 1409 2991 τῶν
1433 2929 1499 3006 περί

327 3023 468 3118 Ἀκάκιον
499 3027 550 3090 καλ
576 3030 727 3090 Βασίλειον
754 3023 807 3090 τόν
830 3023 964 3106 Γαλάτην
984 3027 1036 3090 καλ
1061 3025 1210 3112 [λάργιον
1235 3025 1288 3092 τόν
1316 3031 1499 3103 Λαοδικείας

330 3127 508 3210 ἐποιήσαντο
531 3127 609 3211 πρός
636 3130 751 3212 ἔλεγχον
777 3133 831 3192 τοῦ
853 3124 946 3192 αδτοῦ
964 3123 1114 3194 Ἀκακίου.
1161 3121 1259 3205 Οὗτος
1280 3127 1336 3215 γάρ
1352 3123 1422 3212 ἦνό
1438 3128 1496 3195 dm·

330 3237 385 3296 τοῦ
410 3231 590 3316 Μαρκέλλου
611 3227 823 3314 συνταγμάτων
845 3227 922 3294 κατά
940 3232 1120 3314 Μαρκέλλου
1142 3230 1248 3311 είιτοέν,
1278 3236 1329 3296 ’ίνα
1350 3235 1383 3298 έν
1406 3241 1497 3300 πᾶσιν

328 3329 413 3415 ἡμεῖς
434 3339 488 3414 τῆς
511 3330 657 3414 άληθείας
677 3331 768 3416 μηδέν
790 3336 1026 3418 ιιαραλείψαντες
1050 3337 1190 3417 δείξωμεν
1208 3334 1254 3400 ότι
1277 3333 1346 3401 οὔτε
1367 3333 1496 3420 άττευχό-

329 3445 409 3518 μεθα
424 3433 460 3500 τά
477 3432 553 3519 πρός
569 3433 751 3519 διόρθωσιν,
783 3433 853 3500 οὔτε
874 3443 1025 3500 συναινεῖν
1044 3434 1220 3519 βουλόμεθα
1234 3446 1298 3513 τοῖς
1314 3463 1341 3502 τι
1359 3437 1445 3522 τταρά
1463 3437 1494 3503 τό

328 3535 477 3619 άληθινόν
499 3539 684 3622 ἐπιχειροῦσι.
731 3539 792 3602 Καί
813 3539 875 3604 έστι
895 3544 988 3602 ταῦτα
1010 3540 1043 3604 ἐκ
1064 3542 1119 3620 τῆς
1139 3536 1280 3606 Ἀκακίου
1302 3537 1379 3626 ιιρδς
1403 3540 1495 3627 Μάρ-

328 3647 430 3706 κελλον
453 3636 619 3724 άντιλογίας
639 3638 718 3704 τάδε.

363 3846 423 3900 (λιι.
441 3845 483 3897 w.
501 3871 535 3884 -
561 3845 583 3896 1.
600 3844 665 3912 πέρα
679 3849 746 3898 codd„
763 3862 819 3898 ιιιιι.
831 3853 894 3898 uler-
926 3857 1014 3914 ruptus
1027 3855 1042 3880 “
1068 3852 1182 3912 Suspicor
1196 3853 1316 3914 ιττίμτλιιι
1330 3853 1494 3913 Epiphanius·

327 3933 379 3982 ραι.
413 3919 442 3967 Et
469 3917 597 3967 διακονίαι
621 3913 685 3964 ultra
707 3919 782 3966 αιτίίλ.
824 3913 892 3982 παρά
925 3911 990 3970 Ὑτεδ
1015 3917 1043 3972 δέ
1066 3912 1148 3970 ἄλλων
1171 3916 1256 3979 πάλιν,
1283 3916 1327 3972 διά
1348 3916 1378 3971 τό
1400 3915 1493 3980 αόταδς

328 3987 392 4036 aditi.
924 3978 1113 4049 άντισνντάξαι,
1139 3980 1243 4052 λέστερον
1259 3985 1295 4046 είς
1310 3980 1371 4039 ἄλλο
1386 3988 1492 4054 τρατέκ

362 4053 423 4102 (λιν.
441 4053 471 4102 V.
487 4079 522 4092 -
568 4049 589 4102 1.
621 4053 733 4113 Suspicor
758 4041 829 4116 εὖροι
855 4057 892 4103 ντί
924 4069 966 4112 τες
982 4056 1049 4114 κτλ,
1075 4057 1133 4106 λιι.
1170 4054 1207 4104 Ab
1222 4053 1276 4104 ιλίὶι
1297 4064 1396 4115 nutem,
1423 4057 1491 4124 quod

328 4110 399 4184 εὖρον
414 4120 480 4181 τέως
493 4122 666 4172 rescribendum
683 4135 731 4171 ιιιι
744 4135 789 4184 pro
806 4116 891 4187 εὗρόν
925 4133 996 4171 erant
1010 4133 1096 4172 contra
1113 4121 1181 4172 illum
1198 4123 1366 4178 commentati.
1384 4123 1409 4172 in
1427 4142 1490 4174 con-

327 4203 379 4247 τες.
923 4190 1011 4240 tradas
1028 4199 1111 4257 partes
1131 4189 1232 4241 deducti
1248 4207 1330 4241 ιατισι
1345 4209 1409 4259 quae
1426 4209 1489 4243 οοιι-

362 4259 386 4303 ’2.
405 4259 516 4308 Petamus
526 4261 551 4306 ιἰι
562 4271 637 4320 marg.
652 4260 775 4307 annotavit
790 4257 836 4322 „R
847 4249 889 4309 άλ-
925 4267 964 4308 tra
990 4259 1135 4309 Marcellum
1156 4259 1307 4326 ιοείριατααι
1331 4260 1489 4325 protulerunt

329 4323 367 4376 λοι
382 4319 411 4376 δὲ
426 4320 498 4378 πάλιν
514 4321 557 4380 διά
572 4322 637 4385 τοὺς.
673 4326 754 4376 Locus
771 4325 812 4376 hic
828 4341 887 4377 cor·
922 4335 948 4378 et
965 4325 1144 4390 ostenderunt,
1162 4337 1188 4378 ιι
1203 4344 1258 4378 cum
1273 4327 1410 4380 δίτίνίοοαι
1423 4337 1486 4380 λαο-
