3066 5016
353 296 416 360 468
778 305 901 359 ειιοοτι
917 305 1090 358 οειειιιοιι
1108 325 1109 330 =

352 423 390 490 οῦ
413 420 494 488 ποίου
515 445 542 488 τι
566 422 698 507 δύναμαι
721 424 836 488 είδέναι
891 421 978 506 Πλὴν
1000 423 1072 489 οῦδὲ
1095 419 1202 488 τοῦτον
1225 424 1300 488 είσλν
1325 418 1491 498 ἀποδέοντες,

352 524 476 608 μάλιστα
494 523 676 592 4ίπιτοαυτό
695 532 781 615 κοινῇ
799 524 831 591 τό
852 523 996 605 κοιτοίζειν
1013 523 1167 608 ἐσχηκότες
1182 523 1244 609 ῦμα
1260 528 1382 612 γυναιξί
1398 527 1490 592 καλόν

351 625 465 712 δράσιν.
512 619 605 695 Οῦτοι
627 629 659 694 δέ
680 628 731 692 καί
753 630 785 694 ἕν
811 624 994 718 ὅἈντιοχείᾳ
1018 630 1092 694 είσὶν
1113 624 1174 694 ἀπό
1196 633 1248 712 τῆς
1264 629 1375 711 Μέσης
1391 637 1490 695 τεῖναν

349 735 452 814 ταμοῖν
473 724 654 815 όρμοόμενοι.

213 839 281 908 Κεφ.
299 830 332 894 σ’-
426 829 539 914 Ἕσχον
560 834 592 899 δέ
608 832 642 900 τό
662 831 807 920 βλαβερόν
823 837 910 899 τοῦτο
930 830 1073 918 φρόνημα
1091 829 1153 900 ἀπό
1172 839 1224 916 τῆς
1240 831 1389 918 ἀμετρίας
1403 841 1491 900 τοῖνιι

347 960 410 1000 νων
426 934 564 1015 ἀδελφῶν
579 934 725 1016 ἀφελείας.
774 935 857 1012 Τινὲς
874 932 931 1022 γάρ
954 940 1015 1000 τοῖν
1034 931 1184 1020 όμετέριον
1198 934 1343 1018 ἀδελφοῖν
1358 939 1412 1003 καλ
1425 933 1491 1020 όρδε

348 1036 460 1120 δόξων,
491 1035 532 1122 μή
554 1037 745 1124 γινώσκοντες
763 1035 797 1104 τό
821 1039 930 1125 μίτραν
953 1045 1007 1120 τῆς
1025 1040 1058 1104 ἐν
1080 1044 1199 1128 Χριστῷ
1222 1042 1390 1120 πολιτείας,
1420 1039 1491 1104 τότε

348 1147 436 1206 λεῦον
451 1138 675 1207 ἀποτάσσεσθαι
690 1147 733 1231 τᾳῖ
748 1141 867 1230 κόσμῳ,
889 1138 1048 1224 κτημάτων
1061 1165 1092 1206 τε
1105 1144 1189 1207 ίδίοιν
1202 1143 1254 1206 καλ
1265 1141 1425 1227 χρημάτων
1438 1142 1492 1205 ἀπο

348 1247 526 1324 ξενοῦσθαι,
556 1251 664 1310 πωλεῖν
681 1267 711 1308 τε
723 1240 760 1308 τά
775 1246 839 1309 ίδια
855 1244 906 1309 καλ
923 1241 1114 1326 μεταδιδόναι
1129 1251 1270 1326 πτωχοῖς,
1299 1243 1491 1328 λαμβάνεινίί

348 1343 400 1410 τόν
421 1343 551 1433 σταυρόν
574 1348 626 1412 καί
650 1342 833 1412 ἀκολουθεῖν
857 1347 890 1412 ἐν
913 1344 1056 1434 ἀληθείᾳ,
1087 1343 1129 1428 μη
1155 1344 1264 1432 ἀργόν,
1297 1346 1377 1431 μήτε
1397 1343 1492 1432 ἀεργόι,

346 1449 397 1513 καί
421 1445 644 1535 ἀκαιροφάγον,
675 1449 749 1532 μηδὲ
779 1454 841 1537 ιτᾳῖ
860 1455 976 1532 κηφῆνι
1002 1455 1061 1513 τοῖν
1086 1455 1245 1530 μελισσῶν,
1279 1447 1492 1535 ἐργόζεσθσιδί

347 1557 413 1626 ταῖς
431 1552 521 1628 ἰδίαις
538 1556 647 1637 χερσίν·
680 1548 777 1636 οῖςτιερ
801 1551 850 1615 καί
869 1547 888 1616 ό
904 1548 990 1636 ἀγιος
1006 1547 1171 1627 ἀπόστολος
1188 1557 1311 1627 Παῦλος
1329 1549 1493 1630 ἀποταξόμε

346 1678 399 1730 νος
411 1661 455 1742 τᾳῖ
470 1653 591 1744 κόσμᾳ,
613 1652 707 1740 κη’ρυξ
724 1653 755 1718 δέ
769 1649 812 1717 οῖν
828 1659 882 1736 τοῖς
896 1649 1055 1736 ἀληθείας,
1076 1644 1115 1718 οδ
1131 1655 1165 1717 αί
1174 1661 1266 1740 χεῖρες
1280 1654 1318 1720 οῦ
1337 1653 1434 1738 μόνον
1446 1655 1493 1716 ln»

346 1763 388 1844 τηῖ
406 1754 573 1840 ἐπήρκουν,
596 1753 668 1822 ἀλλά
684 1756 736 1821 καί
752 1764 816 1831 τοῖς
833 1761 974 1822 συνοῦσιν
991 1755 1086 1844 αὐτῷ·
1110 1753 1165 1822 οῦκ
1183 1747 1249 1823 οῦσι
1265 1758 1298 1822 δέ
1314 1759 1444 1833 ἐκείνοις
1458 1755 1494 1837 ἀρ

346 1865 427 1944 γοῖς,
458 1855 518 1924 ἀλλ’
536 1856 598 1942 ἀμα
612 1864 820 1944 συμπαροῦσιν
835 1857 917 1946 αῦτᾳῖ
937 1859 969 1924 ἐν
983 1885 1018 1948 τη
1036 1860 1170 1947 ἐργασίᾳ·
1204 1857 1272 1935 ’ῦς
1289 1885 1355 1925 που
1371 1865 1493 1940 κααχῖιτσ

346 1961 455 2045 λέγων,
487 1958 620 2026 διδάσκει
646 1968 701 2026 1τε
726 1963 908 2042 σαφέστατα,
940 1957 974 2026 ‘0
997 1958 1039 2044 μή
1064 1958 1256 2046 ἐργαζόμενος
1279 1963 1359 2043 μηδὲ
1382 1963 1493 2028 ἐσθιέιι

353 2062 437 2138 Τινὲς
452 2063 486 2128 δέ
505 2071 564 2128 τοῖν
580 2064 804 2150 προειρημένων
817 2061 975 2145 ἀδελφοῖν,
1008 2060 1051 2140 σός
1070 2061 1132 2128 ἀπό
1151 2069 1206 2128 τοῦ
1221 2061 1319 2146 Μάνη
1339 2059 1494 2148 μεμαθητό

346 2189 394 2240 τες
408 2163 498 2248 τάχα,
528 2161 567 2232 ἵν’
583 2164 679 2242 οῦτως
704 2168 793 2244 είπω,
824 2173 878 2231 τοῦ
901 2163 963 2232 ἀπό
985 2169 1131 2252 Περσίδος
1153 2164 1398 2250 ἀναβεβηκότος,
1428 2165 1495 2231 ἀτιιι

346 2264 402 2333 οάκ
421 2269 508 2353 ἐχρῆν
523 2267 619 2344 οῦτως
633 2265 724 2334 εἶναι·
747 2277 869 2334 σκοπεῖν
885 2271 1042 2351 δὲμᾶλλον
1058 2266 1129 2344 τοῦς
1142 2267 1301 2344 τοιούτους
1316 2269 1494 2356 παραγγέλλει

346 2367 468 2448 όθεῖος
490 2370 577 2456 λόγος
600 2369 671 2448 τοῦς
687 2371 781 2453 μηδὲν
805 2372 1024 2457 ἐργαζομένους.
1072 2367 1249 2454 Πεπλάνηκε
1269 2370 1326 2457 γάρ
1350 2399 1441 2438 τινοιν
1456 2395 1495 2448 τηε

347 2475 446 2556 οίησιν
470 2469 590 2559 όλόγος
610 2471 723 2559 όπαρά
745 2479 789 2563 τᾳῖ
810 2469 922 2559 σωτῆρι
946 2474 1162 2560 γεγραμμίνος,
1192 2470 1374 2560 Ἐργάζεσθε
1396 2467 1494 2557 μόεάι

344 2578 456 2659 βροῖσιν
482 2572 535 2658 την
563 2575 786 2660 ἀπολλυμένην,
821 2574 892 2642 ἀλλά
918 2573 999 2658 4τὴν
1024 2577 1172 2659 μένουσαν
1199 2578 1241 2651 είς
1269 2572 1351 2658 ζωόν
1381 2573 1494 2641 αίοῖνωτ.

347 2683 511 2761 Νομίζουσι
538 2678 571 2743 δέ
593 2676 647 2760 τήν
672 2673 878 2762 ἀπολλυμένην
899 2675 972 2744 είναι
991 2675 1046 2761 τὴν
1062 2676 1154 2762 καλὴν
1171 2680 1324 2764 ἐργασίαν,
1358 2671 1399 2762 ἦς
1414 2680 1453 2754 είς
1465 2678 1495 2740 δε·

345 2780 509 2864 καιοσῦνην
532 2782 634 2864 ἔχομεν
657 2779 710 2846 τόν
733 2779 881 2864 κάματον·
911 2779 976 2864 ἥτις
999 2783 1161 2865 ἐπληροῦτο
1181 2783 1213 2846 ἐν
1229 2775 1370 2864 Ἅβραάμ
1396 2778 1495 2846 διότοῖ

344 2879 472 2966 μόσχου,
505 2884 553 2948 καί
581 2885 637 2948 “bv
661 2889 698 2973 τῇ
721 2886 925 2971 καματουργίᾳ
949 2891 1002 2966 τῆς
1016 2882 1107 2969 χήρας
1123 2880 1174 2948 διά
1190 2890 1244 2948 τοῦ
1258 2879 1382 2963 Ἡλίου,
1415 2881 1496 2948 ααλίι

344 2991 381 3076 τῇ
398 2985 520 3073 ἐργασίᾳ
538 2992 592 3050 τοῦ
602 2982 674 3068 ’ίοῖβ
698 2983 748 3050 διά
764 2994 824 3052 τοῖν
843 2984 938 3051 αῦτοῦ
962 2989 1078 3052 παίδων
1096 2987 1146 3051 καί
1164 2983 1337 3068 κτημάτοιν,
1371 2987 1425 3052 καί
1439 2981 1496 3047 κίε·

345 3112 404 3152 των
420 3095 479 3154 τοῖν
494 3093 550 3153 τοῦ
566 3095 643 3153 θεοῦ
660 3085 776 3153 δοῦλων
800 3095 859 3154 τοῖν
877 3091 919 3164 είς
936 3087 1128 3172 δικαιοσύνην
1149 3086 1325 3172 καμνόντων
1340 3098 1412 3166 τοῖς
1426 3091 1497 3158 ίδίιις

343 3191 459 3276 χερσὶν,
477 3184 532 3266 Ιείς
550 3189 583 3257 τό
602 3192 743 3277 ἐπαρκεῖν
766 3193 818 3257 καί
838 3201 901 3267 τοῖς
918 3191 1118 3274 ἐνδεομένοις·
1152 3190 1258 3266 καθιίς
1279 3191 1332 3256 καί
1346 3193 1385 3256 ἐν
1399 3187 1494 3272 §nim

305 3377 309 3387 Ι
345 3297 548 3381 μοναστηρίᾳ,
570 3295 603 3358 ἐν
617 3317 647 3357 τε
661 3300 698 3382 τῇ
713 3299 772 3358 τοῖν
787 3296 962 3380 Αἰγυπτίων
977 3293 1059 3383 χοῖρᾳ
1074 3295 1125 3360 καί
1141 3295 1173 3360 ἐν
1188 3291 1300 3370 πόσαις
1313 3291 1439 3381 χοῖραις,
1459 3285 1496 3356 οῖ»

346 3419 387 3460 τω
406 3392 571 3479 κάμνουσιν
594 3397 636 3471 είς
652 3393 853 3480 δικαιοσύνην.
895 3393 948 3473 Ὡς
965 3393 985 3480 ἡ
1005 3398 1134 3479 μέλιττα,
1167 3397 1246 3484 χερσί
1261 3395 1316 3480 μὲν
1331 3398 1444 3479 ἐχουσσ
1458 3391 1496 3456 τό*

343 3493 439 3581 κηρόν
453 3503 507 3580 τῆς
522 3499 677 3583 ἐργασίας,
708 3496 762 3582 την
778 3499 810 3564 δὲ
827 3497 947 3581 ψεκάδα
965 3505 1020 3564 τοῦ
1032 3500 1150 3582 μέλιτος
1165 3500 1197 3564 ἐν
1211 3505 1252 3587 τᾳῖ
1267 3497 1411 3582 στόματι,
1440 3491 1496 3580 pm*

202 3634 253 3682 ρις.
266 3621 326 3669 lm.
344 3605 400 3681 τῆς
415 3600 494 3675 ίδίας
509 3596 682 3687 ἀμνηγόρου
698 3605 802 3684 φωνῆς
816 3598 867 3667 τόν
881 3607 940 3666 τοῖν
965 3598 1085 3667 πόντων
1105 3599 1250 3684 δεσπότην
1265 3601 1343 3667 κατά
1359 3601 1419 3686 τὴν
1434 3603 1497 3665 mu

342 3704 488 3786 σείσθησιν
505 3697 657 3784 ῦμνοῦσα,
690 3699 732 3779 οῖς
749 3704 800 3768 καί
816 3702 964 3786 Σαλομοῖν
979 3713 1136 3790 μαρτυρεῖ,
1169 3701 1214 3768 ότι
1228 3701 1285 3786 τήν
1299 3707 1415 3786 σοφίαν
1430 3699 1497 3786 up}

343 3826 419 3871 σασα
435 3802 593 3889 προήχθη,
623 3802 702 3870 οῦτω
717 3807 766 3871 καί
783 3809 816 3872 οί
832 3813 887 3872 τοῦ
903 3813 981 3872 θεοῦ
996 3811 1098 3872 δοῦλοι
1119 3807 1152 3872 οί
1164 3802 1287 3890 ἀληθοῖς
1302 3807 1353 3872 ἐπί
1370 3815 1428 3890 τῆς
1444 3825 1493 3869 σεε·

344 3915 414 3992 ρεᾶς
429 3909 539 3993 πέτρας
555 3913 607 3990 τῆς
623 3906 766 3990 ἀληθείας
781 3910 1040 3992 τεθεμελιωμένοι,
1063 3911 1115 3974 καλ
1128 3906 1181 3975 τόν
1196 3904 1281 3975 οίκον
1294 3907 1399 3974 αάτιῖτ
1412 3908 1497 3988 ἀσφε

342 4017 400 4088 λοῖς
419 4012 664 4094 οἰκοδομοῦντες,
696 4013 786 4088 ίδίαις
806 4011 886 4098 χερσί
908 4009 961 4088 τάς
980 4010 1087 4089 λεπτάς
1103 4011 1204 4077 αῦτοῖν
1219 4013 1356 4097 ἐργασίας
1373 4008 1495 4098 ἐργίζιε

341 4137 391 4178 ται
416 4112 491 4180 κατά
511 4111 568 4198 τήν
595 4111 722 4180 ἐκάστου
743 4115 852 4198 τέχνην.
892 4113 947 4179 Ἐν
971 4113 1092 4198 στόματι
1114 4115 1148 4180 δέ
1173 4113 1277 4198 σχεδόν
1298 4119 1403 4179 πᾶσαν
1424 4117 1498 4178 θεία

375 4286 400 4334 4.
420 4283 462 4340 ἐπὶ
475 4282 504 4340 τό
521 4282 601 4352 αι’τὸ,
620 4292 655 4338 ιιίί
670 4291 762 4352 οειολελ,
779 4291 831 4340 ενδ
847 4289 907 4340 Βλε-
941 4291 1039 4358 ιιηφῆιι
1055 4291 1105 4344 τοῖν
1123 4289 1251 4355 μελισσιῖι
1268 4284 1439 4354 ὁμοιοῦσθαι,
1454 4281 1498 4350 ζει·

342 4351 391 4415 δίε·
941 4361 995 4411 κτλ
1031 4361 1160 4410 Commius
1183 4359 1293 4409 τοιιυιτίιλ
1312 4371 1396 4422 neque
1413 4355 1497 4404 ὶιιιειι-

375 4422 399 4472 ῦ.
417 4416 542 4491 Ἀιτιοχία
558 4425 610 4474 οοδ.
626 4425 724 4489 θλεδίρ.
940 4425 1037 4493 μισεῖτε
1060 4425 1142 4476 cibum
1164 4425 1318 4495 οιρῖειιιειο,
1341 4439 1427 4490 neque
1440 4421 1498 4472 λιιε

378 4488 437 4539 Cn.
452 4491 493 4539 w.
509 4519 542 4529 -
579 4493 601 4541 ί.
619 4492 696 4542 Deest
711 4491 825 4546 ἐοικέναι.
860 4495 906 4544 Ρε·
939 4493 1022 4544 alieno
1038 4493 1125 4546 labore
1139 4503 1255 4562 partum,
1271 4491 1435 4558 τείαιτιιτμα
1451 4503 1498 4540 σοι

342 4559 428 4607 λουίιιι.
461 4559 505 4607 λοι.
528 4559 635 4621 Scaliger
659 4563 751 4623 ειιμμλεε
775 4557 842 4628 μηδὲ
865 4563 903 4632 τῷ
939 4561 1026 4630 apibus
1044 4562 1116 4614 ιολαι
