3068 5008
310 301 374 364 560
479 279 486 291 ⁸
737 310 862 364 ειυοτι
877 311 1054 364 τετευιειυ

398 433 589 506 Νικολαῖται,
612 423 672 494 ύπδ
689 428 843 495 Νικολάου
856 435 911 494 τοῦ
929 429 979 494 ἐπί
994 437 1059 505 ταῖς
1075 427 1177 514 χήραις
1192 424 1253 494 ύπό
1268 435 1331 494 νῦν
1348 425 1477 494 εἰκοστό-

309 539 370 596 λων
386 531 559 612 νοηθέντος,
586 537 621 576 ¹⁸
632 527 682 596 διεί
698 537 783 613 ζῆλον
798 538 852 614 τῆς
870 533 948 608 ἰδίας
964 539 1093 616 γαμετῆς
1107 532 1161 614 τήν
1179 533 1402 616 αἰσχρουργίαν
1421 529 1477 611 ἅμα

309 641 374 709 τοῖς
398 630 497 709 ἄλλοις
521 635 661 700 ἐπιτελεῖν
684 631 755 709 τούς
781 635 891 700 ἐαυτοῦ
905 632 1055 717 ,μαθητὰς
1078 634 1215 717 διδόξας,
1247 635 1401 718 καὶπερὶ
1430 639 1478 696 τοῦ

312 733 495 802 Καυλακαύιι
512 738 564 804 καὶ
589 741 623 782 ¹⁴
636 740 808 822 Προυνίκου
822 738 873 802 καί
890 735 985 803 ύλλαν
1006 740 1197 823 βαρβαρικῶν
1218 735 1384 820 δνομύτοεν
1407 737 1477 818 εἰλη-

310 837 483 925 γησύμενος.

181 968 234 1018 μς.
248 961 293 1006 ιιι.
399 941 579 1019 Γναστιιιολ,
611 937 665 1016 τός
689 939 784 1016 αῦτύς
805 943 930 1027 αἰρέσεις
950 941 1168 1026 διαδεξόμενοι,
1198 943 1289 1009 πλέον
1312 944 1370 1007 καί
1396 937 1477 1006 αύτοί

310 1043 431 1110 πόντων
452 1040 507 1126 τὴν
531 1041 707 1127 αἰσχρότητα
729 1047 867 1126 ἐμμανεῖς
890 1045 1092 1131 ἐργαζόμενοι,
1122 1044 1311 1133 ἐνΑἰγύπτῳ
1330 1045 1367 1110 δέ
1385 1050 1477 1126 Στρο-

310 1148 443 1214 τιατιιιοί
462 1145 656 1227 καλούμενοι,
687 1149 738 1211 καὶ
763 1152 957 1230 Φιβιοονῖται,
989 1150 1022 1214 ἐν
1039 1148 1072 1212 δέ
1090 1145 1188 1224 τοῖς’
1168 1156 1365 1232 ανατερικοῖς
1385 1147 1477 1229 μίρεσι

311 1250 540 1326 Σεκουνδιανολ,
563 1250 595 1314 ἐν
610 1245 707 1326 ῦλλοις
723 1249 755 1314 δέ
771 1253 871 1335 μέρεσι
886 1257 1088 1333 Σακρατῖται,
1117 1249 1199 1336 παρύ
1216 1251 1249 1315 δέ
1266 1251 1388 1334 ἐτέροις
1405 1255 1476 1312 Ζακ-

310 1361 404 1436 γαῖοι·
435 1347 518 1417 ἄλλοι
541 1351 573 1416 δέ
597 1350 813 1429 1οΚοδιανούς
836 1350 947 1428 αύτούς
966 1353 1102 1438 λέγουσι,
1133 1350 1212 1418 mo:
1235 1353 1268 1418 δέ
1289 1355 1477 1438 Βσρβορίττς

311 1452 423 1529 αύτούς
442 1457 572 1519 καλοῦσι.

399 1559 677 1641 Καρποιιρανιανοί,
702 1555 764 1622 δπδ
784 1554 1023 1642 Καρποκρύτυυς
1039 1555 1119 1634 τινός
1133 1564 1193 1622 τοῖν
1209 1559 1242 1623 ἐν
1257 1563 1296 1646 τῇ
1309 1557 1421 1646 Ἀσίιγ,
1449 1555 1477 1630 ῦς

313 1661 448 1725 ἐδίδασκε
464 1664 566 1726 πᾶσαν
582 1661 788 1745 αἰσχρουργίαν
805 1661 943 1738 ἐκτελεῖν,
973 1661 1024 1724 ιιαί
1043 1667 1105 1725 πᾶν
1122 1659 1302 1742 ἐπιτήδευμα
1321 1656 1476 1744 ἇμαρτίας.

313 1763 377 1826 Καὶ
395 1764 422 1827 εἰ
436 1759 477 1844 μή
494 1787 538 1837 τις
553 1760 603 1826 διοί
620 1759 757 1840 πάντων,
789 1764 880 1844 φησί,
910 1763 1066 1851 παρέλθη,
1096 1764 1148 1826 καί
1168 1760 1202 1828 τύ
1217 1763 1335 1844 θέλημα
1353 1762 1477 1827 πόντον

221 1875 225 1888 “
313 1862 466 1946 δαιμόνων
480 1863 530 1928 καλ
545 1862 676 1992 ιἰγγέλοον
697 1865 851 1944 ἐκτελέσει,
881 1863 919 1930 ού
941 1863 1064 1930 δύναται
1079 1863 1244 1950 ύπερβῦγναι
1259 1863 1348 1940 εἰς’
1315 1889 1376 1930 τον
1392 1861 1477 1946 ούρα-

313 1963 383 2045 νῦν,
407 1963 528 2032 ούδέ“
495 1992 547 2042 τας
562 1964 668 2051 ύρχύς,
690 1993 742 2032 και
756 1965 809 2042 ταῖς
823 1970 958 2044 ἐξονσίας
973 1975 1141 2053 παρελθεῖν.
1175 1965 1278 2096 Ἔλεγε
1294 1965 1384 2030 δὲ’
1342 1993 1406 2032 τον
1423 1957 1528 2068 Ἰη-

313 2075 388 2135 σοῦν
410 2065 513 2152 ψυχὴν
531 2067 638 2154 νοερόν
661 2071 829 2153 εἰληφέναι,
860 2068 959 2136 εἰδότα
973 2067 1055 2135 δί
1021 2097 1057 2136 τα
1074 2068 1136 2136 ῦνιο
1156 2097 1208 2135 και
1222 2096 1259 2135 τα
1250 2067 1418 2134 ἐνταῦθα
1432 2095 1477 2132 κα

313 2173 493 2258 ταγγέλλειν,
515 2198 567 2237 και
585 2197 626 2248 ας
642 2175 671 2236 εἰ
683 2199 728 2246 τις
746 2170 916 2256 πρόξειεν“
897 2199 1029 2261 ομοια
1000 2179 1043 2237 τῦ
1060 2169 1180 2299 Ἰησοῦ,
1201 2168 1264 2236 κατ’
1278 2169 1380 2236 αῦτδν
1398 2168 1475 2236 εἰναι

320 2273 380 2340 Τόν
392 2271 475 2339 δέ
441 2300 535 2356 νομον
559 2272 614 2338 σύν
632 2301 668 2363 τη
684 2281 744 2338 τοῖν
762 2281 877 2358 νεκρῶν
901 2272 1058 2341 όναστύσει
1082 2273 1274 2360 ἀπαγορεύει,
1308 2270 1350 2349 οἱς
1367 2273 1437 2340 αἰ’
1420 2270 1474 2338 απί

314 2381 454 2460 Σίμωνος
478 2377 612 2460 αἰρέσεις.
661 2375 776 2442 Τούτου
803 2378 919 2462 γέγονεν
942 2375 1012 2460 ἧέν
1028 2373 1124 2468 Ῥοόμη
1146 2379 1347 2461 Μαρκελλίνα.
1394 2375 1475 2440 Εἰκό-
1527 2417 1528 2467 η

314 2507 369 2556 νας
387 2481 420 2544 δέ
435 2476 562 2561 ποιήσας
577 2481 609 2544 ἐν
622 2485 725 2570 κρυφῇ
741 2475 851 2562 Ἰησοῦ,
873 2481 923 2544 καέ
945 2479 1080 2560 Παύλου,
1101 2481 1154 2546 καλ
1165 2476 1317 2566 Ὁμήρου,
1343 2481 1400 2544 καί
1418 2485 1472 2542 Hv—

314 2579 470 2668 θαγόρου,
491 2579 599 2658 ταύτας
620 2584 732 2665 ἐθυμία
752 2583 805 2648 καὶ
827 2580 1009 2668 προςεκύνει.

402 2889 603 2974 Κηρινθιανολ
618 2915 670 2954 και
658 2889 912 2976 ’Μηρινθιανοί,
942 2887 1008 2956 οῖ’
990 2915 1049 2955 απο
1041 2888 1224 2976 ’Κηρίνθου
1239 2892 1292 2954 καί
1309 2895 1527 3016 Μηρίκθοε
1526 2933 1527 2940 1

315 2989 491 3072 Ἰουδαῖοι,Ι
505 2993 611 3066 οῖτινες
634 3017 794 3076 περιτομην
810 2989 948 3076 αύχοῦσι,
976 2996 1028 3059 καλ
1044 2991 1158 3074 κόσμον
1173 2988 1233 3057 ύπο
1225 2989 1387 3078 όγγέλιιν
1404 2975 1527 3080 76⁸

293 3101 443 3178 Ιυῆσθαι,
465 3089 517 3158 τόν
539 3094 572 3157 δέ
591 3091 711 3177 Ἰησοῦν
733 3091 809 3162 πατύ
831 3121 990 3182 προκοπην
1013 3093 1144 3182 Χριστόν
1163 3102 1330 3160 καλεῖσθαι.

403 3304 590 3382 Ναζωραῖον,
611 3297 730 3382 Ἰησοῦν
747 3301 800 3383 μὲν
815 3297 1029 3388 ὁμολογοῦντες
1044 3298 1113 3366 υἰόν
1125 3307 1218 3380 θεοῦ,
1239 3299 1343 3366 πιόντα
1361 3301 1395 3368 δέ
1408 3297 1473 3365 κατ’

315 3399 409 3486 νόμον
431 3399 660 3484 πολιτευόμενοι.

398 3500 581 3587 Ἔβιοεναῖοι,
612 3509 825 3591 παραπλησίας
850 3512 912 3570 εοδν
936 3506 1160 3590 προειρημένων
1186 3511 1406 3589 Κηρινθιανὸκ
1428 3503 1472 3568 καὶ

317 3609 518 3691 Ναζαραίοιν,
540 3603 587 3684 οἰς
602 3607 747 3690 συνήφθη
764 3605 840 3673 κατύ
856 3635 884 3673 τι
899 3635 919 3690 η
935 3613 996 3673 τοῖν
1007 3612 1180 3690 Σαμψαίιον
1193 3632 1224 3672 τε
1239 3609 1292 3672 καί
1306 3604 1472 3672 Ἑλκεσαίιν

317 3714 442 3796 αἵρεσις·
473 3707 550 3774 δι’
517 3735 569 3775 τον
590 3709 720 3796 Χριστόν
736 3733 829 3791 φασιν
844 3712 980 3775 ἐκτίσθαι
998 3712 1086 3776 ἐν
1046 3737 1086 3799 τρι
1103 3711 1240 3797 οῦρανηῖ,
1273 3708 1378 3775 καί
1345 3735 1379 3776 το
1395 3689 1526 3794 ῦγιιτ

315 3820 447 3897 πνεῦμα,
478 3811 682 3940 ἐνδημήσρντα
704 3813 736 3877 δέ
753 3815 784 3879 ἐν
805 3819 846 3902 τῷ
860 3810 959 3895 Ἀδύμ
981 3819 1116 3897 πρῶτον,
1147 3814 1197 3878 καί
1213 3809 1291 3877 κατῦ
1313 3810 1419 3896 καιρδν
1434 3813 1471 3876 ἐν

317 3912 516 3998 δυόμενον’
479 3912 573 3980 αυτόν
588 3913 640 3980 τόν
653 3912 761 3996 Ἀδύμ,
784 3881 834 3980 καί
851 3912 940 3980 πόλιν
954 3914 1142 3998 ἐκδυόμενον.
1191 3921 1288 3980 Τοῦτο
1309 3910 1409 4002 ιογύρ
1422 3939 1470 3994 φα

319 4038 368 4082 σιν
383 4018 608 4083 ἐπιτετελεκόναι
630 4015 724 4083 αὐτόν
745 4020 777 4083 ἐν
798 4024 836 4106 τῇ
854 4015 987 4105 ἐνσύριιρι
1011 4015 1104 4084 αῦτοῦ
1130 4021 1290 4105 παρουσίρι.
1333 4015 1470 4084 Ἰουδαῖοι

318 4117 388 4184 δὲ’
370 4144 452 4196 οντες
467 4118 644 4206 εύαγγελίοις
659 4121 822 4204 κέχρηνται.
865 4124 1081 4204 Σαρκοφαγίαν
1094 4118 1316 4203 βδελύττονται,
1348 4147 1381 4186 εο
1373 4118 1469 4198 ῦδσρ

319 4218 388 4286 δὲ’
368 4225 435 4287 αντι
452 4229 528 4288 θεοῦ
552 4224 667 4304 ἐχουσι,
698 4219 749 4288 τόν
766 4223 798 4288 δὲ
820 4215 951 4305 ’Χριστδν
967 4219 1135 4308 ῦνθραπον
1151 4224 1231 4288 ἐν’
1195 4248 1232 4311 τη
1250 4221 1385 4312 ἐνσύρκφ
1404 4245 1471 4340 παρ·

319 4328 406 4412 ουσίρι
432 4323 626 4405 ἐνδεδύσθαι,
656 4321 698 4400 ιός
722 4326 808 4408 ἐφην.
862 4329 1000 4408 Συνεγῶς
1024 4325 1056 4390 δέ
1081 4328 1189 4408 βαπτίζ
1187 4349 1270 4390 ονται
1302 4327 1334 4390 ἐν
1358 4332 1420 4400 τοῖς
1442 4319 1469 4385 ι’·-
1524 4349 1525 4428 ρ

354 4495 393 4547 13.
416 4490 537 4560 ἰλιριλε“
523 4511 701 4560 οςρτοιιοιιιιπ
722 4493 1226 4566 ιενοειτα·14.προυιικοῦοοδδ.
1243 4504 1415 4583 pamm

320 4561 433 4630 γθίντος.
953 4567 991 4618 15.
1009 4569 1102 4631 nepem
1119 4563 1282 4626 Καδδαινοδς
