3042 5016
317 357 379 422 268
743 369 865 422 εινστι
883 369 1052 422 εειειιιπιι

315 483 483 568 ίνδημησας
494 487 592 552 ίδωιια
608 482 680 568 ῦμῖν
697 484 753 552 θτδ
766 489 923 572 γενέσθαι,
954 487 1006 553 διά
1019 495 1074 554 τοῦ
1091 489 1199 574 δητοῦ,
1220 485 1359 554 Ἔδωκεν
1373 489 1466 566 αιἰτοίς

316 592 452 668 ίξουσίαν
468 590 556 656 τίκνιι
572 595 649 654 θεοῦ
661 591 808 675 γενίσθοι.
853 588 966 675 Διόπερ
982 592 1033 657 καί
1049 589 1142 668 αῦτδς
1157 587 1226 676 παρ’
1242 588 1346 668 αάτοῑς
1359 591 1467 678 γεγάμε-

315 718 368 768 νος
382 689 502 776 μορφάν
518 691 628 758 δοάλου
642 694 744 774 ἔλαβε,
766 692 948 779 προσφάτως
961 691 1126 783 προσφάτῳ
1145 694 1396 778 ίπιιιοινωνὴσας,
1417 701 1467 760 τῦτ

316 792 513 880 δργαϊζάντων
529 793 698 877 τμενόντων
711 797 743 862 ίν
759 793 925 878 ταυτότητι,
947 798 998 861 καί
1015 794 1057 879 μὴ
1073 797 1115 872 είς
1131 794 1271 883 σύγχυσιν
1283 797 1467 881 μεταβαινόν-

314 923 387 977 των,
417 900 493 962 υίοῖν
514 898 567 978 μίν
585 893 758 978 άνθράπων
774 896 824 964 διά
838 905 892 982 τῆς
907 906 1030 983 μετοχῆς
1046 902 1089 975 είς
1106 897 1285 985 άφθαρσίαν
1302 906 1468 986 μεταβαλλο-

314 1004 429 1086 μίνων,
448 997 509 1064 άλλ’
526 997 581 1066 οῦκ
596 1003 638 1076 είς
651 998 868 1084 δμοουσιάτητο
883 1003 1122 1084 σννενουμίνων,
1144 1004 1195 1068 καί
1213 1009 1268 1068 τοῦ
1284 1001 1340 1087 τήν
1355 1001 1468 1090 μορφάν

315 1104 424 1171 δοάλου
437 1101 581 1186 λαβόντος
598 1101 648 1168 διά
663 1110 719 1169 τοῦ
734 1104 788 1186 μίν
805 1104 972 1187 Λαβόντος,
994 1103 1027 1172 τά
1045 1103 1221 1192 πρόσφατον
1233 1108 1404 1189 δηλοῦντος,
1424 1103 1467 1172 διά

193 1223 300 1280 ωροτε
316 1210 347 1274 δί
361 1213 429 1286 τοῦ,
456 1204 508 1272 Ἐν
528 1213 631 1296 μορφῇ
655 1214 732 1272 θεοῦ
753 1203 954 1292 ὑπάρχοντος,
988 1210 1030 1285 είς
1046 1207 1160 1293 τροπὴν
1182 1206 1223 1292 μή
1245 1210 1467 1295 παρερχομένου.

319 1310 440 1378 Τοάτωυ
454 1311 487 1374 δὲ
506 1306 602 1385 οὕτως
623 1306 735 1388 άντων,
764 1311 816 1376 καί
833 1311 865 1375 ίν
880 1315 973 1399 τελείρι
989 1309 1095 1396 γνάσει
1115 1308 1212 1388 οὕτως
1228 1309 1311 1396 παρά
1327 1321 1392 1389 τοῖς
1407 1322 1468 1376 θεο-

314 1412 467 1489 διδάκτοις
482 1419 587 1494 σοφοῖς
601 1407 863 1497 ὁμολογουμένων,
886 1410 956 1478 οῦτε
972 1412 1021 1493 τά,
1055 1412 1131 1490 Θεάς
1146 1440 1205 1495 μου
1221 1417 1273 1480 καί
1291 1413 1366 1492 θεδς
1382 1411 1468 1497 άμῦν,

317 1515 420 1596 θοῦτε,
435 1513 469 1580 ‘0
483 1513 580 1599 πατήρ
595 1539 654 1597 μου
668 1517 719 1580 καί
734 1513 831 1602 πατὴρ
851 1511 946 1599 ῦμῦν,
970 1514 1032 1583 άπδ
1054 1523 1109 1598 τῆς
1124 1515 1201 1582 κατά
1217 1516 1250 1583 τδ
1270 1515 1395 1604 εὔλογον
1414 1519 1469 1583 ἐπι-

315 1623 474 1694 κοινωνίας
494 1616 544 1684 διά
567 1625 622 1684 τοῦ
643 1614 806 1706 ὁμωνύμου
825 1622 931 1685 δωίσει
951 1628 1005 1703 τῆς
1020 1619 1210 1705 ἀκραιφνοῦς
1224 1618 1330 1696 οῦσίος
1345 1617 1407 1686 άπδ
1425 1625 1470 1700 τῆς

315 1720 462 1808 ὑπεροχῆς
477 1716 530 1803 τῆς
543 1723 621 1796 ίδίας
637 1718 784 1803 ἰδιότητος
799 1719 913 1808 παερδς
928 1722 1005 1809 πρδς
1020 1722 1096 1802 υίδν,
1112 1724 1164 1788 καί
1175 1725 1244 1789 υίοῦ
1260 1722 1337 1809 πρδς
1352 1723 1470 1808 πατίρα,

315 1827 366 1891 καί
387 1821 476 1911 άγίοο
497 1822 665 1907 πνεάμωτος
687 1821 837 1900 άςαάτως.

400 2235 514 2318 Κεφάί.
528 2237 646 2302 Ἀετίου
662 2233 709 2318 ιη’.
732 2239 776 2300 Et
788 2231 806 2319 ἡ
817 2235 978 2322 άγίννητος
994 2233 1081 2302 οάσία
1096 2239 1235 2322 κρείττων
1248 2237 1310 2302 ίστί
1328 2239 1472 2323 γενέσεως,

314 2345 437 2408 οίκοθεν
452 2343 559 2423 ἔχουσα
574 2338 608 2404 τδ
623 2347 764 2425 κρεῖττον,
787 2336 949 2404 οιάτοουσία
965 2341 1043 2405 ίστίν
1058 2336 1226 2424 άγίννητος.
1274 2336 1321 2404 Οά
1335 2337 1393 2426 γάρ
1408 2344 1474 2422 βου-

313 2442 436 2526 λόμενος
451 2441 496 2509 δτι
511 2441 646 2526 βούλεται
662 2438 800 2527 γενίσεάς
813 2443 875 2508 ἔστι
890 2445 1039 2527 κρείττων,
1062 2438 1122 2508 ἄλλ’
1139 2441 1188 2507 δτι
1202 2442 1347 2522 πίφυκεν.
1393 2438 1473 2507 Αῦτδ

314 2539 369 2613 οῦν
394 2542 569 2629 ῦπάργουσα
593 2543 683 2610 οῦσία
703 2541 861 2630 άγίννητος
883 2540 990 2622 άθεδς
1008 2542 1108 2611 οάδενί
1129 2543 1208 2635 λόγῳ
1235 2548 1387 2631 ἐπιτρέπει
1409 2539 1474 2610 καθ’

314 2651 421 2732 ίαυτῆς
439 2649 552 2733 γίνεσιν
570 2649 743 2730 ίπινοῆσαι,
773 2643 901 2712 άθοῦσο
925 2649 1071 2733 φέρεσθαι
1086 2645 1162 2714 κατά
1181 2655 1243 2714 τῦν
1256 2657 1407 2736 γενιητῦν
1421 2653 1474 2713 πῦ-

315 2772 372 2818 σαν
389 2752 519 2830 ίξίτοσιν
539 2752 592 2816 καί
613 2748 712 2816 πάντα
732 2747 880 2836 λογισμόν.

396 2955 510 3042 Ἀνατρ.
539 2963 608 3032 Τοῖς
620 2952 721 3032 αῦτοῖς
738 2953 819 3039 ἡμᾶς
838 2963 981 3038 σκυλμοῖς
998 2956 1170 3040 περιέβαλεν
1187 2955 1315 3035 Ἇίτιος,
1339 2962 1477 3022 ταυτολο-

311 3069 375 3147 γεῖν
389 3057 479 3144 ἡμᾶς,
503 3057 545 3136 άς
565 3062 655 3142 ίφην,
677 3061 728 3124 καί
747 3056 889 3134 πολλάκις
903 3059 1136 3144 παρασκευάζων
1153 3057 1202 3124 διά
1219 3057 1274 3142 την
1292 3061 1322 3137 ἒξ
1340 3057 1478 3144 άπαργῆς

312 3162 378 3248 άχρι
392 3165 492 3240 τέλους
508 3163 605 3228 αὐτοῦ
620 3163 688 3247 περὶ
705 3167 764 3226 τάν
781 3161 881 3226 αῦτῦν
896 3165 1094 3247 ταυτολογίπν.
1129 3161 1174 3228 Οῦ
1186 3161 1243 3248 γάρ
1257 3159 1367 3245 ποτεῆ
1384 3167 1480 3234 πίστις

312 3264 443 3350 ηπάντοι
467 3264 572 3333 πιστδν
595 3262 730 3343 σάζουσα
750 3266 783 3329 ίκ
803 3271 1021 3350 συλλογιστικοῖς
1037 3260 1182 3340 άπονοίας
1200 3261 1378 3348 άνθράπων
1399 3265 1477 3331 συνί·

312 3389 432 3452 στηκεν·
451 3367 553 3452 ἐπειδὴ
569 3366 624 3453 γάρ
637 3368 807 3448 ἐπισφαλεῖς
821 3369 895 3432 είσιν
909 3369 943 3430 αί
954 3374 1015 3432 τοῖν
1028 3365 1204 3452 άνθράπωυ
1218 3364 1362 3448 διάνοιαι,
1379 3370 1435 3434 καί
1448 3362 1481 3431 οῦ

314 3469 477 3554 δυνάμεναι
499 3469 576 3556 πρδς
593 3468 626 3536 τδ
642 3467 766 3555 άπειρον
778 3477 832 3552 τῆς
847 3475 901 3536 τοῦ
918 3477 994 3536 θεοῦ
1017 3467 1121 3546 οάσίας
1139 3472 1374 3536 ίπεκτείνεσθαι.
1424 3469 1481 3534 Καί

312 3571 370 3661 γάρ
388 3571 421 3638 τά
436 3579 497 3638 πᾶν
510 3581 564 3655 τῆς
581 3577 726 3657 σωτηρίας
743 3569 830 3656 ἡμῶν
848 3577 981 3658 Χριστοῦ
1004 3571 1127 3651 ζωτικδν
1141 3570 1306 3658 μυστήριον
1322 3570 1483 3646 Ἰουδαίοις

314 3678 368 3760 μίν
385 3673 568 3754 σκάνδαλον,
582 3675 706 3759 Ἕλλησι
723 3676 754 3740 δὲ
769 3678 885 3759 μωρία,
916 3671 989 3758 ἡμῖν
1005 3676 1036 3741 δὲ
1052 3685 1116 3752 τοῖς
1134 3683 1254 3758 κλητοῖς
1270 3672 1440 3754 Ἰουδαίοις
1454 3697 1482 3740 τε

312 3781 362 3846 καί
371 3777 494 3861 Ἕλλησι
515 3777 643 3864 Χριστάς
659 3785 736 3845 θεοῦ
752 3776 879 3860 δύναμις
892 3779 942 3844 καί
957 3785 1033 3843 θεοῦ
1048 3783 1153 3860 σοφία·
1187 3776 1232 3844 ὅτι
1251 3775 1286 3843 τδ
1306 3777 1417 3864 μωρδν
1433 3783 1483 3844 τοῦ

312 3889 389 3948 θεοῦ
406 3880 580 3966 σοφοίτερον
593 3889 652 3946 τοῖν
666 3879 841 3963 άνθράπων
858 3882 936 3960 ἐστί,
966 3882 1018 3946 καί
1034 3879 1068 3946 τά
1086 3879 1210 3957 άσθενίς
1228 3887 1283 3946 τοῦ
1301 3889 1386 3947 θεοῦ
1406 3885 1484 3966 ίοηυ-

313 3984 434 4072 ράτερον
448 3991 508 4052 τῦν
526 3982 699 4069 άνθράπων
715 3986 782 4071 ίσηί.
829 3989 903 4060 Πῶς
919 3975 976 4050 οὖν
989 3982 1046 4049 οὐκ
1059 3980 1098 4050 άν
1110 4009 1155 4060 τις
1169 3982 1222 4050 τδν
1236 3979 1350 4048 Ἀίτιον
1369 3987 1407 4051 ίυ
1426 3993 1486 4058 τοῖς

311 4085 468 4164 Ἰουδαίοις
483 4089 537 4171 μίν
554 4085 604 4154 διά
621 4087 654 4153 τδ
672 4089 839 4154 σκάνδαλον
856 4093 915 4152 τῦν
932 4086 1027 4152 αῦτοῦ
1042 4093 1241 4172 συλλογισμῶν
1258 4087 1484 4172 καταστήσειεν,

304 4189 434 4273 Ἕλληνα
451 4191 484 4258 δὲ
498 4190 548 4257 διά
564 4190 598 4256 τδ
617 4193 650 4258 ίκ
665 4197 719 4273 τῆς
737 4192 813 4266 ίδίυς
832 4191 1028 4270 ίθελοσοφίας
1051 4193 1166 4274 μωρίαν
1186 4186 1326 4274 ἡγεῖσθαι
1355 4189 1417 4274 τὴν
1435 4197 1486 4256 τοῦ

313 4301 390 4358 θεοῦ
413 4292 576 4377 άληθειανς
621 4295 682 4358 Καί
708 4291 765 4380 γάρ
793 4289 836 4369 είς
857 4294 909 4358 καί
931 4297 1071 4377 κρείττων
1093 4290 1192 4376 πάσης
1213 4295 1335 4368 κτίσεως
1364 4297 1422 4361 καί
1437 4299 1486 4376 δη

347 4427 371 4484 fi
388 4433 486 4496 „Deest
496 4431 638 4496 κοινωνοῦς,
651 4443 693 4484 aut
703 4431 785 4484 εῐιιιὶίε
800 4431 878 4500 (μιίδ“
913 4447 988 4500 quam
1004 4447 1051 4500 ego
1068 4449 1154 4484 ειαοτο
1167 4431 1296 4483 hominum
1308 4429 1408 4486 ductus
1423 4431 1487 4504 apud

314 4505 436 4552 annotavit
451 4505 568 4554 petavius.
602 4504 718 4566 Equidem
737 4504 796 4552 πίδίί
815 4503 878 4552 ιτσί-
913 4517 959 4550 τοι
991 4517 1090 4551 raesens
1105 4499 1165 4550 dedi
1180 4500 1251 4552 εολιὶε
1269 4510 1297 4550 ut
1310 4499 1425 4566 fieretis,
1444 4523 1487 4556 ve·

314 4573 376 4622 δίτιτ
389 4575 462 4634 puto,
486 4573 528 4621 ττιί
544 4571 719 4622 nmmum
734 4565 793 4636 ῦμῖν
812 4567 880 4629 ίντος
914 4565 952 4618 lut
968 4518 1063 4620 δίωμαι
1082 4579 1120 4621 εει
1136 4575 1187 4622 οιίλ

314 4637 441 4712 γενέσθαι
486 4640 616 4690 omanus
635 4642 704 4691 υπιίί
725 4638 880 4703 societatem,
