3082 5006
352 314 492 372 rausum
508 319 571 370 ura.
590 319 635 370 ur.
651 316 733 370 rou.
749 319 768 369 1.
786 318 887 370 flaua.
902 317 987 369 cxx.
1210 307 1247 370 21

78 443 154 499 m
168 441 264 519 pnm's
281 445 350 512 mei,
375 444 427 520 qui
440 444 469 500 in
487 441 573 498 eoelrlr
590 449 642 498 ert.
690 435 827 515 Ateuim,
852 437 929 500 dicet
946 437 1070 521 aliquis,
1095 434 1250 522 Scriptura

78 541 170 602 deum
187 539 298 602 vidisse
314 540 472 625 prophetas
489 539 614 617 asserit,
639 539 691 602 sed
711 550 808 602 mente
825 539 1075 622 intelligentiaque
1092 541 1249 616 duntaxat,

77 653 113 704 nt
138 661 177 704 ex
202 641 256 704 boc
279 642 345 705 looo
368 640 466 724 colligi
491 650 604 725 potest:
639 645 752 720 Angeh'
778 658 873 701 earum
903 645 999 702 vadent
1024 643 1126 721 sacrem
1151 647 1248 722 putris
1261 656 1403 716 mutuae.

78 748 155 820 mei,
187 747 284 824 quiin
301 747 388 805 coelis
403 755 459 804 eat:
494 744 562 806 item
581 763 620 805 ex
637 743 692 805 hoc
710 743 792 805 loco:
827 747 912 804 Beoh'
926 747 1028 804 mundo
1044 747 1144 817 eorde,
1181 765 1250 824 qao-

78 850 159 906 na'nm
189 850 248 926 pn·
273 850 354 908 deum
382 835 525 907 ¹m'dehmat.
583 843 668 928 Quod
701 843 749 928 qui
778 841 905 922 dixerit,
930 855 969 916 ,et
996 845 1061 908 illas
1085 844 1249 928 scripturae

79 947 250 1010 sententias
272 947 349 1031 apud
378 967 411 1010 se
434 945 610 1022 contulerit,
644 946 766 1030 perinde
794 945 986 1034 arbitrabitur
1014 965 1250 1029 unumquemque

81 1049 170 1111 deum
191 1058 311 1128 mente,
342 1070 400 1111 non
425 1048 518 1111 oculis
541 1049 654 1110 ridere.
702 1045 923 1116 Vernmlacile
945 1047 1001 1108 iste
1024 1045 1114 1109 divini
1138 1067 1250 1110 sermo·
1305 1108 1308 1118 ,

81 1151 130 1213 nis
146 1151 320 1213 auctoritate
339 1150 495 1228 refellitur,
521 1169 585 1211 oona
605 1148 745 1234 propheta
763 1145 857 1212 lsaias
873 1149 962 1227 dicat,
985 1152 1078 1209 Mater
1093 1167 1157 1229 ego,
1181 1171 1251 1230 quo·
1268 1167 1321 1213 tua
1335 1170 1357 1226 e,
1370 1169 1391 1213 a.

80 1257 160 1314 mun
175 1255 308 1332 confixus
321 1273 401 1326 aum,
434 1273 467 1312 eo
485 1255 561 1332 quod
580 1253 662 1311 homo
684 1255 802 1330 ἐπιμανὲς
824 1252 907 1311 labri's
929 1255 959 1312 in
981 1253 1070 1312 medab
1081 1253 1184 1330 populi
1198 1255 1250 1311 ahr-

78 1375 157 1434 puro
172 1355 250 1414 lobio
266 1355 395 1416 habentis
410 1373 463 1434 ego
477 1354 584 1427 habito,
608 1364 637 1413 et
649 1356 789 1413 domabant
804 1357 979 1413 emerec'tuum
995 1356 1056 1413 utili
1065 1355 1155 1413 ocuh's
1169 1356 1247 1412 naeth.

81 1452 154 1518 Non
177 1451 283 1518 Mente
306 1455 398 1533 dixit,
424 1475 481 1518 non
507 1451 715 1539 Cogitationes,
739 1455 791 1516 sed
816 1449 937 1532 Oculis,
962 1473 1078 1536 unaque
1096 1471 1251 1516 caraman

82 1555 208 1619 solidam
231 1555 317 1618 fldem
341 1556 455 1619 statuit.
502 1553 614 1640 Ecquid
637 1575 711 1639 ergo
733 1555 873 1633 dicimus,
905 1577 971 1618 cum
994 1555 1180 1636 evangelium
1203 1575 1251 1618 as-

83 1668 182 1735 serat,
216 1662 306 1719 Deum
330 1663 474 1720 cunemine
495 1677 616 1739 unquam
634 1668 904 1738 momenmentum,
941 1657 1102 1741 prophetae
1124 1677 1197 1722 vero
1221 1667 1252 1720 et

83 1759 229 1843 apostoli,
253 1760 312 1822 imo
330 1759 464 1822 dominus
479 1759 560 1842 ipse,
595 1759 773 1822 contrarium
793 1759 956 1822 affirment?
999 1759 1047 1822 An
1066 1757 1161 1842 aliqua
1182 1769 1252 1822 sunt

83 1861 113 1923 in
132 1860 445 1946 scriptoraqnaasibi
464 1861 590 1923 invicem
609 1862 794 1944 repugnanti
826 1857 949 1923 Minime
966 1859 994 1922 id
1014 1859 1142 1942 quidem.
1189 1857 1250 1924 Sed
1291 1864 1297 1875 “

84 1961 247 2047 prophetae
271 1962 344 2026 haud
368 1963 454 2026 dubia
478 1973 507 2025 et
524 1961 649 2047 apostoli
673 1962 758 2024 deum
782 1961 934 2038 viderant,
958 1961 1045 2044 idque
1067 1960 1162 2046 ipsum
1185 1981 1251 2023 ccr-

84 2063 230 2126 tissimom
247 2074 311 2144 cstq
335 2065 387 2128 sed
403 2065 544 2128 hactenus
560 2063 696 2126 viderunt
711 2074 855 2147 quatenus
870 2072 1006 2147 poterant
1018 2062 1090 2146 ipsi,
1115 2073 1143 2124 et
1160 2082 1251 2145 quan·

85 2175 145 2227 tom
169 2165 293 2246 licebat,
323 2187 357 2229 ao
376 2166 617 2251 quemadmodum
633 2165 727 2228 uoluit
749 2166 838 2242 deus,
863 2184 896 2227 se
918 2163 1075 2227 videndum
1099 2163 1143 2225 his
1166 2183 1251 2247 prae·

83 2265 160 2328 buit.
206 2265 323 2352 Quippe
352 2268 450 2332 omnia
481 2277 547 2331 sunt
571 2266 688 2329 ineius
717 2276 863 2351 potestate
893 2265 1000 2350 posita.
1047 2263 1154 2348 Neque
1177 2285 1249 2326 vero

85 2368 204 2430 dubiam
225 2380 272 2431 est
289 2371 357 2453 quin
375 2371 448 2433 deus
466 2369 560 2433 videri
579 2369 843 2452 comprehendique
862 2377 1007 2451 nequeat,
1030 2366 1116 2450 idque
1133 2369 1163 2429 in
1179 2387 1250 2429 cou-

87 2471 169 2534 lessn
191 2481 238 2533 est
260 2472 335 2555 apud
358 2491 473 2534 omncs.
521 2467 581 2534 Sed
606 2480 635 2532 et
655 2471 723 2532 illud
747 2469 870 2554 proinde
893 2481 1022 2547 certum,
1058 2489 1146 2554 posse
1168 2468 1248 2531 illum

86 2593 162 2656 qnae
191 2572 266 2636 velit
294 2573 421 2636 efficere.
475 2575 583 2633 Nullus
611 2583 656 2632 ert
682 2576 755 2632 enim
784 2574 837 2652 qui
862 2576 923 2632 eabe
952 2575 1095 2632 mantula*
1119 2576 1245 2631 resistat.
1262 2592 1401 2651 managa

85 2673 188 2756 Quare
211 2693 277 2736 com
300 2685 330 2736 et
347 2683 452 2736 natura
471 2673 565 2736 risum
586 2693 702 2735 omnem
726 2672 861 2756 effugiat,
886 2682 915 2735 et
933 2673 1025 2757 ipsios
1041 2671 1249 2756 comprehendi

83 2775 178 2856 gloria
201 2786 344 2860 nequeat,
378 2785 475 2838 tameo
499 2773 614 2858 quoties
634 2773 761 2850 bomini,
794 2795 879 2856 quem
903 2775 1059 2858 produxit,
1092 2774 1250 2836 ridendum

84 2897 116 2938 se
145 2876 290 2960 praebere
322 2876 466 2953 voluerit,
501 2875 571 2938 nihil
599 2874 662 2937 eius
693 2875 837 2937 voluntati
870 2874 1042 2937 reluctator.
1097 2871 1250 2958 Siquidem

85 2977 163 3038 nulla
187 2977 291 3040 indeo
315 2977 393 3040 inest
414 2977 530 3041 allectio
552 2995 648 3060 neque
672 2977 729 3060 pati
747 2977 899 3059 quiequam
917 2987 1030 3060 potest,
1055 2985 1088 3039 ut
1105 2985 1154 3037 aot
1172 2975 1249 3058 qnod

85 3079 157 3140 relit
179 3099 239 3140 non
263 3079 412 3163 perficiat,
445 3089 494 3142 aut
517 3081 592 3162 quod
616 3078 690 3140 nolit
711 3078 828 3140 efficiat.
874 3075 930 3140 Est
953 3079 1029 3141 anim
1058 3086 1247 3162 praepotens,

87 3190 117 3241 et
138 3182 344 3263 quodcumque
367 3181 479 3243 libitum
502 3192 547 3242 cst
571 3179 707 3257 molitor,
733 3179 773 3242 ita
797 3189 893 3242 tamen
917 3191 948 3242 ut
970 3199 1043 3263 quae
1068 3179 1249 3242 divinitatem

86 3281 177 3366 ipsios
199 3283 326 3344 deceant
348 3292 489 3366 perpetuo
512 3281 610 3344 iaciat.
657 3279 734 3344 Nam
758 3280 829 3344 nihil
849 3290 912 3358 est,
937 3292 969 3344 ut
991 3281 1071 3360 dini,
1096 3281 1171 3364 quod
1195 3301 1248 3343 vo-

87 3383 188 3446 lontati
214 3383 307 3466 ipsius
328 3375 523 3460 adversetur,
548 3383 718 3466 quominus
737 3402 811 3466 quae
832 3383 905 3445 velit
927 3402 981 3468 pro
997 3403 1034 3445 eo
1050 3403 1085 3444 ac
1103 3382 1250 3446 divinitati

85 3505 157 3548 snae
179 3483 323 3548 convenit
343 3494 520 3568 exequatur.
568 3482 662 3547 Deum
682 3483 797 3567 quidem
815 3482 928 3563 rideri,
952 3485 1125 3568 pracsertim
1142 3483 1178 3547 ab
1197 3483 1249 3546 ho·

86 3606 171 3649 mana
194 3595 320 3664 natura,
355 3607 412 3649 non
436 3603 525 3670 posse
554 3586 697 3665 latemur,
732 3605 827 3668 neque
851 3586 926 3668 quod
950 3585 1129 3670 aspectabile
1151 3595 1197 3649 est
1220 3585 1249 3647 id

86 3689 160 3771 qood
184 3687 280 3749 rideri
301 3687 420 3750 omnino
444 3709 502 3750 non
526 3698 624 3772 potest
646 3687 753 3750 intueri
772 3688 818 3750 las
835 3698 982 3771 putamus.
1030 3685 1089 3750 Sed
1113 3687 1189 3750 idem
1207 3697 1249 3749 ta-

88 3809 151 3851 men
174 3787 334 3852 invisibilis
356 3790 428 3853 dena
450 3809 504 3874 pro
526 3809 580 3851 soa
603 3788 783 3852 humanitate
805 3809 840 3852 ac
862 3789 991 3874 potentia
1019 3789 1193 3852 imbecillam
1217 3809 1249 3852 a·

88 3889 159 3952 ciem
181 3891 224 3953 ita
252 3889 362 3954 virtute
386 3911 440 3954 sua
463 3889 658 3960 corroborare
682 3891 834 3974 dignatur,
867 3901 900 3954 ot
921 3889 998 3975 qood
1020 3889 1115 3953 videri
1140 3891 1249 3974 alioqui

88 4011 144 4054 oon
161 4001 263 4076 potest
277 3991 410 4075 aspiciat.
453 3989 552 4055 Porro
575 4013 640 4056 cnm
663 3991 811 4056 invisibile
832 3991 903 4054 illnd
921 4003 953 4054 et
965 3991 1108 4054 inbnitnm
1131 3990 1248 4075 aspicit,

88 4113 144 4154 noo
160 4103 307 4176 quatenus
330 4093 472 4156 inlinitum
496 4103 543 4156 est
559 4093 629 4156 illud
650 4094 797 4173 intuetur,
830 4095 880 4156 sed
908 4104 1046 4176 quantum
1069 4091 1147 4155 illius
1172 4092 1248 4176 qnod

88 4193 265 4257 imbecillum
288 4204 336 4256 est
357 4205 461 4258 natura
482 4215 590 4279 capere
607 4206 722 4280 potest,
754 4195 899 4258 eiusmodi
917 4195 947 4258 ri
964 4215 998 4257 ac
1015 4193 1125 4257 virtate
1141 4196 1248 4258 confir·

88 4307 181 4373 mata,
214 4305 247 4357 ut
265 4295 300 4357 ad
324 4295 452 4380 potentis
476 4295 553 4360 illios
578 4295 710 4359 notitiam
735 4295 901 4381 adaequare
927 4316 960 4360 se
985 4295 1090 4382 possit.
1137 4294 1248 4380 Quam·

88 4396 185 4458 obre·
203 4395 276 4459 nibil
299 4407 344 4460 est
362 4397 391 4459 in
410 4396 505 4461 saeris
521 4397 615 4462 literis
637 4419 653 4461 a
673 4417 705 4460 se
720 4397 784 4484 ipso
804 4399 992 4484 discrepans,
1024 4420 1083 4462 non
1100 4399 1248 4466 sententia

87 4496 142 4560 olla
165 4518 241 4584 qnae
265 4497 301 4560 ab
324 4497 382 4562 alia
404 4499 552 4564 sententia
574 4499 726 4564 dissideat.
