3060 5026
280 255 497 310 rauranum.
516 255 560 307 ιιι.
578 255 659 308 rom.
674 255 707 306 ιι.
725 253 825 306 narn.
840 253 973 308 uxxvrr.
1139 235 1202 304 llll

57 377 171 455 paean
193 379 346 456 degustare
364 379 452 439 ellos.
500 373 552 440 Sic
565 388 599 439 et
615 374 717 439 oculus
739 373 923 450 considerat,
957 385 986 436 et
1003 394 1087 440 meos
1109 372 1205 437 intue-

59 487 110 540 tur.
154 473 301 559 Quocirca
316 499 399 542 mens
415 479 484 559 illa,
509 499 583 564 quae
600 478 630 540 iu
648 475 733 540 nobis
749 477 890 554 residet,
909 486 939 538 et
955 497 972 540 a
990 477 1046 539 leo
1063 495 1205 540 concessa

58 589 114 658 est,
143 579 225 643 visus
250 582 436 665 estquidam
462 592 492 644 et
516 591 619 664 gustus
642 601 677 642 ac
699 579 885 643 discernendi
911 577 1046 641 facultas.
1098 576 1206 662 Neque

58 700 123 745 vero
145 681 182 744 iis
209 703 284 765 quoe
309 683 467 747 identidem
497 684 568 746 liuut
597 681 776 758 assentitur,
813 681 869 744 nisi
895 679 1004 744 bomini
1027 679 1204 744 collibuerit.

56 781 94 844 m
108 803 176 846 curo
191 784 220 846 in
237 786 373 848 omnibus
390 787 452 849 lere
469 784 563 848 sauma
582 785 675 848 literis
693 783 730 848 ob
747 781 826 846 illam
848 782 970 867 quaein
987 783 1048 867 ipsa
1063 792 1109 846 est
1128 781 1208 868 cupi-

57 883 167 948 ditatem
185 886 317 952 damnari
337 887 426 951 solet.
472 884 656 972 Quamquam
683 907 741 948 uon
765 887 885 950 omniuo
908 905 978 948 caro
1001 885 1063 969 ipso
1085 886 1206 948 damna-

57 997 114 1066 tur,
144 989 196 1050 sel
222 1010 297 1072 quae
323 989 360 1051 ab
383 989 431 1054 illa
453 989 679 1075 proficiscuntur
705 1008 857 1052 sacrorum
881 988 1020 1053 librorum
1046 987 1206 1052 auotoritas

58 1089 215 1172 proscribit.
261 1089 345 1156 Unde
370 1091 520 1177 apostolus
537 1092 576 1154 ita
593 1091 737 1175 loquitur:
763 1093 830 1152 Seio
846 1095 918 1152 enim
935 1095 1011 1172 quod
1025 1112 1081 1154 non
1097 1093 1207 1152 labr’tct

56 1195 151 1266 mnae,
184 1197 341 1256 locatio
358 1217 446 1257 carne
468 1217 545 1270 maa,
579 1197 690 1256 bonum.
738 1189 825 1276 Quod
844 1194 879 1256 ad
901 1193 1139 1256 accelerandum
1160 1203 1206 1254 eat

56 1314 123 1376 quae
140 1316 179 1359 ex
196 1317 287 1359 carue
303 1308 507 1360 succrescunt.
556 1296 653 1380 Atque
672 1307 702 1360 ut
718 1295 933 1360 baereticorum
950 1295 1104 1380 opiniones
1118 1293 1207 1357 relcl-

56 1394 140 1475 leret,
173 1417 211 1460 ue
237 1419 356 1462 carnem
379 1398 436 1462 sibi
460 1401 672 1484 persuaderent
693 1399 730 1462 ab
752 1397 830 1462 omui
855 1397 1085 1461 resurrectionis
1107 1409 1207 1483 spuet

56 1500 253 1564 commuuione
276 1500 437 1580 deiectam,
471 1501 543 1566 bueo
568 1501 721 1565 adiunxit.
758 1505 875 1582 Oportet
892 1503 1077 1582 eorruptlbrle
1093 1505 1176 1563 loc
1161 1523 1206 1563 ur·
1236 1514 1320 1561 ιοοι.

55 1603 393 1684 domanam-ruptionem,
418 1615 449 1665 et
459 1607 579 1666 mormle
591 1606 645 1665 loe
657 1607 774 1666 maluere
785 1605 1040 1678 cmmortulatutem
1065 1623 1103 1666 ne
1115 1623 1206 1688 opera
1241 1567 1272 1624 ιδ’
1285 1567 1319 1612 ⁸⁸

56 1703 145 1768 carnis
162 1705 344 1783 excludens,
376 1727 452 1789 quae
475 1706 574 1770 carnis
593 1707 710 1769 nomine
725 1706 868 1791 scriptura
890 1706 968 1768 solet
983 1705 1117 1785 afficere,
1149 1727 1206 1769 una

57 1813 83 1864 et
97 1807 324 1872 resurrectionis
341 1827 424 1893 spem
440 1829 459 1871 a
475 1829 564 1872 carne
578 1808 729 1872 videretur
744 1808 915 1872 excludere.
962 1753 1117 1891 Siquileul
1133 1828 1206 1892 quae

55 1906 148 1972 ivilla
179 1920 361 1973 exercentur
390 1913 549 1994 depravata
579 1931 670 1996 opera
702 1911 858 1974 manifeste
886 1910 1050 1988 damnavit3
1086 1929 1205 1974 earnem

55 2007 139 2092 ipsam
162 2032 237 2076 vero
264 2023 397 2076 sanetum
424 2014 566 2097 quoddam
585 2033 652 2076 esse
671 2012 808 2098 templum
826 2011 854 2075 in
873 2013 973 2096 coqui
990 2033 1108 2076 earnem
1125 2032 1209 2077 suam.

55 2112 244 2177 sanctificavit
259 2135 328 2177 esse
345 2115 461 2193 docuitp
492 2116 732 2199 quemadmodum
749 2113 968 2198 scriptumest,
1003 2117 1113 2193 Religio
1128 2136 1207 2176 mun-
1218 2129 1360 2190 aaronem.

55 2215 86 2272 lo
98 2217 147 2276 deo
162 2227 192 2277 et
204 2221 288 2296 patra'
297 2219 367 2282 loce
383 2229 442 2292 est,
475 2222 592 2280 or'cllure
607 2219 748 2300 orphanos
769 2227 800 2278 et
815 2219 914 2278 orbum
930 2221 959 2278 r'n
974 2217 1127 2298 afflictione
1139 2237 1204 2292 suo,

54 2326 80 2374 ct
93 2320 299 2380 ainmoeulotnm
322 2341 354 2381 ce
372 2341 540 2382 conseruare
563 2321 599 2382 ol
617 2323 671 2381 loc
687 2323 808 2381 mundo.-
839 2317 908 2382 item
927 2318 986 2382 alio
1005 2319 1091 2396 loco,
1125 2321 1211 2379 lleota'
1325 2400 1329 2411 Ι

54 2423 215 2500 pulparum
232 2432 395 2503 castumque
415 2443 529 2485 curnem
550 2443 630 2484 auum
645 2425 830 2485 sonaverunt.
878 2417 974 2484 Porro
992 2419 1138 2505 scriptura
1155 2419 1206 2482 utl-

55 2539 152 2586 rersua
168 2523 250 2586 illam
274 2543 363 2608 saepe
389 2525 542 2609 disputans
566 2525 738 2610 cupiditates
762 2544 797 2588 ac
817 2523 982 2608 voluptates
1003 2521 1039 2586 ab
1066 2522 1121 2586 bac
1144 2522 1207 2606 ipsa

53 2622 189 2704 pullulare
214 2645 268 2688 nos
292 2627 409 2704 docuit,
440 2638 689 2690 contrementem
711 2647 784 2690 vero
804 2625 875 2689 oibil
893 2625 1013 2689 omniuo
1030 2623 1124 2704 dixit,
1155 2625 1207 2688 scd

52 2723 115 2790 rllul
128 2727 292 2806 duntaxat
316 2733 439 2793 Psallam
454 2739 562 2804 mente,-
581 2733 702 2810 pcnllum
719 2741 749 2791 et
762 2732 884 2809 aprmtu
917 2727 1004 2806 item,
1035 2731 1073 2790 Sa
1082 2730 1204 2809 psallum
1241 2738 1323 2846 ιῂῦῗὶ.

51 2832 165 2906 meniu,
191 2851 268 2892 mens
282 2843 375 2894 autem
391 2853 451 2894 meo
469 2834 711 2913 anfractuosum
759 2827 815 2896 Ubi
834 2830 917 2894 vides
936 2849 1022 2894 auum
1040 2829 1131 2894 menti
1145 2833 1204 2896 lru·
1243 2849 1268 2888 a
1269 2823 1316 2890 tt

53 2940 124 2994 ctum
147 2932 340 3012 attributum,
377 2953 411 2996 ao
436 2933 552 2998 tametsi
578 2935 691 2998 lruotus
718 2933 814 2997 oullua
840 2931 967 3009 existat,
1002 2931 1081 2996 nullo
1109 2942 1206 2995 tumen

53 3034 133 3097 uolo
147 3045 278 3099 mentem
297 3036 375 3100 iuter
390 3046 511 3121 peecata
530 3036 715 3114 numeravit,
739 3037 792 3100 sel
807 3055 847 3099 ex
861 3035 925 3119 ipsa
944 3033 1041 3119 potius
1056 3033 1130 3100 oriri
1146 3035 1206 3098 lru·

53 3144 124 3200 otum
146 3136 288 3202 asseruit.

130 3237 246 3322 Ecquid
263 3260 336 3304 vcro
352 3259 392 3304 ex
409 3239 475 3304 istis
491 3241 626 3306 omuibus
642 3241 786 3306 adversus
803 3237 965 3306 divinitatis
980 3237 1089 3303 domini
1111 3239 1205 3304 nostri
1253 3235 1313 3304 θει-

53 3339 106 3402 vim
120 3363 156 3406 ac
174 3351 349 3426 potestatem
368 3341 457 3407 lacit?
486 3353 537 3407 aut
558 3365 614 3427 qua
632 3344 661 3408 iu
680 3364 713 3406 re
736 3343 858 3406 candem
877 3342 955 3408 illam
978 3340 1037 3406 vim
1054 3341 1208 3406 sanctissi-
1234 3305 1336 3360 xm·

52 3461 112 3507 mac
128 3443 261 3509 mulieris
275 3456 381 3510 venter
398 3445 589 3510 obscuravitl
610 3456 661 3509 aut
676 3445 798 3530 virginis
816 3445 939 3510 uterusl
960 3454 1125 3530 autpertus
1140 3443 1205 3509 exi·

54 3553 95 3608 tus
111 3567 147 3612 ac
168 3549 304 3612 mentua?
326 3557 379 3612 ant
394 3544 554 3634 Symeonis
570 3547 677 3612 uluael
707 3558 757 3612 aut
774 3547 922 3612 bominum
939 3546 1099 3632 exceptio?
1140 3543 1207 3612 Μι-

52 3645 109 3712 riae
124 3649 275 3732 gestatio?
306 3651 470 3716 meretricia
486 3651 677 3714 attrectatio?
709 3650 839 3716 mulieris
856 3650 969 3736 capilli,
994 3651 1043 3735 qui
1060 3649 1138 3714 illius
1156 3671 1206 3734 pe·

53 3747 100 3814 les
114 3752 324 3836 contigerunt?
352 3763 403 3818 aut
420 3754 589 3838 lacrymae?
618 3763 668 3817 aut
686 3753 735 3816 illa
750 3753 780 3816 io
797 3764 1016 3818 monumentum
1039 3752 1205 3836 depositio?

54 3846 164 3939 Quippe
184 3855 288 3918 siuduu
305 3855 374 3934 illa,
405 3876 479 3939 quae
496 3855 588 3939 ipsius
608 3877 715 3942 corpus
736 3855 884 3934 obvolvit,
916 3856 1064 3920 sincerum
1080 3855 1160 3919 illum
1177 3867 1208 3920 et

54 3951 214 4040 integrum,
250 3959 296 4022 vel
320 3977 461 4022 summam
486 3957 564 4022 illius
588 3967 762 4043 potestatem
787 3977 928 4043 superare
958 3957 1077 4020 minime
1100 3956 1204 4042 potuit.

53 4051 168 4122 Etenim
184 4055 330 4138 loannes,
364 4081 430 4122 oum
444 4058 474 4122 in
493 4060 594 4124 matris
612 4071 697 4124 utero
712 4071 900 4137 versaretur,
934 4057 972 4121 ob
988 4059 1152 4142 ingressum
1169 4061 1204 4125 ad
1217 4081 1301 4142 maa,
1313 4085 1346 4130 u.

54 4177 117 4223 sese
131 4161 241 4226 domini
259 4161 324 4239 sui,
356 4183 442 4244 quem
458 4161 544 4226 beata
561 4162 647 4246 virgo
663 4161 861 4246 parturiebat,
894 4181 964 4246 prae
979 4160 1079 4246 gaulii
1093 4163 1206 4246 magui-

54 4261 149 4328 tudino
165 4263 353 4330 subsultavit.
398 4261 477 4327 ldcm
493 4285 581 4349 porro
595 4263 731 4329 dominus
744 4264 838 4328 editus
852 4263 884 4326 iu
899 4261 1006 4344 lucem,
1031 4274 1062 4328 et
1075 4262 1106 4328 iu
1120 4284 1205 4349 prae·

53 4499 149 4565 menn.
168 4495 261 4568 uiroc,
278 4505 304 4554 in
321 4504 389 4556 colitis
405 4496 560 4570 ἀνθρωπίνη.
