3060 5026
309 222 371 286 398
737 233 861 288 οιυοει
878 235 1048 288 οεινιιινιι

309 347 378 434 μεθ’
396 343 433 434 ἦς
456 348 598 437 ἐρρύσατο
619 352 831 434 αἰχμαλωσίας,
860 348 893 419 τό
910 351 1069 438 τρεύμερον
1089 355 1123 420 ἐν
1141 336 1269 442 όληθείμ
1287 351 1458 441 ἐγειρόμενος

308 451 366 518 σύν
379 452 492 536 στόματι
510 455 561 518 καί
575 460 670 543 ψυχῇ,
691 454 742 519 καί
754 456 846 532 Ιπαντί
865 460 908 542 τῷ
924 452 1041 544 όργάνηο
1055 457 1088 521 έν
1102 452 1238 544 α’ληθείρ,
1260 453 1458 542 εὑρισκόμενος

309 553 381 638 μετά
398 561 455 621 τῶν
475 561 622 639 μαθητῶν
637 554 691 639 την
707 555 1037 642 τεσσαρακονθημερον,
1059 557 1190 643 εύλογῶν
1205 583 1237 624 τε
1253 557 1362 634 αύτούς
1376 562 1458 646 ἐντῷ

301 655 386 743 ’Ὁρει
411 665 471 724 τῶν
487 660 593 725 ἐλαιῶν
618 660 650 724 ἐν
672 655 814 747 ύληθείιγ,
843 657 1038 744 αἰνερχόμενος
1061 663 1104 736 εἰς
1126 657 1256 745 ούρανόν
1279 663 1310 728 ἐν
1328 659 1459 749 ἀληθείη,

307 767 367 826 τῶν
382 767 528 844 μαθητῶν
551 757 644 826 αύτόν
662 760 859 845 θεωρούντων
885 762 941 837 ἕως
961 768 1021 826 τῶν
1038 769 1169 843 νεφελῶν
1187 761 1461 847 ύναλαμβανόμενοι

307 865 340 928 ἐν
359 860 502 951 ύληθείμ,
524 864 713 928 καθεσθέντα
728 864 778 928 καί
794 862 995 945 καθεζόμενον
1009 866 1042 930 έν
1057 868 1141 954 δεξιᾷ
1156 873 1210 932 τοῦ
1225 864 1336 953 πατρός
1350 868 1384 932 έν
1398 863 1460 946 άλη

307 969 394 1054 θείη,
422 967 453 1032 ἐν
474 962 555 1054 αύτῷ
579 971 620 1054 τῷ
639 963 749 1048 σάματι
771 967 821 1030 καί
838 973 874 1054 τῇ
893 962 1029 1048 θεότητι,
1061 969 1093 1034 έν
1116 967 1193 1057 αὐτῇ
1211 975 1248 1058 τῇ
1267 972 1360 1057 τελείᾳ
1384 971 1460 1035 ἐνου-

307 1065 480 1153 θρωτιύσει,
508 1060 693 1158 ᾗσυνήνωσε
709 1067 745 1133 τά
760 1067 815 1134 ὅλα
830 1071 872 1144 εἰς
885 1071 921 1133 ἐν
938 1069 988 1134 καί
1005 1073 1076 1150 μίαν
1093 1069 1296 1154 πνευματικόν
1312 1075 1461 1150 τελείωσιν,

308 1169 382 1247 θεός
399 1169 442 1236 ῶν
458 1173 491 1236 ἐν
515 1169 586 1260 όύξη
602 1168 801 1254 καθεζόμενος
821 1179 923 1256 κρῖναι
943 1177 1054 1250 ζῶντας
1073 1174 1125 1237 καὶ
1141 1171 1281 1260 νεκρούς,
1311 1173 1463 1258 έρχόμενος

309 1276 342 1340 ἐν
354 1270 487 1362 ύληθείμ.
533 1275 594 1338 Καί
608 1270 697 1338 ούδέυ
710 1275 769 1339 ἐστι
785 1274 1033 1358 παρηλλαγμένον,
1056 1272 1127 1339 άλλά
1138 1273 1236 1342 πάντα
1248 1277 1342 1342 τέλεια
1355 1281 1462 1351 τελείως

307 1379 339 1444 ἐν
360 1374 439 1466 αύτῷ
462 1379 495 1442 ἐν
516 1372 670 1458 τελειότητι
691 1376 872 1462 εἰργασμένα.

171 1503 292 1576 xmp,
396 1485 503 1554 Καλῶς
519 1479 552 1544 δὲ
573 1479 647 1561 ἔχειν
665 1478 862 1562 περὶτούτων
883 1482 1054 1561 νομίσαντες
1068 1481 1126 1557 ἕως
1142 1480 1251 1548 τούτου
1269 1481 1337 1567 περὶ
1355 1479 1463 1546 τούτων

308 1585 448 1667 εἰρῆσθαι
466 1579 686 1664 ἐόικαιούσοιμεν.
732 1581 809 1667 Περὶ
826 1580 857 1646 ἰέ
872 1572 915 1646 ῶν
931 1581 1119 1665 ἐνηχήθημεν
1134 1581 1225 1651 πάλιν
1243 1589 1463 1670 περτττολογιῶν

309 1692 370 1750 τῶν
382 1683 419 1750 τό
434 1689 555 1749 τοιαῦτα
571 1681 714 1769 λεγόντων
728 1679 890 1770 άναγκαῑον
906 1685 958 1749 καί
975 1683 1053 1750 αύτά
1067 1682 1230 1765 ύποδελξαι.
1277 1684 1323 1752 Ού
1338 1685 1464 1750 πάννύέ

309 1783 541 1869 πεπιστεύκαμεν
561 1783 608 1851 ότι
626 1785 721 1864 οὕτως
736 1783 806 1871 παρ’
827 1785 933 1862 ωύτοῐς
950 1782 1061 1876 ᾄδεται.
1095 1787 1206 1872 Ὅμως
1225 1787 1262 1854 τά
1286 1791 1464 1872 ἐνηηηθέντα

311 1887 349 1955 ού
370 1885 566 1972 σιωπήσομεν.

399 2095 482 2171 Τινὲς
501 2093 557 2180 γάρ
576 2096 628 2160 καί
642 2091 803 2177 ἐτόλμησαν
817 2095 909 2179 λέγειν
924 2091 971 2160 ύτι
985 2091 1074 2160 πάλιν
1091 2095 1167 2172 τινές
1180 2097 1211 2173 ἐξ
1225 2093 1328 2162 αύτῶν
1345 2097 1464 2182 λέγουσι

309 2198 378 2284 περί
394 2201 534 2284 Μαρίας,
565 2194 637 2280 μετά
663 2195 696 2262 τό
711 2198 913 2282 γεγεννηκέναι
934 2194 986 2262 τόν
1004 2196 1133 2284 Χριστόν
1151 2201 1360 2282 ἐπισυνῆφθοιι
1384 2196 1465 2280 άνίρί

308 2310 349 2392 τῷ
366 2298 485 2384 Ἰωσήφ.
532 2298 680 2382 Θαυμάζω
704 2300 737 2388 δέ
760 2301 787 2364 εί
809 2301 859 2365 καί
885 2298 973 2365 αύτοί
996 2309 1083 2366 τοῦτο
1104 2302 1248 2386 λέγουσιν.
1291 2304 1367 2366 Εἰσὶ
1389 2301 1421 2367 τλέ
1439 2301 1467 2366 οί

167 2426 218 2473 τοι·
231 2412 288 2460 ¹⁰³¹·
307 2410 395 2471 τούτο
414 2405 560 2488 λέγοντες,
582 2401 637 2478 ούς
651 2403 702 2468 καί
717 2399 829 2479 αύτούς
849 2403 881 2468 ἐν
894 2411 956 2480 τοῖς
973 2408 1125 2486 σχίσμασιν
1140 2402 1367 2486 ἦριθμήσαμεν,
1390 2407 1466 2485 οἰτη

307 2509 412 2583 θέντες
434 2508 487 2571 καί
506 2502 675 2592 γράψαντες
692 2503 847 2588 ἐπιστολὴν
864 2507 897 2570 ἐν
912 2513 948 2596 τῇ
963 2503 1086 2594 Ἀραβίμ
1112 2505 1191 2590 πρός
1208 2531 1291 2582 τινας
1312 2505 1392 2572 κατά
1412 2512 1467 2574 τῶν

307 2617 394 2677 τοῦτο
418 2605 568 2694 λεγόντων.
614 2605 715 2672 Πολλά
739 2608 771 2674 ἰέ
788 2610 881 2673 ἐκεῖσε
903 2609 969 2692 περί
991 2606 1102 2674 τούτου
1120 2606 1277 2694 εἰρήκαμεν
1298 2611 1331 2676 ἐν
1347 2617 1387 2699 τῇ
1408 2603 1466 2676 τοτ’

308 2709 420 2787 αύτούς
445 2706 598 2777 ύποθέσει.
644 2712 785 2794 Καθεξῆς
808 2710 841 2776 δέ
862 2711 894 2776 ἐν
908 2716 971 2799 θεῷ
991 2712 1043 2776 καί
1065 2709 1160 2794 αύτήν
1181 2709 1357 2792 ἰδιάζουσαν
1376 2721 1466 2778 καθν

307 2815 435 2894 ποτάξω.

384 3017 485 3084 Ἀλλοι
501 3019 534 3086 δὲ
549 3021 666 3100 ἐφασαν
681 3017 734 3085 τόν
749 3020 871 3105 γέροντα
886 3020 1034 3103 εἰρηκέναι
1050 3017 1097 3086 ότι
1117 3021 1149 3085 ἐν
1166 3025 1202 3109 τῇ
1218 3020 1325 3110 πρῶτη
1342 3017 1467 3086 ύναστύ·

308 3144 351 3191 σει
361 3126 607 3208 χιλιονταετηρίόα
616 3120 682 3189 τινά
693 3125 886 3206 ἐπιτελοῦμεν,
901 3131 963 3200 τοῖς
974 3121 1075 3200 αὐτοῖς
1084 3121 1344 3206 έμπολιτευόμενοι
1356 3121 1468 3199 όκοίοις

307 3229 360 3294 καί
373 3233 442 3307 νύν,
466 3222 507 3301 ῶς
523 3227 575 3292 καί
589 3225 682 3309 νόμον
698 3226 750 3291 καί
767 3223 838 3290 άλλα
854 3223 1066 3306 φυλάττοντες,
1088 3228 1140 3292 καί
1157 3224 1253 3292 πάντα
1270 3233 1325 3309 τῆς
1340 3227 1468 3311 χρήσεις

307 3336 361 3413 τῆς
377 3331 409 3396 ἐν
421 3336 462 3416 τῷ
476 3327 595 3418 κόσμηο,
624 3326 724 3415 γάμου
741 3354 772 3394 τε
789 3331 841 3394 καί
857 3336 1017 3414 περιτομῆς
1034 3331 1084 3396 καί
1102 3337 1163 3396 τῶν
1178 3326 1274 3394 άλλων
1293 3331 1466 3412 μετέχοντες,

310 3431 386 3518 ὅπερ
403 3430 441 3498 ού
454 3429 535 3496 πάνυ
548 3433 617 3516 περί
634 3428 727 3497 αύτού
738 3430 977 3517 πεπιστεύκαμεν.
1009 3429 1062 3509 Ὡς
1077 3434 1110 3498 δέ
1122 3456 1197 3508 τινες
1211 3431 1467 3515 θιεβεβοιοίσαντο,

308 3541 397 3601 τοῦτο
418 3537 534 3616 ἐφησαν
555 3533 646 3601 αύτόν
668 3537 825 3622 εἰρηκέναι.

394 3844 455 3908 Καί
470 3841 516 3908 ότι
532 3842 585 3925 μὲν
601 3845 760 3928 γέγραπται
777 3847 846 3931 περὶ
868 3851 922 3928 τῆς
936 3847 1199 3929 χιλιονταετηρίόος
1220 3841 1343 3926 ταύτης,
1375 3843 1470 3912 ὄτιέν

306 3955 344 4038 τῇ
361 3942 563 4027 Ἀποκαλύψει
576 3941 732 4028 Ἰωάννου,
755 3951 806 4014 καί
822 3947 868 4014 ότι
883 3946 965 4033 παρά
984 3953 1126 4024 πλείστοις
1146 3948 1247 4013 ἐέστίν
1264 3943 1406 4029 ἡβίβλος
1423 3971 1469 4012 κε-

307 4049 505 4132 πιστευμένη,
533 4049 583 4114 καί
603 4046 685 4134 παρά
699 4059 762 4126 τοῖς
775 4052 945 4134 θεοσεβέσι,
975 4055 1074 4134 δῆλον.
1124 4047 1185 4133 Τὴν
1200 4049 1232 4114 δὲ
1249 4051 1353 4131 βίβλον
1370 4046 1467 4134 ῶναχι

307 4151 473 4227 νούσκοντες
490 4153 521 4216 οί
534 4159 678 4232 πλεῖστοι,
709 4156 759 4218 καλ
774 4151 920 4237 εύλαβεῐς,
954 4155 1046 4239 2περί
1063 4161 1122 4219 τῶν
1134 4158 1343 4236 πνευματικῶν
1358 4150 1470 4226 εἰδότες

307 4254 360 4321 καί
377 4256 409 4320 ἐν
425 4253 502 4345 αὕτη
520 4260 724 4340 πνευματικῶς
740 4257 843 4340 έχοντα
860 4255 1059 4340 λαμβάνοντες
1072 4254 1173 4340 α’ληθῑχ
1192 4255 1246 4337 μέν
1259 4251 1347 4334 όντα,
1369 4256 1406 4320 ἐν
1419 4257 1469 4338 βσ-

343 4426 553 4480 οιν.ΧΧΧλ’ίί.
570 4461 604 4472 -
648 4431 669 4480 ί.
688 4427 757 4482 ἐστὶν
779 4431 869 4482 deside·
937 4429 1093 4494 2Suspicor
1117 4428 1162 4482 καὶ
1184 4427 1241 4495 περί
1262 4429 1314 4480 τῶν
1334 4445 1470 4496 πνευματι-

307 4500 377 4547 τοίιιτ
390 4499 416 4548 τ’τι
431 4499 485 4548 τίτί.
501 4501 582 4550 Ρείου.
602 4500 682 4550 colon.
698 4503 769 4560 νομοί.
904 4497 956 4552 κῶν
974 4496 1087 4558 εἰδότες,
1107 4496 1132 4552 έν
1151 4493 1216 4566 αύιῄ
1236 4497 1290 4549 κτλ.
