3042 5016
304 352 443 408 ransart
458 355 524 408 urs.
537 357 583 408 ιιι.
595 355 680 408 rou.
693 355 712 406 1.
729 355 829 406 uara.
842 354 964 406 uxxvr.
1150 339 1213 406 265

58 473 313 560 pronuntiaverat,
348 474 450 539 eadem
468 475 503 538 ad
521 475 607 539 bnem
630 497 722 560 usque
743 475 847 540 iisdem
866 474 901 538 de
916 473 1023 552 rebus,
1055 494 1111 540 neo
1135 473 1214 538 aliud

57 588 208 662 praeterea
229 588 342 642 narrat.
386 575 458 642 Nou
486 580 627 664 mysteria
652 577 709 642 ulla
725 579 811 643 uobis
834 577 965 662 aperuit,
997 599 1056 640 nou
1082 578 1118 640 do
1144 577 1212 656 deo,
1280 620 1283 628 ·

56 700 138 766 quem
153 681 305 765 protessus
320 691 395 756 erut,
421 680 530 760 docuit,
555 703 613 745 noo
630 680 727 761 tidem,
751 681 834 746 cuius
852 679 1000 765 praesidio
1016 679 1090 743 mira
1104 678 1214 744 lacien-

56 793 98 848 tes
116 782 261 869 apostoli,
286 803 351 846 cum
369 781 491 846 solidam
509 783 641 850 veritatis
657 784 875 848 coulessionem
893 781 1111 869 concepissent,
1135 803 1214 846 mor·

54 897 119 950 tuos
135 884 322 966 excitarunt,
352 885 572 972 elephantiacus
591 898 770 972 purgarunt,
803 887 918 970 alisque
937 885 1088 970 praeclare
1107 884 1214 948 cobae-

53 989 148 1054 reotia
165 988 394 1074 praestiterunt,
419 1008 493 1072 quae
510 989 625 1073 quidem
645 1009 715 1053 vere
735 989 872 1052 nunsula
891 989 990 1074 specie
1008 997 1134 1073 patrata,
1159 1007 1212 1051 ve·

53 1092 92 1155 lut
108 1103 282 1175 argumenta
300 1103 387 1176 atquc
409 1091 516 1154 iudicia
535 1093 740 1176 proferebant:
772 1090 869 1154 atille
886 1101 987 1154 contra
1005 1089 1076 1154 uibil
1092 1101 1212 1176 praeter

50 1196 229 1262 vanissimas
246 1206 277 1258 et
299 1205 439 1259 ventosas
462 1193 701 1280 syllogismorum
726 1193 903 1259 subtilitates
921 1193 950 1257 in
969 1194 1094 1258 medium
1112 1193 1211 1270 allert,

51 1321 123 1385 quas
141 1299 223 1384 ipsas
244 1297 406 1383 repetendo
423 1297 541 1382 saepius
563 1297 598 1362 ad
618 1297 783 1362 satietatem
802 1297 928 1380 ingerit,
962 1317 1016 1360 uec
1033 1295 1110 1359 aliud
1127 1315 1213 1378 prae·

48 1412 131 1466 terea
157 1401 303 1488 proponit.
350 1396 499 1494 Quocirca
522 1400 661 1465 lectorem
688 1408 821 1484 rogatum
840 1399 992 1476 volomus,
1025 1419 1063 1462 ue
1079 1398 1106 1461 id
1127 1397 1211 1462 uobis

48 1505 122 1568 uitio
148 1504 332 1569 tribuendum
360 1503 511 1567 existimet
534 1503 610 1587 quod
636 1513 667 1566 et
691 1502 746 1588 ipsi
764 1501 882 1588 saepius
901 1503 1001 1566 cadem
1026 1511 1211 1586 repetamuas

47 1609 146 1691 quod,
177 1617 211 1671 ut
232 1606 273 1670 illi
298 1607 546 1692 respondeamus,
577 1607 676 1669 lacere
699 1605 754 1669 boc
774 1605 839 1669 loco
861 1607 1004 1691 cogimur.
1052 1601 1145 1689 lgitur
1160 1623 1212 1688 ge·

46 1709 264 1788 uitasoboles,
298 1728 349 1794 pro
369 1707 655 1772 eoacdiviuitatem
674 1708 776 1788 decet,
811 1708 999 1773 immutabilis
1020 1723 1081 1790 est,
1114 1711 1214 1775 sedat

47 1813 111 1898 ipse
127 1811 250 1898 genitor
264 1810 454 1876 immutabilis
469 1821 534 1890 est,
558 1811 799 1895 quemadmodum
818 1813 965 1876 constanti
980 1811 1072 1898 ipsius
1090 1823 1213 1877 naturae

45 1914 203 1979 convenit.
250 1910 391 1978 Ceterum
417 1914 536 1998 genitor
560 1913 600 1977 ita
627 1925 744 1992 manet,
780 1925 811 1978 ιιι
833 1935 918 1999 quem
945 1936 961 1977 e
986 1916 1085 2000 seipso
1110 1916 1213 1999 genuit

45 2028 193 2103 perpetuo
215 2037 316 2080 secum
342 2016 465 2097 babeat,
497 2037 552 2080 nec
577 2016 664 2082 ullam
688 2017 814 2082 osrrditis
836 2038 852 2080 a
876 2037 910 2080 se
930 2017 1019 2082 rebus
1045 2018 1211 2103 auspicandi

43 2121 237 2185 occasionem
257 2118 397 2204 praebet,
431 2130 462 2183 ut
485 2120 532 2184 vel
551 2119 616 2184 sina
639 2119 698 2183 filio
722 2118 889 2204 intelligere
912 2131 1042 2206 patrem,
1074 2122 1121 2185 vel
1147 2121 1212 2186 siue

42 2235 129 2308 patre
146 2223 279 2309 genitum
299 2222 407 2302 lilium,
439 2234 490 2286 aut
507 2224 667 2309 perlectum
684 2221 748 2286 eius
765 2223 917 2308 spiritum,
946 2229 998 2306 pua·
1011 2235 1127 2306 epatre
1141 2246 1212 2306 pro·
1244 2242 1324 2289 ιιιιι

41 2331 138 2400 cedit,
173 2329 445 2408 etafilrbaem'pit,
479 2326 578 2389 animo
604 2324 718 2411 possint
742 2325 910 2410 concipere.
956 2325 1055 2411 Atque
1080 2327 1137 2392 boc
1158 2349 1211 2391 ua·

42 2441 112 2494 tura
138 2427 188 2493 dei
214 2427 333 2513 dignum
354 2439 418 2508 est,
452 2428 637 2514 maximeque
659 2437 910 2508 cousentaneum,
945 2429 1051 2493 nullam
1068 2440 1099 2494 ut
1115 2431 1213 2516 splen·

40 2534 128 2597 doris
144 2531 351 2596 accessionem
367 2531 557 2596 extrinsecus
576 2531 725 2616 requirat,
759 2531 810 2596 sed
829 2541 919 2596 totum
938 2532 1007 2597 illud
1026 2545 1167 2620 perpetuo
1182 2533 1213 2597 iu

39 2633 166 2722 propria
190 2634 345 2698 identitate
366 2634 528 2698 contiueat.

134 2737 219 2802 Aelii
237 2733 336 2822 Caput
352 2733 442 2800 XVl.
489 2733 522 2802 Si
543 2736 666 2822 ingeniti
684 2757 746 2802 vox
763 2736 956 2802 substantiam
977 2739 1127 2825 exprimit,
1151 2760 1213 2804 me·

38 2839 100 2904 rito
135 2839 173 2904 ab
206 2839 298 2924 geniti
328 2838 509 2918 substantia,
548 2840 627 2904 velut
659 2838 819 2904 membrum
850 2841 1002 2906 divisionis
1034 2844 1211 2929 oppositum,

35 2943 240 3006 discernitur.
287 2939 341 3007 Sin
359 2952 456 3007 autem
477 2942 548 3006 nibil
564 2944 683 3006 omnino
701 2943 874 3007 vocabulum
895 2943 963 3012 illud
982 2944 1103 3028 ingeniti
1121 2947 1213 3031 signi·

34 3046 129 3124 licat,
163 3045 256 3109 multo
282 3045 378 3109 miuus
403 3044 494 3128 geuiti
523 3066 582 3109 vox
606 3044 712 3130 aliquid
740 3044 903 3130 exprimet3
935 3069 1030 3131 neque
1058 3049 1211 3133 quicquam

32 3149 196 3234 supererit
213 3147 289 3233 quod
305 3149 334 3211 in
350 3147 494 3211 divisione
511 3147 594 3212 alteri
617 3150 802 3233 respoudeat.
850 3146 936 3234 Quod
956 3150 981 3213 si
1001 3151 1123 3234 ingeniti
1144 3173 1212 3237 pro·

28 3251 110 3315 latio
130 3250 198 3334 ipsa
216 3271 234 3313 a
250 3249 341 3335 geniti
358 3251 540 3336 prolatione,
573 3250 653 3314 velut
679 3251 838 3316 membrum
859 3253 1013 3316 divisionis
1033 3255 1210 3339 oppositum,

30 3354 235 3431 secernitur,
266 3353 509 3416 cumsecuudum
529 3351 795 3438 pronuntiationem
814 3365 943 3434 tacetur,
975 3352 1211 3422 Christianorum

26 3477 119 3543 spem
143 3456 233 3518 ruodo
251 3455 400 3534 existere,
434 3455 520 3518 modo
536 3455 669 3538 extingui
690 3475 812 3520 necesse
834 3466 898 3536 est,
929 3479 1004 3542 quae
1022 3470 1081 3522 tota
1099 3459 1213 3546 inpro-

25 3559 232 3623 uuntiatioue
252 3557 412 3638 consistat,
437 3579 495 3622 nou
512 3557 541 3620 iu
562 3557 692 3637 naturis,
725 3579 800 3642 quae
818 3557 857 3623 ita
880 3581 948 3625 sese
969 3561 1094 3626 babeant
1109 3574 1142 3627 ut
1159 3585 1212 3628 vo-

24 3663 218 3728 cabulorum
240 3660 415 3746 significatio
437 3661 501 3745 ipsa
524 3681 593 3746 prae
616 3681 650 3724 se
673 3661 751 3724 serre
774 3661 902 3728 videtur.

125 3759 257 3830 Conlut.
279 3761 368 3827 XVl.
414 3760 571 3846 Quomodo
601 3783 676 3847 quae
706 3775 809 3828 eontra
840 3785 873 3829 sa
904 3767 1014 3833 iaciunt
1044 3768 1211 3834 testimonia

20 3869 161 3955 priores
177 3887 323 3950 usurpare
338 3866 435 3931 solent
451 3864 470 3928 ii
489 3865 537 3951 qui
557 3867 705 3930 rudiorunr
725 3868 831 3933 animis
856 3881 1005 3954 stuporem
1027 3871 1149 3934 iniicere
1167 3870 1212 3934 di·

21 3971 201 4036 dicerunt?
244 3967 362 4032 Etenim
385 3969 512 4046 Atilius,
543 3968 593 4053 qui
615 3969 725 4034 insola
746 3973 1003 4056 pronuntiatione,
1037 3995 1094 4036 uon
1116 3974 1145 4036 in
1165 3975 1210 4038 rei

19 4077 190 4150 veritate,
223 4093 303 4157 spem
330 4093 447 4135 omrrnm
471 4071 646 4150 collocavit,
681 4072 758 4137 istud
777 4074 871 4160 ipsum
891 4074 974 4138 nobis
991 4075 1120 4140 obiicere
1139 4077 1211 4141 nibil

18 4191 69 4242 est
93 4174 242 4254 ueritus,
275 4175 421 4259 cumipse
440 4173 486 4238 dei
504 4175 591 4238 lilium
611 4176 754 4260 deumque
771 4188 882 4261 patrem
900 4178 963 4240 sola
982 4199 1056 4241 uoce
1077 4179 1209 4246 confiteri

16 4305 82 4346 nou
106 4277 287 4343 erubuerit.
333 4275 411 4341 Nam
427 4278 503 4362 quod
529 4279 564 4340 ad
585 4299 639 4342 nos
664 4278 786 4357 attinet,
812 4281 974 4343 naturalem
992 4281 1124 4368 inprimis
1140 4304 1208 4348 esse

14 4397 153 4474 patrem
178 4381 359 4459 asserimus,
394 4389 422 4444 et
437 4380 598 4444 naturalem
617 4381 725 4460 dlium,
759 4393 789 4444 et
809 4383 968 4446 naturalem
988 4385 1122 4469 spiritum
1140 4409 1210 4452 san-

13 4561 106 4640 caaaps
126 4555 307 4618 repostum
322 4557 448 4604 escroton
463 4549 614 4622 teptturdrcc·
681 4549 704 4605 4.
727 4555 801 4621 Vulgo
817 4550 901 4624 μόνος.

9 4643 98 4696 W·

1249 2296 1327 2354 raas
1420 2293 1422 2298 ·
