3072 5002
297 322 434 378 ennean
453 323 516 376 no.
534 325 579 376 nr.
597 323 679 378 ron.
695 325 714 376 t.
733 323 832 377 anca.
848 325 971 380 nxxnr.
1176 317 1216 382 85

67 447 159 525 ipaincp
180 456 246 506 ante
259 449 402 508 saecolum
416 448 551 526 faudrait
563 469 621 522 νιος
645 459 712 508 onte
726 452 818 510 omnnia
832 451 936 528 gearrt't
949 443 1009 510 anei
1043 471 1109 514 cnm
1128 449 1213 531 haec,

64 547 180 629 innatam,
203 543 355 630 Sapientia
373 547 513 625 dixisset,
538 550 690 634 apostolus
705 571 757 634 pro
777 572 813 614 eo
831 551 906 635 quod
924 561 982 628 est,
1008 557 1138 628 lnr'tainn,
1165 575 1215 638 po·

64 649 130 724 enit,
162 653 287 725 Petinae,
321 672 391 737 pro,
425 655 529 714 cenant
551 675 610 728 me,
648 657 781 728 Gentius,
817 674 869 738 pro
900 662 961 715 toto
988 653 1038 717 illo
1067 657 1212 734 membro,
1228 679 1277 724 cot.
1290 678 1310 729 1.
1323 677 1354 724 1⁵.

65 755 342 818 cruciamentorum
359 760 468 818 vairam
482 777 616 831 saonam,
643 766 683 835 et,
710 761 814 818 Gennt't
826 777 883 830 me,
909 757 964 818 isla
981 757 1126 837 stalttexit,
1150 764 1214 822 Pri·
1277 727 1310 774 ta.

63 863 205 936 negentne
220 863 309 921 amnti
328 871 487 920 creaturae.
535 856 678 937 Probae,
703 861 846 921 Fundani!
858 881 918 933 ene,
943 859 1080 943 scripsit,
1104 866 1137 924 ln
1152 870 1213 944 apro

61 972 144 1020 erecto
164 973 233 1023 suat
257 967 360 1024 omnen.
410 959 526 1024 llnrsns
552 983 603 1046 pro
631 961 702 1037 hoc,
734 965 790 1023 Per
804 983 864 1034 me,
900 964 1068 1046 apostolos,
1103 967 1214 1042 (lanea

59 1065 158 1124 necnlo
179 1075 262 1139 aunt,
295 1069 356 1125 rene
378 1067 489 1138 throni,
521 1070 581 1126 sine
598 1069 816 1138 dominationes,
848 1068 907 1125 sine
924 1069 1123 1146 principatur,
1154 1073 1214 1130 aine

56 1177 210 1244 potestates,
243 1171 335 1228 omnic
358 1188 414 1248 per
435 1173 540 1248 sperem,
572 1179 601 1230 et
619 1172 649 1230 aia
666 1172 756 1248 tpsnm
780 1177 976 1229 recalceent.
1027 1165 1127 1252 ltaqne
1146 1191 1211 1234 cntra

59 1270 167 1351 apostoli
192 1270 341 1332 senitentia
365 1291 429 1332 enm
449 1267 622 1356 Sapientiae
642 1289 715 1333 vore
733 1270 768 1332 ad
790 1271 912 1332 verbnm
936 1280 1099 1354 congruat,
1131 1273 1213 1336 vellat

58 1371 158 1432 Initium
175 1394 241 1434 enon
264 1377 375 1447 Primo,
407 1383 438 1436 ol
454 1377 557 1435 Genna’t
579 1395 644 1436 cnm
666 1375 891 1452 benegerentes,
923 1371 1065 1449 ellstan,
1099 1377 1214 1437 Creonit

57 1495 91 1534 ae
111 1479 219 1536 rin'nicm
243 1480 352 1537 nrirrnne
376 1497 492 1538 snorum
511 1481 541 1538 t'n
561 1497 646 1557 opero
666 1481 771 1556 aperies,
804 1496 868 1536 teatin
897 1473 968 1552 hoc,
1001 1479 1211 1557 Prt'rnogena‘tna

56 1583 131 1638 annai
154 1591 323 1654 mennae,
356 1577 424 1642 item
445 1601 496 1664 pro
516 1583 657 1641 Fundani!
673 1601 731 1652 me,
768 1576 841 1640 llaec
855 1578 945 1640 norbo
961 1577 1118 1641 solstitnta
1137 1580 1207 1658 sint,

55 1682 83 1740 ln
96 1685 152 1760 apso
172 1693 272 1743 crecta
288 1694 371 1755 sant,
397 1702 450 1766 pro
468 1681 522 1744 laon
537 1703 628 1757 aero,
652 1685 708 1742 Per
726 1703 783 1754 are,
819 1680 912 1754 istud,
946 1685 1123 1763 Perspecto,
1149 1704 1210 1743 nna·

56 1781 179 1846 ailestnna
199 1795 246 1848 est
265 1789 398 1874 anagrate
422 1804 529 1848 aionien
553 1785 624 1846 citra
646 1783 811 1868 passiannem
835 1785 989 1866 nstarpani,
1023 1793 1052 1845 et
1070 1805 1123 1868 pro
1140 1784 1210 1848 iisce

56 1887 159 1960 aerinis,
192 1891 260 1967 Ego
283 1893 439 1970 sapientiis,
474 1889 598 1972 posittnn
624 1889 731 1963 inisse,
765 1907 799 1947 ao
826 1885 946 1968 proinde
967 1885 1040 1948 sient
1063 1887 1208 1970 snpientia

54 1986 182 2070 sapientis
202 1990 301 2068 olins,
326 1991 487 2054 substantia
504 1990 686 2054 substantiae
705 1999 768 2062 est,
792 1988 836 2048 sic
853 1988 1009 2066 ianapineon
1025 1991 1209 2053 stilistantiae

53 2111 108 2151 esse
123 2091 261 2154 sitnnilrrn.
310 2091 357 2156 En
376 2115 433 2178 qno
448 2095 563 2177 qnnirleon
582 2094 677 2176 innagn
697 2091 762 2164 elei,
787 2089 835 2172 qni
857 2089 950 2151 villeri
968 2091 1062 2152 ocnlis
1080 2112 1137 2153 nam
1158 2114 1207 2175 pn·

52 2199 113 2267 test,
146 2195 201 2257 lnoe
231 2205 274 2257 est
301 2196 395 2275 lilios,
430 2197 614 2279 intelligitur.
664 2192 868 2256 ltalia-tiones
891 2193 1207 2256 annanesarlannnssinn

52 2299 253 2380 respoanlentes
272 2300 424 2363 lnalnrnnus.
471 2296 506 2362 Ut
526 2310 592 2382 pota
610 2319 661 2380 pro
681 2300 830 2377 Sapiente,
855 2299 948 2368 Dens,
975 2315 1026 2379 pro
1045 2298 1203 2375 Snpr'enteir,

49 2400 150 2479 lainga,
177 2423 231 2483 pro
248 2405 349 2477 Initio,
376 2407 502 2476 Petinus,
528 2422 581 2486 pro
598 2403 711 2474 Geanit,
737 2403 870 2472 Genitor,
896 2418 950 2482 pro
970 2407 1031 2460 tolo
1051 2399 1099 2460 illo
1115 2420 1205 2460 mern·

49 2499 109 2578 iro,
138 2503 298 2582 videlicet,
333 2509 447 2567 Iat'tinm
476 2510 584 2566 morena
607 2523 723 2564 suornm
746 2505 854 2563 crearat
879 2523 921 2562 me
941 2505 970 2562 in
1002 2521 1088 2581 opera
1106 2523 1159 2564 anea
1177 2515 1206 2566 et

44 2610 134 2681 gennit
157 2629 220 2681 me,
254 2611 464 2688 Prentogent'tna
486 2612 575 2670 omno
597 2618 763 2679 crectnrcep
796 2604 864 2666 itero
888 2625 959 2688 pro,
992 2606 1135 2667 Fundani
1149 2628 1202 2682 me,

47 2709 74 2767 ln
89 2713 146 2788 e'pso
173 2723 272 2772 creata
289 2722 373 2784 anat,
405 2724 434 2774 et
455 2732 527 2796 pro,
558 2714 614 2772 Per
628 2731 689 2783 ane,
716 2695 814 2769 cinno
828 2729 883 2788 per
896 2712 986 2787 ipsam
1002 2719 1034 2768 ct
1050 2711 1079 2770 in
1099 2713 1201 2789 ipsane.

45 2803 85 2872 Ex
102 2811 206 2894 qnnilnns
223 2813 331 2897 lnpnitlo
347 2801 467 2877 eornstnt
479 2833 530 2875 eos
547 2814 594 2897 qni
615 2813 660 2874 tlei
687 2831 744 2876 oon
761 2809 947 2894 aspectabilis
965 2810 1120 2889 itnapinenn
1136 2833 1204 2875 esse

47 2909 123 2974 lilinnn
142 2916 283 2988 artninnt,
316 2927 345 2978 et
363 2918 550 2981 nillilonninns
572 2915 658 2978 laninas
681 2935 745 2977 cnot
773 2922 855 2996 patre
880 2912 1099 2974 sinnilitnalineoa
1123 2916 1204 2976 cantu·

45 3015 136 3079 naniari
154 3029 215 3080 tana
240 3019 424 3103 impudenter
449 3042 505 3082 non
529 3020 679 3095 tintinna,
712 3016 824 3079 erroris
846 3014 883 3077 ab
900 3015 1034 3098 apostolo
1050 3015 1200 3079 cantneinri.

45 3113 221 3204 Quamquam
240 3143 299 3184 non
319 3122 384 3185 illos
402 3123 496 3185 solnan
516 3123 666 3203 redarguit
683 3119 852 3204 apostolus,
884 3119 935 3178 sen
953 3127 981 3178 et
999 3129 1067 3181 ante
1084 3131 1203 3202 aposto·

44 3218 91 3282 lnn
110 3219 239 3287 lanannes
264 3224 313 3287 ille
333 3245 405 3288 nero
423 3225 543 3288 tantnitrni
562 3226 651 3288 filins.
700 3221 758 3304 Qui
774 3221 876 3302 glatiali
897 3220 944 3282 illa
967 3241 1038 3296 sna,
1072 3223 1204 3285 clarissi-

43 3343 136 3408 naqne
166 3347 243 3388 voce
267 3347 284 3390 e
308 3327 469 3412 sapientiae
495 3329 575 3390 velot
603 3325 783 3388 adtannbratis
813 3334 842 3384 et
864 3321 999 3383 obscnris
1026 3323 1200 3403 innolncris,

42 3426 115 3508 qnasi
133 3429 308 3512 quibusdam
327 3451 344 3494 e
363 3431 506 3510 nubibus,
532 3431 606 3516 piant
624 3430 659 3490 tle
677 3424 930 3490 liliosententinnn
947 3425 1122 3490 adornantem
1140 3449 1203 3489 nno·

41 3529 99 3594 llum
121 3533 233 3596 emisit.

114 3635 331 3700 Animadverte
355 3637 431 3700 enirn
451 3646 483 3699 nt
500 3657 574 3723 qnae
593 3657 609 3700 a
630 3631 782 3719 Sapientia
806 3629 908 3693 didicit
925 3629 953 3692 in
973 3632 1129 3715 evangelio
1147 3655 1201 3700 suo
1215 3647 1275 3716 cap.
1287 3649 1354 3700 vltt.

43 3735 117 3800 nobis
135 3739 324 3824 exposuerit.
369 3737 448 3804 Nam
472 3763 537 3804 com
556 3737 710 3825 Sapientia
730 3733 874 3810 dixisset,
909 3737 1201 3818 Creone'tmepranra·

37 3843 106 3917 pinna
123 3847 235 3904 omum
250 3863 383 3916 rueram,
419 3845 543 3907 loannes
555 3847 696 3926 peciarr'pri'
715 3859 818 3903 vocent
836 3835 998 3921 expressit.
1043 3842 1078 3901 In
1089 3846 1197 3921 peliaci·
1211 3849 1289 3896 launa.
1303 3851 1323 3909 ¹,
1335 3851 1356 3897 t.

37 3947 94 4019 pn,
116 3944 228 4030 inquit,
253 3948 455 4009 centrarium.
502 3943 563 4011 Pro
580 3967 615 4008 eo
633 3966 723 4023 vero,
749 3945 863 4005 creant
877 3961 936 4014 ane,
969 3940 1095 4004 subiecit
1110 3943 1199 4024 istud,

41 4045 250 4123 Ειόοωενατ,
285 4069 321 4110 ne
339 4048 504 4114 istiusmodi
522 4049 661 4127 verbum,
693 4046 769 4132 qttod
794 4042 958 4129 prolatione
981 4058 1114 4126 constat,
1149 4067 1200 4111 ve·
1227 4057 1328 4156 lgna-³2·

41 4165 96 4209 runa
114 4151 206 4214 solide
230 4151 414 4230 stnbnistens,
449 4173 484 4216 ae
509 4153 656 4237 passionis
680 4167 808 4235 expers,
843 4153 874 4206 et
894 4158 1012 4235 epatre
1036 4151 1200 4237 procedens
1265 4134 1288 4144 “
1322 4141 1328 4155 ’

41 4250 154 4314 verbnm
180 4255 267 4318 deum
294 4263 391 4318 mente
415 4255 650 4342 conciperemus.
705 4251 765 4318 lam
789 4251 865 4331 illis,
897 4265 984 4324 Eram
1008 4260 1086 4340 apud
1105 4259 1197 4320 a'llnnn

39 4455 126 4586 dipem
139 4459 205 4508 tht.
226 4489 258 4500 -
293 4463 312 4514 1.
331 4456 394 4528 η’μῖν
411 4478 456 4515 om.
470 4467 521 4516 cod.
536 4465 597 4517 ltlte·
632 4463 774 4586 ‘papam
790 4481 845 4517 mn.
863 4473 883 4517 et
899 4469 934 4519 erl.
950 4472 1024 4532 petae
1039 4463 1109 4535 alpia
1127 4462 1200 4538 η’μὴν

68 4595 89 4644 2.
108 4593 240 4664 metonae
257 4599 308 4648 aad.
327 4600 424 4666 eacan.
665 4599 689 4654 4.
708 4571 863 4658 sortiendam
880 4599 959 4678 stirpi.
