<?xml version="1.0" encoding="UTF-8"?>
<!DOCTYPE html PUBLIC "-//W3C//DTD XHTML 1.0 Transitional//EN"
    "http://www.w3.org/TR/xhtml1/DTD/xhtml1-transitional.dtd">
<html xmlns="http://www.w3.org/1999/xhtml" xml:lang="en" lang="en">
 <head>
  <title>
</title>
<meta http-equiv="Content-Type" content="text/html;charset=utf-8" />
  <meta name='ocr-system' content='tesseract 3.04.00' />
  <meta name='ocr-capabilities' content='ocr_page ocr_carea ocr_par ocr_line ocrx_word'/>
</head>
<body>
  <div class='ocr_page' id='page_1' title='image "./corporishaerese00oehlgoog/corporishaerese00oehlgoog_0574.png"; bbox 0 0 3068 5008; ppageno 0'>
   <div class='ocr_carea' id='block_1_1' title="bbox 455 275 1195 353">
    <p class='ocr_par' dir='ltr' id='par_1_1' title="bbox 455 275 1195 353">
     <span class='ocr_line' id='line_1_1' title="bbox 455 275 1195 353; baseline 0 -1"><span class='ocrx_word' id='word_1_1' title='bbox 455 287 780 353; x_wconf 72' lang='lat' dir='ltr'>nuncurunun‘uosts.</span> <span class='ocrx_word' id='word_1_2' title='bbox 1133 275 1195 352; x_wconf 75' lang='grc'>563</span> 
     </span>
    </p>
   </div>
   <div class='ocr_carea' id='block_1_2' title="bbox 40 417 1202 1120">
    <p class='ocr_par' dir='ltr' id='par_1_2' title="bbox 41 417 1198 588">
     <span class='ocr_line' id='line_1_2' title="bbox 41 417 1198 506; baseline 0.002 -22"><span class='ocrx_word' id='word_1_3' title='bbox 41 420 174 486; x_wconf 92' lang='lat' dir='ltr'>nimirum</span> <span class='ocrx_word' id='word_1_4' title='bbox 197 421 362 486; x_wconf 64' lang='lat' dir='ltr'>senectutis</span> <span class='ocrx_word' id='word_1_5' title='bbox 384 421 586 486; x_wconf 76' lang='lat' dir='ltr'><strong>conciliandae</strong></span> <span class='ocrx_word' id='word_1_6' title='bbox 608 421 662 485; x_wconf 87' lang='lat' dir='ltr'>sibi</span> <span class='ocrx_word' id='word_1_7' title='bbox 685 422 798 506; x_wconf 84' lang='lat' dir='ltr'>gratio,</span> <span class='ocrx_word' id='word_1_8' title='bbox 829 419 1069 504; x_wconf 81' lang='lat' dir='ltr'><strong>quemadmodum</strong></span> <span class='ocrx_word' id='word_1_9' title='bbox 1093 417 1198 486; x_wconf 71' lang='lat' dir='ltr'>lama·</span> 
     </span>
     <span class='ocr_line' id='line_1_3' title="bbox 41 525 126 588; baseline 0 -1"><span class='ocrx_word' id='word_1_10' title='bbox 41 525 126 588; x_wconf 86' lang='lat' dir='ltr'>ritae.</span> 
     </span>
    </p>

    <p class='ocr_par' dir='ltr' id='par_1_3' title="bbox 40 623 1202 1120">
     <span class='ocr_line' id='line_1_4' title="bbox 126 623 1198 712; baseline 0.004 -26"><span class='ocrx_word' id='word_1_11' title='bbox 126 623 327 690; x_wconf 72' lang='lat' dir='ltr'>Valentiniani</span> <span class='ocrx_word' id='word_1_12' title='bbox 353 648 507 712; x_wconf 90' lang='lat' dir='ltr'>corporum</span> <span class='ocrx_word' id='word_1_13' title='bbox 535 627 784 692; x_wconf 87' lang='lat' dir='ltr'>resurrectionem</span> <span class='ocrx_word' id='word_1_14' title='bbox 810 637 930 710; x_wconf 82' lang='lat' dir='ltr'>negant.</span> <span class='ocrx_word' id='word_1_15' title='bbox 986 623 1079 690; x_wconf 90' lang='lat' dir='ltr'>Vetus</span> <span class='ocrx_word' id='word_1_16' title='bbox 1108 637 1198 690; x_wconf 87' lang='lat' dir='ltr'>testa-</span> 
     </span>
     <span class='ocr_line' id='line_1_5' title="bbox 40 725 1199 814; baseline 0.003 -25"><span class='ocrx_word' id='word_1_17' title='bbox 40 739 167 790; x_wconf 90' lang='lat' dir='ltr'>mentum</span> <span class='ocrx_word' id='word_1_18' title='bbox 185 749 219 790; x_wconf 89' lang='lat' dir='ltr'>ac</span> <span class='ocrx_word' id='word_1_19' title='bbox 236 729 391 813; x_wconf 86' lang='lat' dir='ltr'>propbetas</span> <span class='ocrx_word' id='word_1_20' title='bbox 408 739 562 814; x_wconf 86' lang='lat' dir='ltr'>respuunt.</span> <span class='ocrx_word' id='word_1_21' title='bbox 609 725 695 811; x_wconf 84' lang='lat' dir='ltr'>Quae</span> <span class='ocrx_word' id='word_1_22' title='bbox 711 729 899 792; x_wconf 89' lang='lat' dir='ltr'>nibilominus</span> <span class='ocrx_word' id='word_1_23' title='bbox 916 730 1017 812; x_wconf 82' lang='lat' dir='ltr'>legunt</span> <span class='ocrx_word' id='word_1_24' title='bbox 1030 729 1105 813; x_wconf 89' lang='lat' dir='ltr'>ipsi,</span> <span class='ocrx_word' id='word_1_25' title='bbox 1130 729 1199 792; x_wconf 84' lang='lat' dir='ltr'>etsi</span> 
     </span>
     <span class='ocr_line' id='line_1_6' title="bbox 40 829 1200 916; baseline 0.001 -24"><span class='ocrx_word' id='word_1_26' title='bbox 40 829 106 914; x_wconf 92' lang='lat' dir='ltr'>quid</span> <span class='ocrx_word' id='word_1_27' title='bbox 132 831 269 915; x_wconf 89' lang='lat' dir='ltr'>estquod</span> <span class='ocrx_word' id='word_1_28' title='bbox 287 831 322 894; x_wconf 86' lang='lat' dir='ltr'>ad</span> <span class='ocrx_word' id='word_1_29' title='bbox 346 831 461 895; x_wconf 90' lang='lat' dir='ltr'>illorum</span> <span class='ocrx_word' id='word_1_30' title='bbox 482 832 618 895; x_wconf 88' lang='lat' dir='ltr'>baeresin</span> <span class='ocrx_word' id='word_1_31' title='bbox 643 853 695 916; x_wconf 86' lang='lat' dir='ltr'>per</span> <span class='ocrx_word' id='word_1_32' title='bbox 714 836 834 914; x_wconf 84' lang='lat' dir='ltr'>liguram</span> <span class='ocrx_word' id='word_1_33' title='bbox 855 852 889 894; x_wconf 86' lang='lat' dir='ltr'>ac</span> <span class='ocrx_word' id='word_1_34' title='bbox 907 841 1020 916; x_wconf 87' lang='lat' dir='ltr'>tropum</span> <span class='ocrx_word' id='word_1_35' title='bbox 1036 853 1200 894; x_wconf 89' lang='lat' dir='ltr'>accommo-</span> 
     </span>
     <span class='ocr_line' id='line_1_7' title="bbox 40 931 1199 1017; baseline 0.002 -23"><span class='ocrx_word' id='word_1_36' title='bbox 40 935 101 996; x_wconf 89' lang='lat' dir='ltr'>dari</span> <span class='ocrx_word' id='word_1_37' title='bbox 119 934 228 1017; x_wconf 89' lang='lat' dir='ltr'>possit,</span> <span class='ocrx_word' id='word_1_38' title='bbox 260 933 288 997; x_wconf 89' lang='lat' dir='ltr'>id</span> <span class='ocrx_word' id='word_1_39' title='bbox 304 935 470 998; x_wconf 74' lang='lat' dir='ltr'>statuunt.</span> <span class='ocrx_word' id='word_1_40' title='bbox 517 931 576 998; x_wconf 91' lang='lat' dir='ltr'>Sed</span> <span class='ocrx_word' id='word_1_41' title='bbox 603 945 699 997; x_wconf 87' lang='lat' dir='ltr'>certas</span> <span class='ocrx_word' id='word_1_42' title='bbox 725 935 862 1017; x_wconf 88' lang='lat' dir='ltr'>quasdam</span> <span class='ocrx_word' id='word_1_43' title='bbox 883 933 997 998; x_wconf 87' lang='lat' dir='ltr'>labulas</span> <span class='ocrx_word' id='word_1_44' title='bbox 1015 935 1199 1012; x_wconf 83' lang='lat' dir='ltr'>addiderunt,</span> 
     </span>
     <span class='ocr_line' id='line_1_8' title="bbox 41 1035 1202 1120; baseline 0 -22"><span class='ocrx_word' id='word_1_45' title='bbox 41 1048 69 1098; x_wconf 89' lang='lat' dir='ltr'>ot</span> <span class='ocrx_word' id='word_1_46' title='bbox 87 1036 206 1118; x_wconf 78' lang='lat' dir='ltr'>triginta</span> <span class='ocrx_word' id='word_1_47' title='bbox 226 1037 361 1100; x_wconf 80' lang='lat' dir='ltr'>Aeonum</span> <span class='ocrx_word' id='word_1_48' title='bbox 382 1037 533 1120; x_wconf 86' lang='lat' dir='ltr'>utriusque</span> <span class='ocrx_word' id='word_1_49' title='bbox 552 1057 645 1100; x_wconf 84' lang='lat' dir='ltr'>sexus</span> <span class='ocrx_word' id='word_1_50' title='bbox 662 1037 804 1100; x_wconf 87' lang='lat' dir='ltr'>vocabula</span> <span class='ocrx_word' id='word_1_51' title='bbox 830 1035 987 1100; x_wconf 90' lang='lat' dir='ltr'>commenti</span> <span class='ocrx_word' id='word_1_52' title='bbox 1011 1045 1097 1113; x_wconf 84' lang='lat' dir='ltr'>suut,</span> <span class='ocrx_word' id='word_1_53' title='bbox 1128 1056 1202 1120; x_wconf 87' lang='lat' dir='ltr'>quos</span> 
     </span>
    </p>
   </div>
   <div class='ocr_carea' id='block_1_3' title="bbox 42 1138 1324 1324">
    <p class='ocr_par' dir='ltr' id='par_1_4' title="bbox 42 1138 1324 1324">
     <span class='ocr_line' id='line_1_9' title="bbox 42 1138 1324 1222; baseline 0.001 -22"><span class='ocrx_word' id='word_1_54' title='bbox 42 1139 156 1220; x_wconf 88' lang='lat' dir='ltr'>quidem</span> <span class='ocrx_word' id='word_1_55' title='bbox 173 1138 294 1202; x_wconf 75' lang='lat' dir='ltr'>Aeonas</span> <span class='ocrx_word' id='word_1_56' title='bbox 315 1138 351 1202; x_wconf 85' lang='lat' dir='ltr'>ab</span> <span class='ocrx_word' id='word_1_57' title='bbox 370 1139 574 1202; x_wconf 87' lang='lat' dir='ltr'>universorum</span> <span class='ocrx_word' id='word_1_58' title='bbox 599 1148 722 1222; x_wconf 90' lang='lat' dir='ltr'>parente</span> <span class='ocrx_word' id='word_1_59' title='bbox 746 1160 781 1201; x_wconf 89' lang='lat' dir='ltr'>ac</span> <span class='ocrx_word' id='word_1_60' title='bbox 799 1138 952 1202; x_wconf 86' lang='lat' dir='ltr'>conditore</span> <span class='ocrx_word' id='word_1_61' title='bbox 978 1138 1135 1222; x_wconf 86' lang='lat' dir='ltr'>productos</span> <span class='ocrx_word' id='word_1_62' title='bbox 1154 1157 1202 1201; x_wconf 84' lang='lat' dir='ltr'>as·</span> <span class='ocrx_word' id='word_1_63' title='bbox 1245 1184 1250 1206; x_wconf 77' lang='grc'><em>,</em></span> <span class='ocrx_word' id='word_1_64' title='bbox 1319 1160 1324 1171; x_wconf 90' lang='grc'><em>·</em></span> 
     </span>
     <span class='ocr_line' id='line_1_10' title="bbox 42 1237 1311 1324; baseline 0.002 -22"><span class='ocrx_word' id='word_1_65' title='bbox 42 1251 162 1318; x_wconf 85' lang='lat' dir='ltr'>serunt,</span> <span class='ocrx_word' id='word_1_66' title='bbox 194 1261 267 1324; x_wconf 93' lang='lat' dir='ltr'>quos</span> <span class='ocrx_word' id='word_1_67' title='bbox 287 1251 316 1302; x_wconf 88' lang='lat' dir='ltr'>ct</span> <span class='ocrx_word' id='word_1_68' title='bbox 333 1241 404 1303; x_wconf 84' lang='lat' dir='ltr'>deos</span> <span class='ocrx_word' id='word_1_69' title='bbox 422 1252 450 1303; x_wconf 90' lang='lat' dir='ltr'>et</span> <span class='ocrx_word' id='word_1_70' title='bbox 468 1242 589 1304; x_wconf 83' lang='lat' dir='ltr'>Aeonas</span> <span class='ocrx_word' id='word_1_71' title='bbox 606 1241 728 1304; x_wconf 85' lang='lat' dir='ltr'>iaciunt.</span> <span class='ocrx_word' id='word_1_72' title='bbox 776 1239 899 1304; x_wconf 83' lang='lat' dir='ltr'>Domum</span> <span class='ocrx_word' id='word_1_73' title='bbox 918 1237 1202 1304; x_wconf 83' lang='lat' dir='ltr'>Christumecoelo</span> <span class='ocrx_word' id='word_1_74' title='bbox 1302 1287 1311 1305; x_wconf 86' lang='lat'><strong>.</strong></span> 
     </span>
    </p>
   </div>
   <div class='ocr_carea' id='block_1_4' title="bbox 42 1339 1205 1940">
    <p class='ocr_par' dir='ltr' id='par_1_5' title="bbox 42 1339 1202 1510">
     <span class='ocr_line' id='line_1_11' title="bbox 42 1339 1202 1428; baseline 0.001 -23"><span class='ocrx_word' id='word_1_75' title='bbox 42 1365 148 1427; x_wconf 85' lang='lat' dir='ltr'>corpus</span> <span class='ocrx_word' id='word_1_76' title='bbox 167 1343 329 1420; x_wconf 84' lang='lat' dir='ltr'>extulisse,</span> <span class='ocrx_word' id='word_1_77' title='bbox 362 1364 396 1406; x_wconf 89' lang='lat' dir='ltr'>ac</span> <span class='ocrx_word' id='word_1_78' title='bbox 417 1365 470 1428; x_wconf 90' lang='lat' dir='ltr'>per</span> <span class='ocrx_word' id='word_1_79' title='bbox 490 1339 618 1407; x_wconf 85' lang='lat' dir='ltr'>Mariam</span> <span class='ocrx_word' id='word_1_80' title='bbox 639 1344 801 1406; x_wconf 91' lang='lat' dir='ltr'>traductum</span> <span class='ocrx_word' id='word_1_81' title='bbox 819 1363 886 1406; x_wconf 86' lang='lat' dir='ltr'>esse</span> <span class='ocrx_word' id='word_1_82' title='bbox 904 1343 986 1406; x_wconf 83' lang='lat' dir='ltr'>velut</span> <span class='ocrx_word' id='word_1_83' title='bbox 1005 1363 1057 1428; x_wconf 90' lang='lat' dir='ltr'>per</span> <span class='ocrx_word' id='word_1_84' title='bbox 1073 1342 1202 1406; x_wconf 89' lang='lat' dir='ltr'>tubulmn</span> 
     </span>
     <span class='ocr_line' id='line_1_12' title="bbox 42 1445 225 1510; baseline 0.005 -2"><span class='ocrx_word' id='word_1_85' title='bbox 42 1445 225 1510; x_wconf 64' lang='lat' dir='ltr'>existimant,</span> 
     </span>
    </p>

    <p class='ocr_par' dir='ltr' id='par_1_6' title="bbox 42 1543 1205 1940">
     <span class='ocr_line' id='line_1_13' title="bbox 128 1543 1203 1633; baseline -0.001 -22"><span class='ocrx_word' id='word_1_86' title='bbox 128 1543 327 1625; x_wconf 83' lang='lat' dir='ltr'>secundiani,</span> <span class='ocrx_word' id='word_1_87' title='bbox 351 1569 512 1631; x_wconf 87' lang='lat' dir='ltr'>eorumque</span> <span class='ocrx_word' id='word_1_88' title='bbox 531 1548 605 1610; x_wconf 90' lang='lat' dir='ltr'>socii</span> <span class='ocrx_word' id='word_1_89' title='bbox 624 1545 792 1633; x_wconf 70' lang='lat' dir='ltr'>Epiphanes</span> <span class='ocrx_word' id='word_1_90' title='bbox 810 1559 897 1632; x_wconf 86' lang='lat' dir='ltr'>atque</span> <span class='ocrx_word' id='word_1_91' title='bbox 918 1549 1067 1626; x_wconf 87' lang='lat' dir='ltr'>isidorus,</span> <span class='ocrx_word' id='word_1_92' title='bbox 1102 1545 1203 1611; x_wconf 77' lang='lat' dir='ltr'>eaden</span> 
     </span>
     <span class='ocr_line' id='line_1_14' title="bbox 43 1647 1205 1735; baseline 0.002 -25"><span class='ocrx_word' id='word_1_93' title='bbox 43 1647 120 1712; x_wconf 90' lang='lat' dir='ltr'>iuter</span> <span class='ocrx_word' id='word_1_94' title='bbox 145 1670 177 1712; x_wconf 90' lang='lat' dir='ltr'>se</span> <span class='ocrx_word' id='word_1_95' title='bbox 199 1649 280 1734; x_wconf 86' lang='lat' dir='ltr'>paria</span> <span class='ocrx_word' id='word_1_96' title='bbox 305 1662 516 1735; x_wconf 88' lang='lat' dir='ltr'>componentes</span> <span class='ocrx_word' id='word_1_97' title='bbox 541 1671 606 1713; x_wconf 91' lang='lat' dir='ltr'>cum</span> <span class='ocrx_word' id='word_1_98' title='bbox 634 1649 800 1714; x_wconf 87' lang='lat' dir='ltr'>Valentinis</span> <span class='ocrx_word' id='word_1_99' title='bbox 825 1651 1032 1730; x_wconf 79' lang='lat' dir='ltr'>corrsentiunt3</span> <span class='ocrx_word' id='word_1_100' title='bbox 1067 1651 1205 1714; x_wconf 89' lang='lat' dir='ltr'>nmmulla</span> 
     </span>
     <span class='ocr_line' id='line_1_15' title="bbox 43 1751 1205 1840; baseline 0.002 -26"><span class='ocrx_word' id='word_1_101' title='bbox 43 1753 196 1816; x_wconf 88' lang='lat' dir='ltr'>tamenab</span> <span class='ocrx_word' id='word_1_102' title='bbox 217 1753 253 1816; x_wconf 89' lang='lat' dir='ltr'>iis</span> <span class='ocrx_word' id='word_1_103' title='bbox 279 1754 397 1816; x_wconf 89' lang='lat' dir='ltr'>diversa</span> <span class='ocrx_word' id='word_1_104' title='bbox 422 1761 549 1836; x_wconf 89' lang='lat' dir='ltr'>ponunt,</span> <span class='ocrx_word' id='word_1_105' title='bbox 581 1764 611 1815; x_wconf 88' lang='lat' dir='ltr'>ot</span> <span class='ocrx_word' id='word_1_106' title='bbox 630 1754 664 1818; x_wconf 86' lang='lat' dir='ltr'>ad</span> <span class='ocrx_word' id='word_1_107' title='bbox 684 1755 797 1816; x_wconf 85' lang='lat' dir='ltr'>laedam</span> <span class='ocrx_word' id='word_1_108' title='bbox 821 1753 942 1840; x_wconf 84' lang='lat' dir='ltr'>iusuper</span> <span class='ocrx_word' id='word_1_109' title='bbox 959 1751 1108 1816; x_wconf 81' lang='lat' dir='ltr'>libidinem</span> <span class='ocrx_word' id='word_1_110' title='bbox 1135 1773 1205 1816; x_wconf 89' lang='lat' dir='ltr'>scos</span> 
     </span>
     <span class='ocr_line' id='line_1_16' title="bbox 42 1849 801 1940; baseline 0.005 -26"><span class='ocrx_word' id='word_1_111' title='bbox 42 1849 211 1916; x_wconf 88' lang='lat' dir='ltr'>instituunt.</span> <span class='ocrx_word' id='word_1_112' title='bbox 257 1857 346 1918; x_wconf 87' lang='lat' dir='ltr'>iidem</span> <span class='ocrx_word' id='word_1_113' title='bbox 370 1863 400 1918; x_wconf 90' lang='lat' dir='ltr'>ct</span> <span class='ocrx_word' id='word_1_114' title='bbox 422 1855 655 1918; x_wconf 78' lang='lat' dir='ltr'>incarnationem</span> <span class='ocrx_word' id='word_1_115' title='bbox 680 1866 801 1940; x_wconf 84' lang='lat' dir='ltr'>negant.</span> 
     </span>
    </p>
   </div>
   <div class='ocr_carea' id='block_1_5' title="bbox 130 1953 1317 2042">
    <p class='ocr_par' dir='ltr' id='par_1_7' title="bbox 130 1953 1317 2042">
     <span class='ocr_line' id='line_1_17' title="bbox 130 1953 1317 2042; baseline 0 -22"><span class='ocrx_word' id='word_1_116' title='bbox 130 1953 294 2020; x_wconf 88' lang='lat' dir='ltr'>Ptolemaei</span> <span class='ocrx_word' id='word_1_117' title='bbox 325 1955 474 2020; x_wconf 85' lang='lat' dir='ltr'>Valentini</span> <span class='ocrx_word' id='word_1_118' title='bbox 502 1955 635 2042; x_wconf 88' lang='lat' dir='ltr'>discipuli</span> <span class='ocrx_word' id='word_1_119' title='bbox 660 1957 795 2034; x_wconf 83' lang='lat' dir='ltr'>luerunt,</span> <span class='ocrx_word' id='word_1_120' title='bbox 829 1958 1000 2041; x_wconf 84' lang='lat' dir='ltr'>quibuscum</span> <span class='ocrx_word' id='word_1_121' title='bbox 1021 1955 1111 2022; x_wconf 79' lang='lat' dir='ltr'>Flora</span> <span class='ocrx_word' id='word_1_122' title='bbox 1137 1979 1207 2022; x_wconf 89' lang='lat' dir='ltr'>cou-</span> <span class='ocrx_word' id='word_1_123' title='bbox 1311 1981 1317 1996; x_wconf 86' lang='lat'><strong>·</strong></span> 
     </span>
    </p>
   </div>
   <div class='ocr_carea' id='block_1_6' title="bbox 43 2057 1207 2248">
    <p class='ocr_par' dir='ltr' id='par_1_8' title="bbox 43 2057 1207 2248">
     <span class='ocr_line' id='line_1_18' title="bbox 43 2057 1207 2144; baseline 0.002 -22"><span class='ocrx_word' id='word_1_124' title='bbox 43 2059 186 2142; x_wconf 81' lang='lat' dir='ltr'>iungitur.</span> <span class='ocrx_word' id='word_1_125' title='bbox 232 2057 443 2144; x_wconf 85' lang='lat' dir='ltr'>Paridemque</span> <span class='ocrx_word' id='word_1_126' title='bbox 464 2059 568 2141; x_wconf 83' lang='lat' dir='ltr'>dogma</span> <span class='ocrx_word' id='word_1_127' title='bbox 593 2060 629 2122; x_wconf 92' lang='lat' dir='ltr'>dc</span> <span class='ocrx_word' id='word_1_128' title='bbox 652 2057 907 2142; x_wconf 83' lang='lat' dir='ltr'>coniugationibus</span> <span class='ocrx_word' id='word_1_129' title='bbox 931 2060 989 2122; x_wconf 92' lang='lat' dir='ltr'>illis</span> <span class='ocrx_word' id='word_1_130' title='bbox 1010 2081 1075 2123; x_wconf 90' lang='lat' dir='ltr'>cum</span> <span class='ocrx_word' id='word_1_131' title='bbox 1096 2059 1207 2124; x_wconf 86' lang='lat' dir='ltr'>Valen-</span> 
     </span>
     <span class='ocr_line' id='line_1_19' title="bbox 43 2159 1205 2248; baseline 0.003 -24"><span class='ocrx_word' id='word_1_132' title='bbox 43 2163 106 2225; x_wconf 87' lang='lat' dir='ltr'>tino</span> <span class='ocrx_word' id='word_1_133' title='bbox 124 2183 158 2224; x_wconf 91' lang='lat' dir='ltr'>ac</span> <span class='ocrx_word' id='word_1_134' title='bbox 176 2159 372 2226; x_wconf 87' lang='lat' dir='ltr'>Secundianis</span> <span class='ocrx_word' id='word_1_135' title='bbox 390 2162 563 2240; x_wconf 86' lang='lat' dir='ltr'>adstruunt,</span> <span class='ocrx_word' id='word_1_136' title='bbox 594 2163 646 2225; x_wconf 90' lang='lat' dir='ltr'>scd</span> <span class='ocrx_word' id='word_1_137' title='bbox 666 2163 695 2224; x_wconf 92' lang='lat' dir='ltr'>in</span> <span class='ocrx_word' id='word_1_138' title='bbox 712 2161 883 2248; x_wconf 85' lang='lat' dir='ltr'>quibusdam</span> <span class='ocrx_word' id='word_1_139' title='bbox 904 2173 1001 2225; x_wconf 89' lang='lat' dir='ltr'>tameo</span> <span class='ocrx_word' id='word_1_140' title='bbox 1024 2161 1205 2247; x_wconf 85' lang='lat' dir='ltr'>discrepant.</span> 
     </span>
    </p>
   </div>
   <div class='ocr_carea' id='block_1_7' title="bbox 136 2364 1208 2452">
    <p class='ocr_par' dir='ltr' id='par_1_9' title="bbox 136 2364 1208 2452">
     <span class='ocr_line' id='line_1_20' title="bbox 136 2364 1208 2452; baseline 0.004 -24"><span class='ocrx_word' id='word_1_141' title='bbox 136 2364 220 2429; x_wconf 84' lang='lat' dir='ltr'>llaec</span> <span class='ocrx_word' id='word_1_142' title='bbox 238 2377 283 2430; x_wconf 87' lang='lat' dir='ltr'>est</span> <span class='ocrx_word' id='word_1_143' title='bbox 299 2367 420 2430; x_wconf 88' lang='lat' dir='ltr'>secundi</span> <span class='ocrx_word' id='word_1_144' title='bbox 440 2367 509 2430; x_wconf 91' lang='lat' dir='ltr'>tomi</span> <span class='ocrx_word' id='word_1_145' title='bbox 528 2367 611 2452; x_wconf 91' lang='lat' dir='ltr'>primi</span> <span class='ocrx_word' id='word_1_146' title='bbox 632 2367 788 2432; x_wconf 88' lang='lat' dir='ltr'>voluminis</span> <span class='ocrx_word' id='word_1_147' title='bbox 805 2387 938 2446; x_wconf 85' lang='lat' dir='ltr'>summo,</span> <span class='ocrx_word' id='word_1_148' title='bbox 962 2389 1035 2452; x_wconf 92' lang='lat' dir='ltr'>quae</span> <span class='ocrx_word' id='word_1_149' title='bbox 1052 2369 1120 2430; x_wconf 86' lang='lat' dir='ltr'>Xlll</span> <span class='ocrx_word' id='word_1_150' title='bbox 1139 2367 1208 2432; x_wconf 86' lang='lat' dir='ltr'>bae·</span> 
     </span>
    </p>
   </div>
   <div class='ocr_carea' id='block_1_8' title="bbox 46 2470 1206 2639">
    <p class='ocr_par' dir='ltr' id='par_1_10' title="bbox 46 2470 1206 2639">
     <span class='ocr_line' id='line_1_21' title="bbox 46 2470 371 2554; baseline 0.006 -24"><span class='ocrx_word' id='word_1_151' title='bbox 46 2489 134 2532; x_wconf 89' lang='lat' dir='ltr'>reses</span> <span class='ocrx_word' id='word_1_152' title='bbox 158 2470 371 2554; x_wconf 85' lang='lat' dir='ltr'>complectitur.</span> 
     </span>
     <span class='ocr_line' id='line_1_22' title="bbox 136 2569 1206 2639; baseline 0.002 -5"><span class='ocrx_word' id='word_1_153' title='bbox 136 2570 177 2634; x_wconf 82' lang='lat' dir='ltr'>At</span> <span class='ocrx_word' id='word_1_154' title='bbox 190 2569 220 2634; x_wconf 92' lang='lat' dir='ltr'>iu</span> <span class='ocrx_word' id='word_1_155' title='bbox 237 2573 289 2634; x_wconf 88' lang='lat' dir='ltr'>lll.</span> <span class='ocrx_word' id='word_1_156' title='bbox 311 2581 391 2636; x_wconf 91' lang='lat' dir='ltr'>tomo</span> <span class='ocrx_word' id='word_1_157' title='bbox 406 2571 536 2634; x_wconf 90' lang='lat' dir='ltr'>eiusdem</span> <span class='ocrx_word' id='word_1_158' title='bbox 555 2569 619 2634; x_wconf 91' lang='lat' dir='ltr'>libri</span> <span class='ocrx_word' id='word_1_159' title='bbox 638 2572 661 2632; x_wconf 93' lang='lat' dir='ltr'>l.</span> <span class='ocrx_word' id='word_1_160' title='bbox 679 2571 753 2634; x_wconf 90' lang='lat' dir='ltr'>aliae</span> <span class='ocrx_word' id='word_1_161' title='bbox 768 2571 957 2639; x_wconf 89' lang='lat' dir='ltr'>continentur</span> <span class='ocrx_word' id='word_1_162' title='bbox 972 2572 1112 2638; x_wconf 78' lang='lat' dir='ltr'>haereses</span> <span class='ocrx_word' id='word_1_163' title='bbox 1127 2574 1206 2636; x_wconf 90' lang='lat' dir='ltr'>Xlll.</span> 
     </span>
    </p>
   </div>
   <div class='ocr_carea' id='block_1_9' title="bbox 45 2773 1216 4195">
    <p class='ocr_par' dir='ltr' id='par_1_11' title="bbox 45 2773 1212 3374">
     <span class='ocr_line' id='line_1_23' title="bbox 135 2773 1210 2863; baseline 0.002 -23"><span class='ocrx_word' id='word_1_164' title='bbox 135 2773 291 2840; x_wconf 86' lang='lat' dir='ltr'>Marcosii.</span> <span class='ocrx_word' id='word_1_165' title='bbox 337 2773 459 2840; x_wconf 85' lang='lat' dir='ltr'>Marcus</span> <span class='ocrx_word' id='word_1_166' title='bbox 479 2775 593 2860; x_wconf 88' lang='lat' dir='ltr'>quidam</span> <span class='ocrx_word' id='word_1_167' title='bbox 610 2777 708 2842; x_wconf 83' lang='lat' dir='ltr'>extitit</span> <span class='ocrx_word' id='word_1_168' title='bbox 724 2773 882 2842; x_wconf 79' lang='lat' dir='ltr'>Colorbasi</span> <span class='ocrx_word' id='word_1_169' title='bbox 908 2775 1136 2863; x_wconf 72' lang='lat' dir='ltr'>corrdiscipulus·</span> <span class='ocrx_word' id='word_1_170' title='bbox 1182 2780 1210 2842; x_wconf 88' lang='lat' dir='ltr'>ls</span> 
     </span>
     <span class='ocr_line' id='line_1_24' title="bbox 48 2875 1211 2964; baseline 0 -22"><span class='ocrx_word' id='word_1_171' title='bbox 48 2880 108 2944; x_wconf 91' lang='lat' dir='ltr'>duo</span> <span class='ocrx_word' id='word_1_172' title='bbox 129 2877 264 2941; x_wconf 85' lang='lat' dir='ltr'>similiter</span> <span class='ocrx_word' id='word_1_173' title='bbox 280 2879 422 2963; x_wconf 86' lang='lat' dir='ltr'>principia</span> <span class='ocrx_word' id='word_1_174' title='bbox 438 2879 601 2942; x_wconf 88' lang='lat' dir='ltr'>constituit.</span> <span class='ocrx_word' id='word_1_175' title='bbox 646 2875 835 2944; x_wconf 85' lang='lat' dir='ltr'>Mortucrum</span> <span class='ocrx_word' id='word_1_176' title='bbox 855 2881 1102 2944; x_wconf 67' lang='lat' dir='ltr'>resurrectionem</span> <span class='ocrx_word' id='word_1_177' title='bbox 1121 2899 1211 2964; x_wconf 75' lang='lat' dir='ltr'>nega·</span> 
     </span>
     <span class='ocr_line' id='line_1_25' title="bbox 47 2977 1210 3067; baseline 0.002 -23"><span class='ocrx_word' id='word_1_178' title='bbox 47 2981 111 3044; x_wconf 86' lang='lat' dir='ltr'>bat.</span> <span class='ocrx_word' id='word_1_179' title='bbox 158 2977 303 3046; x_wconf 88' lang='lat' dir='ltr'>Utebatur</span> <span class='ocrx_word' id='word_1_180' title='bbox 328 2980 494 3065; x_wconf 84' lang='lat' dir='ltr'>praestigiis</span> <span class='ocrx_word' id='word_1_181' title='bbox 518 2983 661 3046; x_wconf 88' lang='lat' dir='ltr'>eiusmodi</span> <span class='ocrx_word' id='word_1_182' title='bbox 687 2993 718 3046; x_wconf 90' lang='lat' dir='ltr'>ut</span> <span class='ocrx_word' id='word_1_183' title='bbox 735 2984 824 3046; x_wconf 88' lang='lat' dir='ltr'>certis</span> <span class='ocrx_word' id='word_1_184' title='bbox 846 2983 1023 3046; x_wconf 87' lang='lat' dir='ltr'>carminibus</span> <span class='ocrx_word' id='word_1_185' title='bbox 1040 2983 1210 3067; x_wconf 87' lang='lat' dir='ltr'>poculorum</span> 
     </span>
     <span class='ocr_line' id='line_1_26' title="bbox 45 3084 1212 3168; baseline 0.002 -21"><span class='ocrx_word' id='word_1_186' title='bbox 45 3085 193 3168; x_wconf 89' lang='lat' dir='ltr'>liquorem</span> <span class='ocrx_word' id='word_1_187' title='bbox 209 3085 239 3145; x_wconf 92' lang='lat' dir='ltr'>in</span> <span class='ocrx_word' id='word_1_188' title='bbox 259 3084 427 3146; x_wconf 90' lang='lat' dir='ltr'>caeruleum</span> <span class='ocrx_word' id='word_1_189' title='bbox 448 3105 682 3168; x_wconf 85' lang='lat' dir='ltr'>purpureumque</span> <span class='ocrx_word' id='word_1_190' title='bbox 708 3086 836 3148; x_wconf 89' lang='lat' dir='ltr'>colorem</span> <span class='ocrx_word' id='word_1_191' title='bbox 856 3095 1006 3160; x_wconf 90' lang='lat' dir='ltr'>verteret,</span> <span class='ocrx_word' id='word_1_192' title='bbox 1038 3086 1143 3168; x_wconf 87' lang='lat' dir='ltr'>quibus</span> <span class='ocrx_word' id='word_1_193' title='bbox 1163 3107 1212 3149; x_wconf 81' lang='lat' dir='ltr'>sa-</span> 
     </span>
     <span class='ocr_line' id='line_1_27' title="bbox 48 3183 1212 3252; baseline 0.002 -2"><span class='ocrx_word' id='word_1_194' title='bbox 48 3190 111 3250; x_wconf 90' lang='lat' dir='ltr'>cris</span> <span class='ocrx_word' id='word_1_195' title='bbox 128 3185 262 3248; x_wconf 80' lang='lat' dir='ltr'>infelices</span> <span class='ocrx_word' id='word_1_196' title='bbox 282 3183 468 3250; x_wconf 84' lang='lat' dir='ltr'>mulierculas</span> <span class='ocrx_word' id='word_1_197' title='bbox 493 3186 611 3249; x_wconf 90' lang='lat' dir='ltr'>initiare</span> <span class='ocrx_word' id='word_1_198' title='bbox 630 3185 756 3250; x_wconf 86' lang='lat' dir='ltr'>solebat.</span> <span class='ocrx_word' id='word_1_199' title='bbox 803 3189 880 3250; x_wconf 90' lang='lat' dir='ltr'>ldem</span> <span class='ocrx_word' id='word_1_200' title='bbox 899 3190 936 3252; x_wconf 90' lang='lat' dir='ltr'>ad</span> <span class='ocrx_word' id='word_1_201' title='bbox 955 3189 1051 3250; x_wconf 81' lang='lat' dir='ltr'>xxtv</span> <span class='ocrx_word' id='word_1_202' title='bbox 1066 3189 1212 3252; x_wconf 83' lang='lat' dir='ltr'>elementa</span> 
     </span>
     <span class='ocr_line' id='line_1_28' title="bbox 47 3285 892 3374; baseline -0.002 -20"><span class='ocrx_word' id='word_1_203' title='bbox 47 3289 173 3374; x_wconf 87' lang='lat' dir='ltr'>perinde</span> <span class='ocrx_word' id='word_1_204' title='bbox 195 3308 229 3350; x_wconf 88' lang='lat' dir='ltr'>ac</span> <span class='ocrx_word' id='word_1_205' title='bbox 254 3285 428 3352; x_wconf 85' lang='lat' dir='ltr'>Valentinus</span> <span class='ocrx_word' id='word_1_206' title='bbox 451 3287 591 3351; x_wconf 87' lang='lat' dir='ltr'>universa</span> <span class='ocrx_word' id='word_1_207' title='bbox 614 3309 756 3352; x_wconf 86' lang='lat' dir='ltr'>reuocare</span> <span class='ocrx_word' id='word_1_208' title='bbox 779 3289 892 3352; x_wconf 91' lang='lat' dir='ltr'>nititur.</span> 
     </span>
    </p>

    <p class='ocr_par' dir='ltr' id='par_1_12' title="bbox 49 3385 1213 3778">
     <span class='ocr_line' id='line_1_29' title="bbox 140 3385 1211 3478; baseline 0.001 -23"><span class='ocrx_word' id='word_1_209' title='bbox 140 3385 318 3456; x_wconf 88' lang='lat' dir='ltr'>Colorbasii.</span> <span class='ocrx_word' id='word_1_210' title='bbox 365 3385 559 3454; x_wconf 85' lang='lat' dir='ltr'>Colcrbasius</span> <span class='ocrx_word' id='word_1_211' title='bbox 583 3390 639 3453; x_wconf 93' lang='lat' dir='ltr'>iste</span> <span class='ocrx_word' id='word_1_212' title='bbox 659 3391 777 3454; x_wconf 89' lang='lat' dir='ltr'>easdem</span> <span class='ocrx_word' id='word_1_213' title='bbox 799 3393 860 3454; x_wconf 87' lang='lat' dir='ltr'>lere</span> <span class='ocrx_word' id='word_1_214' title='bbox 884 3392 1038 3476; x_wconf 87' lang='lat' dir='ltr'>opiniones</span> <span class='ocrx_word' id='word_1_215' title='bbox 1057 3393 1211 3478; x_wconf 80' lang='lat' dir='ltr'>amplexus</span> 
     </span>
     <span class='ocr_line' id='line_1_30' title="bbox 49 3488 1211 3576; baseline 0.001 -19"><span class='ocrx_word' id='word_1_216' title='bbox 49 3504 111 3558; x_wconf 84' lang='lat' dir='ltr'>est.</span> <span class='ocrx_word' id='word_1_217' title='bbox 158 3488 218 3556; x_wconf 89' lang='lat' dir='ltr'>Sed</span> <span class='ocrx_word' id='word_1_218' title='bbox 241 3491 379 3556; x_wconf 90' lang='lat' dir='ltr'>nouuulla</span> <span class='ocrx_word' id='word_1_219' title='bbox 398 3501 494 3556; x_wconf 86' lang='lat' dir='ltr'>tameo</span> <span class='ocrx_word' id='word_1_220' title='bbox 513 3501 582 3556; x_wconf 83' lang='lat' dir='ltr'>surrt</span> <span class='ocrx_word' id='word_1_221' title='bbox 599 3493 628 3556; x_wconf 90' lang='lat' dir='ltr'>io</span> <span class='ocrx_word' id='word_1_222' title='bbox 645 3493 750 3576; x_wconf 88' lang='lat' dir='ltr'>quibus</span> <span class='ocrx_word' id='word_1_223' title='bbox 768 3493 804 3556; x_wconf 88' lang='lat' dir='ltr'>ab</span> <span class='ocrx_word' id='word_1_224' title='bbox 822 3493 887 3558; x_wconf 89' lang='lat' dir='ltr'>aliis</span> <span class='ocrx_word' id='word_1_225' title='bbox 910 3491 1081 3558; x_wconf 89' lang='lat' dir='ltr'>baeresibus</span> <span class='ocrx_word' id='word_1_226' title='bbox 1100 3495 1211 3558; x_wconf 85' lang='lat' dir='ltr'>discre-</span> 
     </span>
     <span class='ocr_line' id='line_1_31' title="bbox 50 3589 1213 3683; baseline 0.003 -27"><span class='ocrx_word' id='word_1_227' title='bbox 50 3606 120 3679; x_wconf 87' lang='lat' dir='ltr'>pat,</span> <span class='ocrx_word' id='word_1_228' title='bbox 146 3591 241 3658; x_wconf 85' lang='lat' dir='ltr'>lllarci</span> <span class='ocrx_word' id='word_1_229' title='bbox 260 3615 293 3656; x_wconf 92' lang='lat' dir='ltr'>ac</span> <span class='ocrx_word' id='word_1_230' title='bbox 309 3589 458 3658; x_wconf 86' lang='lat' dir='ltr'>Valentini</span> <span class='ocrx_word' id='word_1_231' title='bbox 478 3593 672 3678; x_wconf 87' lang='lat' dir='ltr'>potissimum.</span> <span class='ocrx_word' id='word_1_232' title='bbox 719 3592 869 3678; x_wconf 87' lang='lat' dir='ltr'>Siquidem</span> <span class='ocrx_word' id='word_1_233' title='bbox 888 3596 1114 3683; x_wconf 79' lang='lat' dir='ltr'>propagationes</span> <span class='ocrx_word' id='word_1_234' title='bbox 1131 3597 1213 3662; x_wconf 85' lang='lat' dir='ltr'>Aeo-</span> 
     </span>
     <span class='ocr_line' id='line_1_32' title="bbox 51 3692 707 3778; baseline -0.003 -18"><span class='ocrx_word' id='word_1_235' title='bbox 51 3719 125 3760; x_wconf 87' lang='lat' dir='ltr'>num</span> <span class='ocrx_word' id='word_1_236' title='bbox 149 3707 176 3758; x_wconf 91' lang='lat' dir='ltr'>et</span> <span class='ocrx_word' id='word_1_237' title='bbox 202 3692 361 3778; x_wconf 78' lang='lat' dir='ltr'>Ogdoadas</span> <span class='ocrx_word' id='word_1_238' title='bbox 386 3696 443 3758; x_wconf 91' lang='lat' dir='ltr'>alic</span> <span class='ocrx_word' id='word_1_239' title='bbox 467 3697 553 3760; x_wconf 92' lang='lat' dir='ltr'>modo</span> <span class='ocrx_word' id='word_1_240' title='bbox 576 3696 707 3761; x_wconf 87' lang='lat' dir='ltr'>tradidit.</span> 
     </span>
    </p>

    <p class='ocr_par' dir='ltr' id='par_1_13' title="bbox 51 3795 1216 4195">
     <span class='ocr_line' id='line_1_33' title="bbox 143 3795 1213 3885; baseline 0.004 -25"><span class='ocrx_word' id='word_1_241' title='bbox 143 3796 383 3862; x_wconf 87' lang='lat' dir='ltr'>Heracleonitac.</span> <span class='ocrx_word' id='word_1_242' title='bbox 429 3795 526 3860; x_wconf 88' lang='lat' dir='ltr'>Etiam</span> <span class='ocrx_word' id='word_1_243' title='bbox 544 3796 711 3862; x_wconf 86' lang='lat' dir='ltr'>Heracleon</span> <span class='ocrx_word' id='word_1_244' title='bbox 730 3800 945 3864; x_wconf 85' lang='lat' dir='ltr'>commentitias</span> <span class='ocrx_word' id='word_1_245' title='bbox 967 3799 1125 3885; x_wconf 78' lang='lat' dir='ltr'>ogdoadas</span> <span class='ocrx_word' id='word_1_246' title='bbox 1144 3801 1213 3866; x_wconf 86' lang='lat' dir='ltr'>reti-</span> 
     </span>
     <span class='ocr_line' id='line_1_34' title="bbox 51 3899 1213 3984; baseline 0.002 -18"><span class='ocrx_word' id='word_1_247' title='bbox 51 3903 132 3968; x_wconf 88' lang='lat' dir='ltr'>nuit.</span> <span class='ocrx_word' id='word_1_248' title='bbox 179 3899 332 3984; x_wconf 89' lang='lat' dir='ltr'>inquibus</span> <span class='ocrx_word' id='word_1_249' title='bbox 352 3899 534 3984; x_wconf 73' lang='lat' dir='ltr'>explicandis</span> <span class='ocrx_word' id='word_1_250' title='bbox 550 3921 567 3964; x_wconf 88' lang='lat' dir='ltr'>a</span> <span class='ocrx_word' id='word_1_251' title='bbox 583 3899 679 3966; x_wconf 87' lang='lat' dir='ltr'>Marci</span> <span class='ocrx_word' id='word_1_252' title='bbox 701 3912 731 3965; x_wconf 92' lang='lat' dir='ltr'>et</span> <span class='ocrx_word' id='word_1_253' title='bbox 751 3900 913 3966; x_wconf 86' lang='lat' dir='ltr'>Ptolemaei</span> <span class='ocrx_word' id='word_1_254' title='bbox 933 3925 968 3966; x_wconf 88' lang='lat' dir='ltr'>ac</span> <span class='ocrx_word' id='word_1_255' title='bbox 991 3901 1138 3968; x_wconf 88' lang='lat' dir='ltr'>Valentini</span> <span class='ocrx_word' id='word_1_256' title='bbox 1165 3923 1213 3968; x_wconf 87' lang='lat' dir='ltr'>ee·</span> 
     </span>
     <span class='ocr_line' id='line_1_35' title="bbox 52 4001 1213 4090; baseline 0.002 -22"><span class='ocrx_word' id='word_1_257' title='bbox 52 4019 246 4087; x_wconf 87' lang='lat' dir='ltr'>terorumqne</span> <span class='ocrx_word' id='word_1_258' title='bbox 263 4001 400 4087; x_wconf 88' lang='lat' dir='ltr'>opinione</span> <span class='ocrx_word' id='word_1_259' title='bbox 416 4001 563 4068; x_wconf 87' lang='lat' dir='ltr'>discessit.</span> <span class='ocrx_word' id='word_1_260' title='bbox 610 4003 689 4069; x_wconf 86' lang='lat' dir='ltr'>Suos</span> <span class='ocrx_word' id='word_1_261' title='bbox 709 4027 798 4090; x_wconf 90' lang='lat' dir='ltr'>porro</span> <span class='ocrx_word' id='word_1_262' title='bbox 821 4005 875 4069; x_wconf 83' lang='lat' dir='ltr'>sub</span> <span class='ocrx_word' id='word_1_263' title='bbox 892 4007 986 4090; x_wconf 89' lang='lat' dir='ltr'>ipsum</span> <span class='ocrx_word' id='word_1_264' title='bbox 1004 4005 1083 4070; x_wconf 81' lang='lat' dir='ltr'>uitae</span> <span class='ocrx_word' id='word_1_265' title='bbox 1102 4007 1213 4072; x_wconf 85' lang='lat' dir='ltr'>exitum</span> 
     </span>
     <span class='ocr_line' id='line_1_36' title="bbox 51 4102 1216 4195; baseline 0.003 -25"><span class='ocrx_word' id='word_1_266' title='bbox 51 4107 179 4194; x_wconf 89' lang='lat' dir='ltr'>perinde</span> <span class='ocrx_word' id='word_1_267' title='bbox 204 4102 378 4168; x_wconf 80' lang='lat' dir='ltr'>acMnrcus</span> <span class='ocrx_word' id='word_1_268' title='bbox 396 4104 539 4184; x_wconf 87' lang='lat' dir='ltr'>instituit,</span> <span class='ocrx_word' id='word_1_269' title='bbox 571 4105 655 4188; x_wconf 89' lang='lat' dir='ltr'>oleo,</span> <span class='ocrx_word' id='word_1_270' title='bbox 687 4107 896 4192; x_wconf 83' lang='lat' dir='ltr'>opobalsamo,</span> <span class='ocrx_word' id='word_1_271' title='bbox 927 4115 957 4169; x_wconf 89' lang='lat' dir='ltr'>et</span> <span class='ocrx_word' id='word_1_272' title='bbox 979 4127 1054 4191; x_wconf 87' lang='lat' dir='ltr'>aqua</span> <span class='ocrx_word' id='word_1_273' title='bbox 1077 4107 1107 4172; x_wconf 92' lang='lat' dir='ltr'>in</span> <span class='ocrx_word' id='word_1_274' title='bbox 1128 4117 1216 4195; x_wconf 82' lang='lat' dir='ltr'>capul</span> 
     </span>
    </p>
   </div>
   <div class='ocr_carea' id='block_1_10' title="bbox 53 4341 1218 4614">
    <p class='ocr_par' dir='ltr' id='par_1_14' title="bbox 91 4341 1218 4546">
     <span class='ocr_line' id='line_1_37' title="bbox 91 4341 1218 4412; baseline 0.001 -13"><span class='ocrx_word' id='word_1_275' title='bbox 91 4348 137 4400; x_wconf 78' lang='lat'>22.</span> <span class='ocrx_word' id='word_1_276' title='bbox 155 4341 445 4412; x_wconf 65' lang='lat' dir='ltr'>mundanorumque.</span> <span class='ocrx_word' id='word_1_277' title='bbox 690 4346 729 4398; x_wconf 75' lang='lat'>2⁵.</span> <span class='ocrx_word' id='word_1_278' title='bbox 760 4343 791 4401; x_wconf 79' lang='grc' dir='ltr'>δὲ</span> <span class='ocrx_word' id='word_1_279' title='bbox 816 4349 880 4398; x_wconf 77' lang='lat' dir='ltr'>obest</span> <span class='ocrx_word' id='word_1_280' title='bbox 907 4347 938 4394; x_wconf 87' lang='lat' dir='ltr'>ob</span> <span class='ocrx_word' id='word_1_281' title='bbox 964 4351 1093 4398; x_wconf 78' lang='lat' dir='ltr'>mmmorto</span> <span class='ocrx_word' id='word_1_282' title='bbox 1115 4351 1218 4400; x_wconf 84' lang='lat' dir='ltr'>Ponurli</span> 
     </span>
     <span class='ocr_line' id='line_1_38' title="bbox 91 4411 1217 4483; baseline 0.004 -17"><span class='ocrx_word' id='word_1_283' title='bbox 91 4415 136 4466; x_wconf 76' lang='lat'>¹23.</span> <span class='ocrx_word' id='word_1_284' title='bbox 154 4411 312 4483; x_wconf 79' lang='grc' dir='ltr'>κολορβάσης</span> <span class='ocrx_word' id='word_1_285' title='bbox 328 4415 396 4464; x_wconf 85' lang='lat' dir='ltr'>codd.</span> <span class='ocrx_word' id='word_1_286' title='bbox 414 4427 470 4462; x_wconf 81' lang='lat' dir='ltr'>mss.</span> <span class='ocrx_word' id='word_1_287' title='bbox 654 4429 712 4478; x_wconf 81' lang='lat' dir='ltr'>pop.</span> <span class='ocrx_word' id='word_1_288' title='bbox 728 4413 785 4467; x_wconf 76' lang='lat'><strong>229.</strong></span> <span class='ocrx_word' id='word_1_289' title='bbox 820 4417 928 4466; x_wconf 80' lang='lat' dir='ltr'>Fortasse</span> <span class='ocrx_word' id='word_1_290' title='bbox 950 4417 1096 4468; x_wconf 80' lang='lat' dir='ltr'>scribendum</span> <span class='ocrx_word' id='word_1_291' title='bbox 1120 4433 1149 4470; x_wconf 82' lang='grc' dir='ltr'>τι</span> <span class='ocrx_word' id='word_1_292' title='bbox 1173 4416 1217 4469; x_wconf 79' lang='grc' dir='ltr'>καὶ</span> 
     </span>
     <span class='ocr_line' id='line_1_39' title="bbox 92 4479 814 4546; baseline 0.004 -13"><span class='ocrx_word' id='word_1_293' title='bbox 92 4480 137 4534; x_wconf 73' lang='lat'>24.</span> <span class='ocrx_word' id='word_1_294' title='bbox 155 4479 185 4537; x_wconf 77' lang='lat' dir='ltr'>bi</span> <span class='ocrx_word' id='word_1_295' title='bbox 198 4485 357 4545; x_wconf 76' lang='lat' dir='ltr'>ponteclem,</span> <span class='ocrx_word' id='word_1_296' title='bbox 380 4483 405 4532; x_wconf 77' lang='lat' dir='ltr'>tn</span> <span class='ocrx_word' id='word_1_297' title='bbox 421 4483 490 4534; x_wconf 79' lang='lat' dir='ltr'>edttts</span> <span class='ocrx_word' id='word_1_298' title='bbox 504 4486 624 4546; x_wconf 78' lang='lat' dir='ltr'>embron,</span> <span class='ocrx_word' id='word_1_299' title='bbox 655 4498 700 4546; x_wconf 82' lang='lat' dir='ltr'>pro</span> <span class='ocrx_word' id='word_1_300' title='bbox 717 4479 746 4536; x_wconf 76' lang='lat' dir='ltr'>bi</span> <span class='ocrx_word' id='word_1_301' title='bbox 763 4481 814 4536; x_wconf 70' lang='lat' dir='ltr'>aab</span> 
     </span>
    </p>

    <p class='ocr_par' dir='ltr' id='par_1_15' title="bbox 53 4550 471 4614">
     <span class='ocr_line' id='line_1_40' title="bbox 53 4550 471 4614; baseline -0.012 -7"><span class='ocrx_word' id='word_1_302' title='bbox 53 4553 153 4606; x_wconf 79' lang='lat' dir='ltr'>restitut</span> <span class='ocrx_word' id='word_1_303' title='bbox 170 4565 200 4601; x_wconf 79' lang='lat' dir='ltr'>ec</span> <span class='ocrx_word' id='word_1_304' title='bbox 216 4555 312 4614; x_wconf 82' lang='lat' dir='ltr'>utroquo</span> <span class='ocrx_word' id='word_1_305' title='bbox 330 4550 398 4600; x_wconf 86' lang='lat' dir='ltr'>codd.</span> <span class='ocrx_word' id='word_1_306' title='bbox 416 4563 471 4602; x_wconf 78' lang='lat' dir='ltr'>oros.</span> 
     </span>
    </p>
   </div>
   <div class='ocr_carea' id='block_1_11' title="bbox 932 4621 1003 4690">
    <p class='ocr_par' dir='ltr' id='par_1_16' title="bbox 932 4621 1003 4690">
     <span class='ocr_line' id='line_1_41' title="bbox 932 4621 1003 4690; baseline 0.028 -2"><span class='ocrx_word' id='word_1_307' title='bbox 932 4621 1003 4690; x_wconf 83' lang='lat'>36*</span> 
     </span>
    </p>
   </div>
   <div class='ocr_carea' id='block_1_12' title="bbox 0 0 1555 5008">
    <p class='ocr_par' dir='ltr' id='par_1_17' title="bbox 0 0 1555 5008">
     <span class='ocr_line' id='line_1_42' title="bbox 0 0 1555 5008; baseline 0 0"><span class='ocrx_word' id='word_1_308' title='bbox 0 0 1555 5008; x_wconf 95' lang='lat' dir='ltr'> </span> 
     </span>
    </p>
   </div>
  </div>
 </body>
</html>
