3082 5006
785 239 908 294 sanem
925 239 1096 294 ΕΡΙΡΗΑΝΙΙ

416 527 652 585 ΔΝΤῙΓΡΔΦΟΝ
671 527 894 582 ΕΠΙΣΤΟΔΗΣ
911 527 1149 590 ΜΑΡΚΕΛΔΟΥ.
1168 529 1217 584 ΟΝ
1235 531 1425 586 nomm
1441 533 1471 587 H

651 613 822 667 ΣΥΝΟΔΟΣ
840 613 951 668 ΧΔΡλΝ
968 612 1227 674 ΕΤΕΡΟΔΟΞΙΔΣ.

221 737 289 810 Κεφ.
306 732 338 808 β’.
447 737 495 822 Τρῦ
520 729 736 820 μακαριωτάτη)
763 737 974 820 ουλλειτουργρῦ
998 730 1111 822 Ἰουλίῳ
1138 731 1313 821 Μάρκελλος
1337 737 1370 802 ἐν
1398 741 1518 824 Χριστῷ

356 838 476 922 χαίρειν.

439 935 559 1020 Ἐπιιδή
582 961 659 1012 τινες
684 943 743 1001 τοῖν
765 937 1035 1022 καταγνωσθέντων
1060 937 1203 1024 πρότερον
1228 941 1276 1005 ἐττλ
1290 945 1338 1029 ,τῷ
1354 938 1397 1022 μή
1415 937 1520 1024 άρθός

355 1039 521 1120 πιστεύειν,
551 1038 606 1115 οῦς
620 1038 677 1125 ἐγοδ
697 1041 729 1105 ἐν
744 1046 781 1128 τῇ
795 1037 871 1103 κατά
890 1043 1021 1106 Νικαίαν
1040 1039 1159 1129 συνόδῳ
1182 1040 1334 1127 διήλεγξα,
1363 1039 1429 1108 κατ’
1446 1045 1521 1124 ἐμοῦ

355 1143 472 1231 γράψαι
485 1149 521 1232 τῇ
535 1145 691 1230 θεοσεβείρ
707 1161 763 1207 σου
780 1140 958 1225 ἐτόλμησαν,
981 1139 1023 1220 οἱς
1037 1140 1076 1210 άν
1092 1147 1166 1226 ἐμοῦ
1183 1141 1224 1226 μή
1240 1143 1361 1228 δρθοῦς,
1383 1143 1460 1228 μήτε
1477 1148 1521 1211 ἐκ·

354 1251 568 1330 κληοιαστικοῦς
594 1251 792 1330 φρονοῦντες,
824 1241 857 1310 τδ
885 1246 998 1310 ἐαυτοῦν
1024 1247 1154 1330 ἔγκλημα
1179 1249 1221 1322 είς
1242 1247 1292 1328 ἐμέ
1318 1255 1522 1329 μετατεθῆναι

355 1347 584 1426 σπουδάζοντες,
616 1345 724 1412 τούτου
746 1348 844 1413 ἐνεκεν
869 1344 1031 1433 άναγκαῑον
1045 1343 1201 1433 ἡγησάμην
1217 1347 1390 1431 άπαντήσας
1406 1352 1450 1426 είς
1469 1348 1522 1432 τήν

227 1471 279 1517 Μ·
292 1459 340 1504 835·
353 1449 468 1534 Ῥάμην
481 1447 653 1533 ῦπομνήσαί
667 1471 714 1528 σε,
745 1452 796 1515 ίνα
809 1446 881 1526 τοῦς
897 1447 960 1516 κατ’
976 1452 1051 1532 ἐμοῦ
1065 1449 1241 1536 γράψαντας
1258 1455 1427 1540 μεταστείλη
1443 1450 1522 1534 ὑπὲρ

354 1560 409 1620 τοῦ
431 1551 681 1634 ιάπαιιτήσαντας
699 1547 810 1628 αῦιοῦς
833 1548 879 1618 ἐπ’
897 1551 1079 1637 άμφοτέροις
1093 1555 1266 1639 ἐλεγχθῆναι
1280 1549 1330 1618 ὕπ’
1350 1555 1443 1635 ἐμοῦ,
1476 1554 1523 1620 δτι

355 1681 386 1722 τε
401 1658 451 1722 καί
468 1654 487 1721 δῦ
502 1654 666 1743 γεγράφασι
690 1651 752 1719 κατ’
771 1656 863 1735 ἐμοῦ,
892 1658 995 1739 ψευδῆ
1014 1653 1086 1721 ὄντα
1101 1653 1252 1742 τυγχάνει,
1280 1657 1331 1721 καλ
1347 1655 1394 1721 δτι
1409 1659 1454 1722 ἐτι
1470 1659 1523 1722 καλ

354 1767 409 1825 νῦν
424 1759 597 1841 ἐπιμένουσι
612 1765 648 1848 τῇ
664 1757 781 1822 ἐαυτυῦν
797 1756 926 1846 προτέρρι
942 1755 1058 1847 πλάνη,
1084 1759 1136 1823 καλ
1152 1757 1236 1824 δεινά
1249 1758 1325 1824 κατά
1340 1783 1370 1822 τε
1384 1767 1448 1824 τοῖν
1466 1767 1522 1826 τοῦ

354 1869 432 1928 θεοῦ
450 1865 612 1942 ἐκκλησιῶν
626 1861 676 1926 καλ
691 1856 779 1943 ήμολν
790 1865 850 1924 τοῖν
864 1858 1058 1944 προεστάταν
1070 1860 1170 1925 αῦτοῦν
1183 1858 1402 1944 τετολμήκασιν.
1434 1859 1521 1926 Ἐπεὶ

353 1970 455 2031 τοίνυν
465 1960 633 2046 άπαντήσαι
645 1959 702 2028 οῦκ
718 1959 968 2045 ’ήβουλήθησαη
990 1960 1216 2038 άποοτείλαντάς
1231 1984 1287 2028 σου
1297 1965 1521 2048 πρεσβυτέρους

353 2067 432 2150 πρός
450 2063 577 2142 αότοῦς,
609 2066 662 2131 καί
685 2070 778 2130 ταῦτα
799 2066 873 2146 ἐμοῦ
897 2063 1032 2130 ἐνιαυτόν
1051 2066 1103 2130 καλ
1120 2073 1197 2151 τρεῖς
1212 2064 1300 2142 ῦλους
1320 2073 1416 2149 μῆνας
1432 2067 1465 2132 ἐν
1480 2073 1520 2156 τῇ

350 2169 448 2261 Ῥώμη
470 2165 685 2250 πεποιηκότος,
716 2164 879 2251 ἀναγκαῖον
901 2163 1070 2252 ἡγησάμην,
1103 2170 1213 2250 μέλλον
1234 2171 1373 2234 ἐντεῦθεν
1397 2171 1519 2247 ἐξιέναι,

353 2269 506 2361 ἐγγραφόν
532 2293 582 2336 σοι
603 2267 658 2352 τήν
678 2272 809 2350 ἐμαυτοῦ
832 2273 931 2334 πίστιν
954 2266 1026 2352 μετά
1050 2267 1148 2352 πάσης
1164 2270 1308 2352 άληθείας
1325 2297 1361 2360 τη
1379 2271 1519 2352 ἐμαυτοῦ

352 2377 426 2461 χειρί
452 2373 573 2461 γράψας
597 2372 765 2450 ἐπιδοῦναι,
797 2369 835 2454 ἣν
857 2371 989 2454 ἐμαθον,
1019 2373 1052 2436 ἐκ
1075 2396 1106 2436 τε
1122 2379 1182 2437 τῶν
1198 2377 1293 2438 θείων
1315 2380 1443 2459 γραφοῦν
1458 2377 1518 2440 ἐδι-

352 2477 488 2561 δάχθην,
520 2476 572 2539 καὶ
597 2479 657 2538 τῶν
681 2481 781 2550 κακῶς
804 2469 855 2538 ὕπ’
876 2473 976 2538 αῦτῦν
996 2475 1161 2559 λεγομένων
1185 2471 1357 2558 ῦπομνήσαί
1377 2497 1430 2553 σε,
1465 2480 1518 2540 ἰὐο

351 2587 431 2667 γνῷς
450 2574 496 2654 οίς
513 2575 659 2661 χροίμενοι
675 2575 753 2661 πρός
774 2572 892 2658 άπάτην
912 2583 972 2642 τοῖν
992 2573 1165 2643 άκουόντοιν
1182 2576 1281 2662 λόγοις
1298 2576 1351 2662 τήν
1368 2576 1519 2660 ἀλήθειαν

350 2679 492 2766 κράπτειν
507 2677 673 2762 βούλονται.
718 2680 799 2744 Φασὶ
814 2677 870 2764 γάρ
887 2677 929 2763 μή
944 2681 1022 2744 ἴδιον
1036 2680 1086 2744 καλ
1103 2676 1249 2762 άληθινδν
1263 2679 1352 2765 λόγον
1367 2677 1448 2746 εέναι
1462 2687 1519 2746 τοῦ

350 2780 593 2865 παντοκράτορος
608 2787 686 2845 θεοῦ
702 2777 755 2845 τόν
772 2778 841 2846 υίδν
859 2779 912 2846 τόν
927 2779 1032 2865 κόριον
1052 2778 1136 2862 ήμοῖν
1150 2779 1265 2863 Ἰησοῦν
1286 2779 1434 2866 Χριστόν,
1458 2780 1520 2848 άλλ’

350 2888 451 2970 ἐτερον
468 2883 564 2949 αῦτοῦ
580 2881 670 2968 λόγον
686 2880 778 2963 εἶναι,
809 2885 859 2949 καλ
876 2885 976 2969 ἐτέραν
990 2889 1118 2964 σοφίαν,
1146 2884 1197 2949 καλ
1215 2882 1350 2966 δύναμιν.
1401 2892 1519 2952 Τοῦτον

350 2986 510 3075 γενόμενον
527 2982 578 3050 διά
592 2983 686 3051 αῦτοῦ
700 2984 878 3068 ον’νομάσθαι
890 2986 989 3070 λόγον,
1013 2988 1065 3052 καλ
1080 2990 1205 3066 σοφίαν,
1227 2989 1278 3051 καλ
1295 2986 1444 3068 δύναμιν,
1467 2991 1519 3053 καὶ

351 3087 402 3156 διά
416 3088 449 3156 τδ
466 3087 563 3164 οῦτοος
579 3085 688 3164 αῦτοῦς
702 3098 841 3174 φρονεῖν,
872 3086 961 3171 άλλην
975 3085 1139 3154 άπόστασιν
1156 3091 1316 3154 διεστῶσαν
1332 3096 1387 3154 τοῦ
1403 3089 1520 3174 πατρός

351 3189 428 3258 εἷναί
446 3211 546 3271 φασιν.
582 3188 649 3254 Ἔτι
673 3192 727 3272 μίν
748 3216 794 3255 τοι
817 3192 868 3255 καί
891 3193 1094 3276 προϋπάρχειν
1115 3197 1168 3256 τοῦ
1190 3193 1260 3256 υἱοῦ
1276 3189 1328 3257 τόν
1345 3194 1466 3278 πατέρα
1483 3190 1520 3258 δι’

352 3287 396 3360 οῦν
408 3291 576 3380 γράφουσιν
592 3289 824 3373 άποφαίνονται,
850 3291 925 3358 ’καί
941 3291 981 3375 μή
998 3289 1075 3358 είναι
1087 3289 1179 3358 αῦτδν
1192 3291 1313 3376 άληθῶς
1327 3291 1397 3358 υίόν
1413 3297 1448 3360 ἐκ
1465 3301 1518 3361 τοῦ

350 3403 436 3462 θεοῦ.
478 3391 563 3462 ’Λλλά
579 3393 637 3460 κάν
653 3395 787 3482 λέγουσιν
802 3397 835 3461 ἐκ
850 3401 905 3461 τοῦ
929 3402 1020 3474 θεοῦ,
1051 3395 1147 3472 οῦτοος
1167 3396 1303 3481 λέγουσιν
1322 3391 1362 3470 οῦς
1382 3400 1467 3462 4ιταλ
1482 3397 1518 3462 τά

350 3497 458 3565 πάντα.
491 3496 561 3562 Ἔτι
579 3495 640 3580 μήν
658 3499 709 3564 καί
731 3496 779 3565 ὅτι
796 3491 835 3581 ήν
850 3521 921 3563 ποτε
945 3496 1019 3563 ἐδτε
1044 3497 1102 3563 οῦκ
1122 3490 1269 3583 ήνλίγειν
1288 3504 1435 3580 τολμῶσι,
1467 3502 1520 3566 καλ

350 3606 457 3684 κτίσμα
477 3597 569 3664 αῦτδν
591 3601 643 3665 καλ
658 3605 772 3684 ποίημα
792 3598 883 3678 εἶναι,
915 3603 1090 3682 διορίζοντες
1111 3597 1202 3664 αὐτόν
1224 3597 1285 3665 άπδ
1313 3606 1367 3664 τοῦ
1390 3601 1518 3687 πατρός.

356 3700 436 3780 Τοῦς
452 3693 508 3768 οῦν
520 3709 614 3768 ταῦτα
625 3704 762 3788 λέγοντας
777 3699 946 3786 άλλοτρίους
960 3709 1014 3785 τῆς
1026 3707 1192 3784 καθολικής
1207 3703 1359 3784 ἐκκλησίας
1374 3699 1455 3770 είναι
1469 3731 1520 3771 πε-

350 3811 516 3887 πίστευμαι.
562 3803 699 3870 Πιστεόοο
716 3805 747 3871 δὲ
763 3803 907 3888 ἑπόμενος
919 3813 985 3880 ταῖς
998 3809 1095 3882 θείαις
1111 3812 1243 3890 γραφαῖς
1256 3803 1301 3870 δτι
1317 3800 1360 3880 είς
1371 3803 1453 3882 θεάς
1468 3811 1520 3872 καλ

351 3907 370 3976 δ
384 3904 494 3976 τοῦτον
508 3905 672 3992 μονογενής
689 3905 754 3984 υἷάς
767 3905 869 3995 λόγος,
897 3903 916 3972 δ
933 3904 979 3972 άεὶ
994 3905 1189 3991 συνυπάρχον
1203 3913 1244 3993 τρῦ
1258 3907 1347 3990 πατρλ
1355 3957 1365 3986 ,
1393 3911 1450 3974 κοιλ
1464 3937 1520 3992 μη-

351 4009 506 4078 δεπάποτε
527 4007 622 4095 ἀρχήν
643 4015 697 4074 τοῦ
718 4006 793 4075 είυαι
815 4006 958 4093 ἐσχηκός,
990 4007 1111 4093 άληθῦς
1132 4011 1165 4074 ἐκ
1188 4015 1243 4075 τοῦ
1263 4015 1339 4074 θεοῦ
1358 4005 1519 4098 ῦττάρηιον,

387 4219 545 4270 θιε.11.-
581 4217 602 4270 1.
621 4220 685 4269 Libri
705 4222 776 4282 υολφο
797 4212 912 4282 άπαντή-
979 4217 1003 4270 3.
1022 4215 1067 4270 καλ
1088 4220 1248 4280 particulam,
1274 4231 1335 4280 φιοι
1354 4219 1430 4284 νείφο
1452 4225 1520 4272 abest

353 4299 447 4344 σαντος.
483 4288 552 4349 Quod
568 4290 652 4338 vitium
670 4289 798 4337 θοτνιαήιιι
812 4289 847 4352 (in
860 4301 913 4338 νιτ-
946 4302 963 4336 ο
978 4289 1059 4346 libris,
1086 4289 1222 4348 οοτοφίοτιι
1242 4288 1333 4348 τγλίοδο
1348 4285 1390 4339 τῖι
1407 4293 1520 4339 vocabuli

350 4355 414 4404 ιλοοε
429 4356 518 4418 mim)
533 4360 554 4405 τί
571 4358 683 4405 Ριιαυιοτ
696 4358 844 4406 sustulerunt
941 4356 1110 4418 μτοεοιδπιίίι,
1120 4355 1150 4406 δι
1159 4339 1418 4406 waramum
1437 4359 1519 4408 Ειὲοκι

384 4421 409 4471 2.
427 4419 603 4488 ηκολοῦθησαν
620 4423 672 4474 τοῦ.
688 4423 786 4486 Ma.
