3042 5016
290 257 353 320 312
716 267 1028 322 εεοιστιτειοειιιιιι

291 411 354 450 νων
370 390 430 451 τῶν
452 383 580 464 οάσιῶν,
611 382 684 452 ἀλλά
698 392 770 469 μιᾶς
785 383 868 470 παρά
886 384 1025 466 4πάσας,
1057 384 1124 470 ἥτις
1141 387 1201 453 έστλ
1218 383 1331 470 θεότης
1353 389 1450 470 μίαέν

290 485 405 572 τριάδι,
427 495 493 564 πῶς
510 489 553 554 έτι
568 483 823 570 ἀπολειφθήσεται
841 495 881 578 τῷ
897 487 1027 578 γεννάδα
1049 488 1145 579 τσότρν
1164 487 1197 557 τό
1217 488 1451 572 καταπληκτικόν

292 588 387 658 αότοῦ
400 581 504 674 χωρεῖν
522 591 569 656 έπλ
587 588 659 668 τοιλς
678 589 765 668 υίοός
782 598 836 674 τῆς
859 590 1018 675 άληθείαςς
1062 595 1175 658 Διοίσει
1197 592 1230 658 δέ
1249 593 1301 658 καλ
1326 589 1451 678 όποτέρο

291 701 344 777 τῆς
366 689 528 777 όποτέρας,
559 689 606 758 ότι
619 690 641 775 ἡ
655 693 709 776 μέν
726 691 810 779 τριάς
825 699 929 775 κτίζει,
958 691 995 759 τά
1013 695 1045 760 δέ
1067 693 1165 760 πάντα
1182 691 1233 761 ἀπ’
1249 693 1344 778 αιίτῇς
1362 697 1452 760 ιιέττι·

293 817 366 863 σται.
411 795 473 859 Καί
489 790 510 878 ἦ
527 796 582 878 μέν
598 797 676 861 έστιν
699 794 880 877 ἀδέσποτος,
910 795 946 862 τά
968 795 1000 862 δέ
1016 794 1067 864 ὕπ’
1084 795 1176 882 αὐτῆς
1189 795 1334 885 γενόμενα
1350 798 1452 864 δεσπό-

291 905 379 980 ζεται·
402 893 490 982 καλή
509 897 562 979 μέν
577 895 800 981 μεταβάλλεται,
822 896 891 983 ἠδέ
908 897 1105 987 ἀπαράβατον
1121 901 1178 984 ἔχει
1192 897 1247 982 τὴν
1265 898 1379 982 φάσιν,
1410 926 1453 984 με·

291 1001 478 1086 ταβάλλουσα
493 999 540 1066 ἀελ
563 998 599 1064 τά
621 996 671 1064 ὑπ’
687 999 781 1084 αὐτῆς
801 1001 1052 1086 μεταβαλλόμενα,
1083 1006 1134 1068 καλ
1160 1004 1191 1081 έξ
1208 1000 1265 1069 οάκ
1289 1001 1389 1070 όντων
1408 1001 1454 1080 τάς

293 1104 400 1180 οάσίας
417 1104 468 1169 καὶ
490 1100 543 1182 τάς
562 1100 740 1179 ὑποστάσεις
762 1100 894 1187 ἀφιστᾶν
912 1107 1072 1189 δυναμένη.
1120 1111 1213 1172 Τοῦτο
1230 1103 1287 1191 γάρ
1307 1107 1369 1172 έστι
1385 1127 1454 1190 συμ-

293 1207 408 1294 πρέπον
424 1212 489 1295 θεῷ
504 1208 537 1274 έκ
554 1203 596 1290 μὴ
613 1201 832 1289 ὑποκειμένων,
863 1209 913 1272 καί
933 1210 962 1286 έξ
981 1205 1038 1274 οάκ
1053 1203 1148 1274 όντων
1170 1204 1221 1273 ἀπ’
1242 1205 1337 1274 αὐτοῦ
1362 1233 1453 1294 γεγεν-

293 1311 427 1394 νημένων
450 1310 501 1375 καί
529 1306 737 1390 ὑποστάντων,
767 1306 843 1376 κατά
866 1308 920 1394 τήν
945 1309 1142 1394 διακόσμησιν
1168 1308 1394 1395 μετασκευάζειν
1418 1307 1455 1386 τίς

293 1411 438 1498 βούλεται.

379 1511 489 1580 Ἀετίου
505 1513 609 1597 κεφάλ
626 1511 672 1580 λε’.
717 1517 762 1580 Et
777 1523 859 1581 πᾶσα
878 1514 967 1581 οὐσία
983 1515 1063 1582 έστλν
1079 1512 1251 1601 ἀγένιητος,
1284 1513 1368 1580 πᾶσά
1383 1517 1457 1581 ἐστιν

294 1616 525 1703 ἀπαράλλακτος.
574 1623 634 1699 Τῆς
652 1617 708 1683 1δέ
722 1617 828 1695 οὗσίας
846 1615 879 1685 τό
896 1615 1119 1704 ἀπαράλλακτον
1136 1619 1277 1702 έχουσης,
1310 1616 1345 1684 τό
1361 1627 1456 1684 ποιεῖν

293 1747 324 1787 τε
341 1721 393 1787 καλ
412 1718 447 1787 τό
469 1717 592 1803 πάσχειν
617 1703 825 1810 αὐτοματισμῷ
850 1720 1023 1788 ἀναθετέον.
1070 1727 1195 1786 Πολλῶν
1213 1721 1246 1786 δέ
1264 1719 1359 1786 ὄντων
1377 1718 1457 1806 ἀγεν-
1509 1776 1510 1850 1

294 1822 393 1907 νότων
415 1823 466 1888 καλ
491 1819 737 1906 ἀπαραλλάκτων,
772 1819 1012 1910 λάναριθμητως
1035 1826 1198 1890 διοίσουσιν
1217 1822 1359 1907 ἀλλήλων.
1413 1821 1456 1888 Οίι
1510 1874 1511 1942 η

295 1924 351 2014 γάρ
370 1923 466 2008 ἀνείη
481 1922 637 2010 ἀριθμητά
652 1922 688 1991 τά
705 1929 845 1992 διεστῶτα
860 1924 882 2009 ἢ
898 1923 1049 2006 καθόλου,
1078 1923 1190 2009 ἦκατά
1206 1953 1250 2006 τι,
1280 1924 1381 2008 πάσης
1396 1930 1458 1992 διο·
1511 1973 1512 2040 η

295 2026 426 2105 στάσεως
445 2025 655 2115 ἀποκληρωσίν
673 2054 739 2093 τινα
756 2028 960 2113 έμφαινοάσης
974 2032 1071 2096 αίτίου
1084 2026 1320 2116 άποτεταγμένης
1336 2026 1457 2116 ἀμεννή-
1512 2071 1513 2116 η

294 2157 348 2200 του
370 2131 498 2214 φύσεως.
1513 2172 1514 2208 ι

378 2336 493 2421 Ἀνατρ.
539 2333 586 2401 Οά
599 2342 680 2402 πᾶσα
699 2331 786 2402 οάσία
810 2335 982 2424 ἀγέννητος·
1015 2335 1134 2422 ἠλίθιον
1157 2335 1212 2424 γάρ
1232 2338 1284 2403 καλ
1303 2334 1339 2404 τό
1356 2338 1454 2402 διανο-
1515 2370 1516 2393 ι

296 2450 407 2522 εἴσθαι,
430 2439 481 2506 καλ
492 2433 664 2522 Ἑλληνικῆς
678 2435 825 2524 ἀγνωσίας
840 2431 929 2515 οὗτος
942 2435 961 2505 ό
972 2437 1123 2525 λογισμός,
1145 2441 1195 2505 καλ
1210 2436 1242 2506 τό
1259 2437 1456 2526 ἀπόφθεγμα,
1516 2468 1517 2482 ι

295 2543 353 2612 κάν
374 2567 405 2608 τι
427 2540 657 2622 ἀποφαντικοῖς,
683 2539 741 2607 κάν
764 2567 796 2607 τε
816 2545 1000 2630 έρωτητιιιοῖς
1017 2549 1058 2630 τῷ
1073 2541 1177 2630 Ἀιτίιμ
1191 2544 1310 2628 εἴρηται.
1357 2549 1456 2626 Δῆλον

299 2645 356 2712 ’δέ
381 2643 428 2712 ὅτι
451 2646 640 2731 έρωτητικοῑς.
682 2641 828 2728 Ἑλλήνων
845 2649 945 2711 τοίνυν
960 2647 1070 2720 παῖδας
1092 2651 1181 2710 τοῦτο
1199 2641 1348 2729 έρωτάτω.
1396 2643 1456 2708 Κά-

174 2796 225 2842 Μ,
236 2783 281 2830 ης
300 2757 392 2816 κεῖνοι
408 2747 440 2814 δέ
456 2743 536 2834 αὐτῷ
558 2748 807 2814 συντιθέσθωσαν
824 2753 911 2812 τοῦτο
936 2748 1010 2830 έχειν
1033 2749 1066 2814 έιι
1085 2751 1283 2832 συλλογισμόν
1302 2745 1335 2812 τό
1352 2745 1457 2832 έριίτη-

296 2877 353 2935 μα,
375 2849 450 2933 δλην
464 2849 531 2915 τινά
551 2849 713 2935 σάγχρονον
729 2857 773 2938 τῷ
788 2855 852 2939 θεῷ
868 2852 1103 2932 ἐπιφημίζοντες.
1145 2845 1329 2914 Ἀλισιιέοθω
1348 2851 1381 2916 δέ
1397 2847 1456 2932 ἀμιι

296 2955 436 3032 έκείνοις,
459 2954 487 3018 ελ
499 2961 689 3030 συντιθοῖτο,
722 2949 846 3035 έχοόσης
864 2959 916 3036 τῆς
934 2951 1123 3036 ἀληθείαςδν
1137 2949 1213 3017 είναι
1230 2949 1263 3017 τδ
1279 2959 1405 3032 ποιοῦν,
1426 2953 1456 3016 έν

296 3063 350 3144 μιᾷ
369 3051 456 3144 οάσίρι
482 3053 601 3142 τριάδος
622 3057 757 3131 τελείας,
775 3055 826 3122 καλ
850 3053 888 3120 οά
912 3053 988 3120 κατά
1011 3052 1201 3138 4συναλιφήν
1224 3049 1455 3139 ἀριθμουμένης.

299 3156 344 3224 Τά
364 3155 390 3222 δ’
407 3154 478 3222 ἀλλα
493 3155 591 3222 πάντα
615 3153 757 3244 γεννητά,
786 3159 837 3223 καί
859 3156 978 3238 κτιστδ,
1007 3158 1059 3224 καί
1076 3154 1131 3224 σάιι
1147 3155 1299 3244 άμέννητα.
1350 3163 1409 3240 Τῆς
1426 3157 1456 3222 δέ

295 3257 439 3344 θεότητος
464 3256 603 3325 ἀκτίστον
627 3257 736 3343 οὔσης,
767 3258 881 3346 πατρός
896 3261 950 3343 μέν
963 3266 1141 3346 γεννῶντος,
1171 3261 1242 3324 υἱοῦ
1259 3257 1291 3323 δέ
1305 3265 1454 3344 γεννητοῦ,

295 3361 464 3446 πνεύματος
488 3363 520 3428 δέ
542 3358 629 3448 άμίου
652 3365 682 3440 έξ
700 3359 794 3428 αότοῦ
814 3360 1032 3447 ἀπεσταλμένον
1055 3369 1111 3429 τοῦ
1126 3358 1240 3447 πατρός
1256 3361 1311 3427 καλ
1329 3369 1390 3428 τεόν
1405 3367 1454 3428 τοῦ

295 3469 366 3532 υίοῦ
383 3463 600 3550 λαμβάνοντος,
631 3462 752 3531 πάντων
774 3467 806 3532 δέ
830 3463 926 3532 όντων
949 3467 1162 3546 κεκτισμένων,
1193 3471 1248 3531 τοῦ
1273 3464 1306 3529 δέ
1326 3460 1454 3548 ἀπαραλ-

294 3567 404 3635 λάκτου
417 3574 454 3658 τῇ
471 3566 596 3650 δυνάμει
610 3569 765 3651 μένοντος,
790 3567 1046 3654 οσυμπρεπόντοος
1060 3571 1093 3634 έν
1108 3576 1146 3658 τῇ
1162 3567 1260 3653 τριάδι
1273 3565 1374 3648 πάσης
1389 3563 1455 3632 θεό-

294 3697 382 3755 τητος
399 3672 450 3737 ίπλ
467 3668 522 3736 τόν
544 3670 657 3754 πατέρα
683 3667 946 3754 θάναφερομένης,
977 3668 1028 3737 διά
1055 3668 1088 3737 τό
1111 3667 1233 3757 εὔλογον
1250 3670 1302 3734 καί
1318 3665 1455 3736 ἀκτωιον

294 3779 347 3857 τῆς
363 3771 494 3856 μονάδος
510 3773 561 3837 καλ
582 3769 614 3838 τό
636 3769 824 3858 ἀναιρετικδν
848 3780 902 3857 τῆς
920 3779 1086 3851 πολυθελας
1107 3771 1141 3840 τό
1162 3773 1215 3856 μέν
1231 3770 1454 3857 ἀπαράλλακτον

295 3879 375 3960 μένει
388 3883 425 3966 τῇ
441 3873 581 3956 δυνάμει,
603 3873 637 3940 τό
655 3875 689 3940 δέ
705 3873 826 3961 εὔλογον
842 3874 1075 3964 σνμπρεπόντως
1092 3873 1277 3961 άναλογεῖται
1293 3877 1365 3940 υίοῦ
1382 3871 1454 3961 πρός

294 3980 422 4063 πατέρα,
455 3980 507 4043 καί
528 3974 615 4062 άγίου
639 3975 815 4061 πνεύματος.
871 3983 980 4046 Τοίνυν
1004 3976 1118 4045 τούτων
1146 3975 1242 4054 οὕτως
1271 3975 1400 4062 ἐχόντων
1427 3979 1453 4053 έξ

293 4077 428 4168 άπαρχῆς
449 4089 577 4148 πεσεῖται
598 4087 651 4163 τῆς
675 4082 835 4165 έπιβοολῆς
852 4088 907 4147 τοῦ
922 4081 1112 4167 έρωτήματος
1128 4078 1150 4165 ἡ
1165 4083 1290 4148 έπίνοια.
1340 4077 1388 4145 Οά
1401 4075 1451 4166 γάρ

328 4251 352 4308 4.
369 4253 455 4324 πάσης
468 4257 669 4310 mammea.
682 4257 763 4308 Ριίου.
776 4257 856 4308 colon.
923 4253 949 4308 ³.
966 4248 990 4309 δ’
1006 4249 1452 4319 δτιασδ.1λλιδλς.,είίιιι.αιιειεα

291 4329 364 4388 εεμιι.
923 4321 947 4375 4.
965 4322 1119 4392 συναλοιφὴν
1135 4327 1190 4374 εδει.
1208 4325 1291 4374 Ρααυ.

331 4393 352 4444 l.
370 4389 401 4446 δέ
415 4407 460 4443 σπι.
478 4398 503 4444 λιι
520 4396 556 4445 εδ
574 4396 655 4444 Ριίαυ.
674 4395 753 4444 colom
769 4399 841 4456 τερα.
923 4393 947 4444 5.
967 4389 1165 4459 συμπρεπόντως
1184 4395 1268 4458 ιατριλ
1289 4405 1320 4440 ια
1343 4391 1453 4441 mat

327 4461 352 4512 2.
376 4456 528 4528 ἀριθμητιῖις
550 4463 618 4512 codd.
640 4475 695 4512 ικιι.
719 4467 814 4526 νεεεηειι
835 4467 856 4514 ιι
891 4463 1009 4522 ommi,
1022 4465 1063 4525 ςνί
1078 4464 1190 4512 convertit
1205 4457 1383 4512 αοαιλοαεοειτ.
1414 4459 1452 4508 ιι·-

292 4532 347 4590 ιοιλ
362 4532 441 4604 prine-
457 4556 492 4568 -
524 4533 559 4584 θε
574 4545 636 4600 ιιρς.
653 4531 682 4596 τί.
700 4543 781 4594 ειιμτα
890 4533 926 4582 δή
942 4531 1013 4596 νιιίοσ
1031 4527 1226 4600 συμτρέτσιτος.
