3066 5016
231 317 370 369 rauanu
386 318 507 369 arama
531 317 614 370 rom.
634 317 664 368 n.
692 317 807 368 axros.
826 315 892 368 rin.
910 315 1055 368 cernon.
1166 301 1228 366 tuo

71 437 115 500 vis
130 447 161 500 et
176 437 334 501 efficacitas
357 437 549 515 ostendatur,
584 435 661 521 quod
678 446 814 520 uuquam
832 433 923 498 vitale
942 456 1047 498 mouns
1065 433 1229 516 infidelibus

69 549 100 602 et
118 539 153 602 ad
171 538 322 602 nationum
340 539 468 602 omnium
488 539 714 602 couversionem
732 547 819 622 atque
838 538 873 600 ad
891 536 1071 619 agnitionem
1095 535 1229 599 veritatis

69 651 116 704 est
139 639 277 705 oblatum.
325 638 418 724 igitar
436 637 599 706 Chetturae
623 641 726 704 liberis
749 640 854 704 collata
877 639 926 702 illa
945 657 1066 701 munera
1087 637 1230 722 pecuniae

68 754 171 822 erant,
203 764 304 808 aurum
323 743 476 820 videlicet,
509 752 708 826 argeutumct
727 741 838 819 restis,
871 741 1231 826 etquaauonsinenry·

69 845 161 909 sterio
181 845 345 910 Abraamus
360 844 390 908 in
410 843 526 909 illorum
550 845 630 930 peris
647 843 784 922 inclusit,
817 843 900 921 tbus,
927 843 1044 928 myrrha
1062 853 1092 906 et
1107 863 1228 920 aurum,

69 967 144 1031 quae
165 947 200 1010 ab
226 945 422 1012 Sodomorum
449 957 479 1010 et
499 945 685 1012 Gomorrbae
708 946 828 1030 regibus
849 945 981 1030 acecpit,
1013 967 1072 1029 quo
1098 958 1229 1030 tempore

70 1047 320 1134 Cbodollogomor
331 1061 361 1112 et
377 1047 484 1128 Barsa,
509 1048 659 1134 ceterique
674 1068 761 1133 reges
775 1045 945 1112 Sodomitas
961 1058 990 1110 ct
1007 1046 1230 1112 Gomorrbaeos

70 1153 202 1238 captiros
220 1152 409 1215 abduxerunt
424 1173 459 1214 ac
479 1152 609 1237 praedati
627 1161 708 1228 suat,
734 1160 791 1213 tam
813 1170 906 1234 equos
925 1171 1010 1234 qnam
1031 1149 1177 1228 homines,
1201 1161 1232 1212 et

70 1254 300 1337 uniuscuiusque
324 1255 455 1317 fortunas
479 1254 674 1338 diripuerunt.
723 1249 807 1334 Quae
834 1273 898 1315 cum
927 1251 1095 1315 Absaamus
1118 1273 1157 1315 ex
1181 1251 1231 1316 illa

70 1379 173 1442 regum
200 1356 427 1440 depraedatione
457 1365 679 1440 recuperasset,
716 1374 771 1417 nec
795 1375 869 1438 quae
894 1354 951 1417 iana
978 1353 1033 1418 deo
1056 1365 1231 1418 consecrata

69 1462 187 1523 fueraut
201 1459 325 1522 auderet
339 1468 494 1535 auertere,
519 1457 596 1521 inter
618 1457 675 1521 alia
695 1457 771 1521 dona
789 1456 890 1519 liberis
913 1456 992 1532 snis,
1016 1477 1091 1540 quos
1106 1476 1124 1519 e
1139 1453 1231 1520 Cbet·

70 1573 137 1626 tura
154 1571 342 1646 susceperat,
366 1560 443 1624 ultro
463 1561 628 1639 concessit,
652 1568 684 1623 ut
699 1560 729 1622 iu
744 1556 948 1622 Hebraeorum
966 1557 1171 1622 traditionibus
1190 1558 1232 1623 le·

70 1665 179 1749 gimus.

156 1865 354 1952 Posteaquam
378 1887 450 1931 vero
469 1863 606 1932 Christus
631 1868 660 1931 in
686 1867 762 1932 bunc
788 1871 926 1933 mundum
950 1867 1050 1948 venit,
1082 1865 1168 1933 iidem
1192 1868 1232 1934 illi
1247 1875 1385 1946 capvttt.

70 1969 214 2034 Abraami
239 1980 268 2031 ct
290 1965 453 2032 Chettnrae
477 1969 545 2047 lilii,
579 1971 627 2053 qui
645 1981 759 2054 epatre
785 1971 887 2034 reiecti
910 1970 940 2033 in
965 1968 1122 2054 Magodia,
1157 1993 1233 2056 quae

71 2072 204 2136 Arabiae
220 2071 303 2155 regio
321 2081 385 2149 est,
413 2070 628 2150 habitaverant,
653 2072 709 2135 boc
724 2081 771 2134 est
785 2069 867 2155 Magi
886 2093 925 2135 ex
941 2072 1018 2136 illius
1034 2075 1153 2156 generis
1167 2095 1233 2137 suc-

70 2175 209 2238 cessione
226 2175 390 2259 prnpagati,
414 2174 516 2238 eadem
536 2174 583 2238 illa
601 2176 677 2238 dorsa
691 2174 823 2238 eiusdem
839 2174 875 2237 ed
892 2175 1361 2259 communionemsigni-uoo·1·

69 2276 214 2342 beandam
234 2272 355 2341 Christo
370 2273 534 2340 Bethleemi
553 2275 739 2353 obtuleruut,
770 2297 835 2339 euna
853 2276 889 2338 ad
904 2289 1053 2361 aspectum
1072 2276 1179 2340 sideris
1196 2297 1234 2341 eo

70 2379 196 2464 proiecti
216 2379 351 2442 luissent.
398 2373 570 2442 Cuiusmodi
587 2381 662 2442 dona
676 2379 786 2442 diserte
801 2377 942 2462 propbeta
958 2377 1089 2441 declarat
1106 2379 1151 2442 bis
1166 2400 1234 2443 uer·

69 2481 129 2562 bis,
157 2485 293 2560 Quaesitor
308 2493 456 2562 autequam
473 2485 546 2544 retbt
556 2503 631 2562 puer
645 2483 789 2562 appellare
802 2492 912 2561 patrem
927 2492 980 2542 eut
991 2493 1120 2556 matrem,
1143 2487 1236 2564 captet
1248 2489 1310 2535 8¹¹¹·
1323 2491 1375 2548 Μ

65 2588 225 2664 patenulam
241 2589 377 2646 Domum
388 2595 416 2646 et
428 2586 519 2664 spobb
533 2587 692 2658 Samariae,
716 2605 812 2646 eoram
827 2605 896 2664 rege
910 2589 1109 2664 Assyriorum.
1156 2581 1233 2648 Nam

69 2686 145 2749 baec
164 2684 261 2748 omnia
280 2686 422 2749 Abraami
449 2685 628 2770 temporibus
649 2708 666 2750 e
684 2684 831 2751 Damasco
856 2697 885 2750 et
905 2684 1075 2752 Samariae
1093 2707 1234 2772 superve-

69 2786 220 2852 nientibus
239 2787 297 2854 illis
312 2789 431 2871 regibus
450 2800 546 2873 capta,
571 2799 602 2852 ut
619 2801 687 2852 aute
703 2788 777 2867 dixi,
803 2790 931 2854 lucrant.
978 2787 1065 2872 Quod
1083 2802 1130 2853 est
1147 2787 1236 2874 igitur

70 2901 188 2976 tempus
211 2889 300 2968 illud,
333 2912 390 2974 quo
412 2901 567 2974 autequam
588 2903 718 2976 patrem,
749 2902 800 2955 aut
822 2903 944 2956 matrem
964 2891 1111 2976 appellare
1129 2893 1232 2970 sciret,

68 2995 149 3057 dona
166 2991 215 3056 illa
229 2991 323 3078 cepit,
348 2991 404 3055 nisi
423 3013 488 3058 cum
506 2994 542 3058 ad
559 2994 652 3078 ipsum
668 2995 844 3058 accedentes
863 2991 945 3076 Magi
963 3013 1156 3078 pecussum,
1186 2994 1234 3057 rel

69 3095 251 3172 thesauros,
277 3106 308 3157 ut
322 3095 463 3178 qrraedam
481 3097 664 3180 exemplaria
682 3117 751 3181 prae
768 3117 802 3160 se
819 3098 936 3174 lerunt,
960 3107 1157 3180 aperuerunt,
1182 3097 1234 3160 ob·

69 3199 262 3280 tuleruntque
279 3197 441 3282 myrrham,
460 3199 525 3262 tbus
543 3208 574 3260 et
589 3199 715 3261 aarum?
746 3195 838 3262 Vides
854 3219 938 3282 quum
954 3208 1019 3282 apte
1035 3197 1170 3262 veritatis
1185 3220 1234 3262 se·

68 3321 139 3365 euna
163 3319 262 3364 sermo
284 3298 438 3383 seriesque
457 3300 642 3362 consentiat?
674 3311 762 3384 utque
786 3301 926 3364 haereses
950 3301 1031 3384 ipsae
1053 3302 1234 3366 conscabinae

68 3404 152 3480 sint,
185 3401 306 3487 quaram
329 3401 430 3466 liberis
445 3422 565 3488 aspersa
583 3422 704 3464 munera
727 3403 805 3466 sintl
849 3399 936 3485 Quae
955 3403 1070 3486 quidem
1094 3405 1234 3470 haereses

68 3508 169 3570 solum
195 3524 301 3568 nomen
327 3505 513 3582 obtinentes,
549 3502 578 3566 id
597 3514 642 3567 est
665 3503 727 3568 sola
746 3501 858 3568 Christi
883 3504 1078 3589 appellatione
1102 3509 1233 3573 censitae

69 3628 184 3693 paucas
203 3629 219 3670 e
235 3607 329 3670 sacris
351 3605 445 3670 literis
471 3606 636 3670 sententias
653 3607 819 3691 accipiunt,
851 3627 903 3692 per
919 3629 992 3692 quas
1010 3610 1183 3688 ueritatem,
1207 3609 1233 3675 si

70 3710 185 3788 velint,
211 3709 375 3792 intelligere
389 3709 514 3792 possint.
561 3706 616 3774 Sin
635 3708 730 3772 miuus
748 3710 856 3788 velint,
882 3722 912 3774 et
926 3712 962 3776 ad
980 3709 1128 3775 Herodem
1148 3714 1233 3777 rede·

70 3821 127 3876 ant
141 3812 324 3892 (mandatum
336 3819 434 3874 anum
449 3812 507 3874 illis
521 3823 580 3890 est,
599 3833 637 3876 ne
650 3812 686 3875 ad
703 3809 851 3876 Herodem
867 3813 1001 3890 redeant,
1018 3811 1070 3876 sed
1083 3833 1135 3898 per
1147 3815 1233 3878 aliam

69 3916 155 3980 viam
179 3923 367 3976 revertantur
390 3911 420 3976 in
444 3915 567 3999 patriam
593 3917 712 3996 suam)=
746 3915 798 3977 sed
816 3915 840 3979 si
858 3915 1000 4000 imperata
1022 3915 1121 3979 lacere
1138 3916 1235 3980 detre-

69 4028 173 4097 ctent,
198 4016 296 4080 inania
312 4025 342 4079 et
359 4015 539 4080 infructuosa
557 4017 628 4080 baec
645 4017 703 4080 illis
723 4018 800 4082 dona
821 4017 947 4096 iruerint,
978 4014 1100 4101 perinde
1118 4037 1152 4080 ac
1167 4014 1234 4082 Ma·

68 4121 121 4206 gis
140 4119 299 4204 protectio,
330 4118 356 4181 si
372 4119 408 4182 ad
430 4117 579 4184 Herodem
602 4119 814 4198 revertissent,
846 4119 922 4203 quod
940 4119 1076 4184 similiter
1095 4119 1234 4186 haereses

69 4224 161 4308 ipsae
181 4243 332 4286 sacrarum
354 4221 505 4286 literarum
527 4223 663 4306 dogmata
685 4222 878 4288 adulterando
901 4233 1101 4308 corrumpant.

69 4429 192 4512 centolla)
210 4434 232 4479 et
255 4430 319 4480 editt
352 4423 492 4495 ἀπέτρεψεν
510 4431 561 4479 end.
581 4431 640 4480 Rue·
674 4434 744 4513 repet
777 4490 784 4510 ¹
807 4494 814 4514 ι
1037 4501 1043 4512 .

69 4501 137 4618 ⁴⁴⁹6.
154 4557 218 4618 ao
233 4567 345 4616 mmm
360 4565 545 4618 cuasam.
558 4567 639 4618 clm.
711 4497 1126 4634 adult-tilletum
1142 4563 1203 4637 un
