3058 5014
299 362 361 428 252
725 381 1039 435 ιεασιιτειειιιειιι

379 495 497 582 Ἀνατρ.
523 498 703 575 Ἀνιιθέτως
717 497 887 585 παρειςάγει
904 496 1030 579 Ἀέτιος,
1051 499 1085 566 ἐκ
1107 506 1335 586 συλλογιστικῶν
1352 497 1454 583 ι’νομα·

299 605 371 666 σιῶν
387 595 583 684 άνθραπίνης
603 603 738 678 ἐπινοίας
761 600 835 668 θεόν
859 606 1036 685 καταλαβεῖν
1059 601 1253 687 βουλόμενος,
1283 605 1336 668 ιιαλ
1358 599 1400 680 ός
1425 605 1455 670 ἐι

297 703 401 780 λέξεων
417 699 646 786 άνροιτηριάζειν
664 711 801 790 πειρᾶται
826 711 878 787 τῆς
897 706 1039 790 ἐναργοῦς
1059 709 1185 782 πίστεως
1206 704 1260 789 τήν
1277 710 1403 790 βεβαίαν
1417 708 1456 772 ἐλ-

299 809 382 884 πίδα,
398 802 542 888 άνόμοιον
558 803 710 896 ’άνομοίμ
724 805 920 894 συγκρούσας,
935 811 984 874 ιιαλ
999 809 1076 886 λέξιν
1087 810 1160 884 λέξει
1178 807 1388 892 άνατροπιιιιδς
1403 835 1456 874 πα-

298 909 427 993 ρενθείς,
450 905 491 985 ός
507 910 540 974 έιι
557 908 667 975 τούτου
683 907 837 993 βιάζεσθαι
853 909 887 976 τό
903 909 1048 994 ἀνόμοιον
1074 915 1155 976 ιτοῦ
1168 913 1239 978 ιιέοῠ
1253 911 1331 995 πρός
1348 913 1457 997 πατέρα

299 1015 468 1093 σημαίνειν,
490 1010 565 1097 όπερ
581 1013 660 1078 ἐστίν
677 1009 834 1078 άδόνατον.
872 1012 924 1091 Ἐξ
943 1011 1041 1079 αὐτῶν
1057 1011 1129 1100 γάρ,
1152 1011 1194 1091 οἷς
1210 1016 1325 1093 έδίδαξε
1341 1012 1395 1082 τόν
1411 1013 1457 1080 τιό-

299 1136 391 1195 σμον,
415 1121 614 1200 συλλογισμῶν
634 1116 684 1180 ιιαλ
700 1113 792 1192 αότός
808 1114 1077 1202 σνλλογισθήσεται.
1122 1114 1236 1182 Φάσιιει
1253 1115 1326 1203 γάρ,
1361 1119 1405 1182 Et
1417 1117 1456 1182 τέ-
1520 1169 1521 1186 .

298 1223 376 1281 λειον
394 1208 433 1300 ἦν
446 1215 481 1283 τό
500 1219 646 1304 γέννημα,
677 1221 709 1283 ἐν
731 1213 881 1308 άγεννήτμ
902 1217 1061 1305 γεννήματί
1076 1222 1150 1298 ἐστι,
1179 1221 1230 1286 παλ
1254 1217 1310 1286 οόιι
1335 1220 1366 1298 έξ
1389 1211 1459 1285 ιδιά

299 1314 457 1405 άγέννητος
473 1317 546 1386 αὐτά
563 1321 711 1406 ἐγέννησε·
744 1320 886 1406 γεννητὴν
902 1319 958 1407 γάρ
975 1322 1068 1402 φάσιν
1086 1325 1117 1388 ἐν
1134 1319 1281 1412 άγεννήτη
1296 1321 1387 1411 αιἰσίμ
1404 1320 1457 1389 οδι

299 1422 441 1504 ἐνδέχεται
453 1418 542 1488 εἶναι·
562 1420 614 1488 έτό
632 1420 687 1509 γάρ
702 1419 778 1488 εἶναί
795 1425 826 1489 τέ
841 1426 902 1491 ἐστι
919 1425 969 1490 καλ
986 1421 1027 1510 μὴ
1044 1421 1134 1490 εἶναι·
1157 1424 1288 1511 γέννημα
1303 1421 1362 1510 γάρ
1377 1421 1458 1510 άγέν·
1521 1417 1522 1460 ³

298 1549 388 1608 νητον
402 1523 459 1590 οόιι
475 1527 549 1604 ἐστι,
577 1525 630 1590 καί
646 1524 807 1612 αἰγέννητον
820 1524 856 1594 όν
874 1529 1005 1614 γέννημα
1020 1527 1078 1594 οὖν
1094 1520 1149 1611 ἦν,
1178 1533 1233 1592 τοῦ
1248 1524 1397 1610 άνομοίον
1412 1527 1459 1610 μέ·

299 1651 372 1711 ρους
388 1628 438 1692 έπλ
455 1634 532 1692 θεοῦ
546 1631 736 1711 βλασφημίας
749 1627 843 1695 τόπον
860 1631 912 1694 ιιαί
923 1628 1012 1716 ὕβριν
1027 1631 1196 1714 ἐπέχοντος·
1228 1628 1301 1706 άόςτε
1316 1632 1349 1707 ἐξ
1367 1628 1459 1694 άπαι-

299 1755 350 1805 ιος
367 1731 536 1815 ἐλέγχεσθαι
557 1729 594 1795 τά
617 1738 671 1814 τῆς
686 1731 917 1816 παραποιὴσεοος
933 1735 1008 1819 μέρη
1024 1739 1085 1798 τῶν
1105 1731 1217 1818 λόγων,
1248 1727 1290 1807 ιδς
1307 1731 1367 1798 οὖν
1384 1732 1458 1798 ένδέ-
1522 1817 1523 1832 ρ

299 1855 378 1916 χιται
393 1829 538 1918 α’νόμοιον
554 1830 629 1900 εέναι
644 1832 696 1900 τόν
712 1832 781 1900 υἱόν
802 1841 844 1924 τῷ
865 1837 970 1918 πατρί,
1001 1832 1068 1900 οὐδ’
1091 1831 1197 1902 άνισον
1221 1841 1273 1916 τῆς
1298 1834 1395 1901 αὐτοῦ
1418 1859 1460 1898 τε
1522 1845 1523 1850 ’

298 1938 377 2012 λείας
392 1934 546 2018 θεότητος.
591 1939 635 2001 Et
647 1934 703 2023 γάρ
721 1935 799 2014 όλας
815 1935 921 2018 φάσπει
943 1939 1182 2020 οβεβιασμένως,
1211 1933 1284 2002 καθ’
1300 1939 1412 2002 ἑαυτοῦ
1430 1935 1461 2002 δέ

299 2039 467 2122 ἐπιστρέφει
482 2037 591 2124 βητάδ
608 2044 767 2125 διηγεῖται,
796 2037 830 2106 τό
846 2037 987 2127 γεννητόν
1008 2042 1060 2105 ιιαλ
1081 2036 1241 2126 άγέννητον
1259 2035 1306 2105 άεί
1322 2037 1460 2122 φάσκοι,

299 2138 361 2208 άπδ
378 2139 486 2207 τοότον
508 2145 630 2227 μαθέτω
653 2140 685 2208 τό
703 2140 820 2209 ιιτιστόν
835 2145 886 2209 ιιαλ
902 2140 1038 2208 άκτισεον
1052 2141 1098 2208 ότι
1112 2141 1170 2208 οὖν
1186 2144 1332 2225 ἐνδέχεται
1348 2143 1460 2208 έπιιιοι-
1523 2147 1524 2202 1

299 2253 402 2310 νωνεῖν
415 2252 502 2312 τοῦτο
520 2243 615 2335 τοότρι
631 2243 708 2332 πρός
721 2241 755 2311 τό
775 2243 908 2328 άξίοιμα,
937 2243 1012 2330 ὅπερ
1026 2246 1085 2311 ἐστὶ
1104 2243 1138 2310 τό
1154 2243 1225 2311 δλον
1244 2241 1460 2328 προςνιανητόν.

299 2349 343 2412 Et
354 2345 410 2434 γάρ
427 2346 505 2425 ὅλας
517 2346 722 2434 προςιιυνητόν
734 2346 768 2412 τό
781 2344 926 2428 άνόμοιον
939 2354 980 2437 τῷ
995 2343 1127 2437 άνομοίρι
1140 2345 1340 2430 έξισοάμενον,
1363 2344 1463 2413 οόιιέτι

299 2454 405 2516 διοίσει
418 2448 505 2536 λόγος
523 2448 575 2516 τόν
598 2451 650 2517 ἕνα
672 2447 732 2516 άπό
751 2456 811 2516 τῶν
833 2447 926 2530 δ’λοιν,
956 2456 1009 2533 τῆς
1031 2447 1175 2533 άνομοίας
1192 2449 1230 2516 οὗ
1247 2451 1462 2533 δυναμένηςέν
1524 2535 1525 2542 ρ

298 2552 378 2630 τάξει
393 2559 447 2618 τοῦ
464 2549 557 2636 αὐτῆς
572 2549 738 2637 άξιάματος
753 2551 921 2629 τάττεσθαι,
943 2551 1001 2618 πάν
1016 2577 1047 2618 τε
1061 2553 1093 2619 έν
1107 2553 1180 2644 δόξη
1195 2549 1413 2639 ὑπερβάλλοιτο
1429 2549 1461 2618 τό

297 2651 358 2720 άπό
375 2652 496 2720 πάντων
506 2658 541 2720 ἓν
556 2652 650 2721 όντων
668 2654 820 2738 άνομοίων
837 2652 938 2741 θπρός
954 2654 1031 2740 [τὴν]
1047 2653 1099 2722 τόν
1115 2657 1182 2734 ένα,
1204 2653 1254 2720 διά
1270 2652 1325 2738 τὴν
1341 2653 1384 2739 μή
1401 2656 1463 2721 έπε-

298 2763 500 2823 ιιοινωνοῦσαν
520 2765 561 2848 τῷ
584 2759 629 2824 ἐνί
650 2757 771 2823 πάντων
796 2755 873 2844 πρός
891 2753 944 2824 τόν
969 2759 1021 2824 ένα
1043 2754 1250 2842 άναμοιότητα.
1296 2759 1360 2824 Καλ
1382 2759 1463 2824 ἔσται

297 2857 403 2927 λοιπόν
416 2861 468 2926 ιιαλ
484 2859 583 2943 ἥλιος,
607 2864 658 2927 ιισί
676 2859 798 2944 σελήνη,
821 2862 872 2926 ιιαλ
888 2857 998 2945 άστρα,
1019 2860 1071 2927 καί
1087 2867 1141 2947 γῆ,
1170 2864 1222 2927 καί
1234 2858 1351 2927 τούτων
1367 2861 1411 2926 ἔτι
1428 2857 1463 2925 τά

298 2958 510 3047 όποβεβηιότα
525 2962 726 3048 προςπννητά,
747 2964 798 3028 ιιαλ
813 2960 913 3028 οόιιέσι
928 2961 946 3029 ό
964 2960 1006 3040 εές
1020 2960 1077 3028 σόν
1090 2970 1132 3053 τῷ
1147 2964 1192 3030 ένλ
1209 2961 1365 3046 πνεάματι,
1388 2961 1463 3048 ὅπερ

299 3066 360 3132 ἐστλ
375 3069 427 3148 μία
442 3063 542 3151 τριάς,
564 3067 615 3130 ιιαλ
632 3069 685 3148 μία
700 3065 825 3149 θεότης,
848 3067 900 3132 ιιαλ
919 3070 970 3149 μία
986 3064 1195 3152 προςιιόνησις.
1241 3063 1345 3151 ’Ἆρα
1360 3057 1420 3132 οὖν
1440 3066 1467 3130 εί

298 3175 386 3236 τοῦτο
403 3166 453 3234 διά
468 3175 555 3236 τοῦτο
571 3171 790 3254 συλλογιστέον,
813 3170 893 3234 ἐσται
908 3169 960 3251 μέν
977 3166 1051 3234 αόιδ
1068 3171 1100 3234 ἐν
1120 3166 1262 3257 άληθείμ,
1285 3167 1389 3250 ἐπειδιξ
1411 3165 1467 3252 αιἰγ

204 3328 210 3341 .
260 3328 267 3342 .
299 3270 405 3355 δμοιος
420 3269 439 3336 ό
454 3268 497 3349 εές
511 3270 599 3357 λόγος
612 3279 675 3347 τοῖς
689 3279 763 3336 πᾶσι
777 3267 879 3356 λόγος,
909 3267 980 3337 οόδέ
998 3267 1040 3336 ’ό
1058 3266 1101 3348 είς
1121 3267 1188 3347 υέός
1209 3279 1272 3346 τοῖς
1293 3277 1370 3336 πᾶσι
1387 3269 1467 3336 κατά

299 3371 457 3460 άναγωγήν
474 3374 717 3457 νιιιιλησιιομένοις
736 3377 816 3452 ἐσοςς
864 3369 909 3438 Οό
930 3370 986 3459 γάρ
1008 3375 1068 3440 έσιι
1091 3373 1146 3439 σάν
1168 3382 1232 3449 τοῖς
1254 3380 1363 3451 στάσιν,
1390 3368 1467 3436 άλλά

299 3473 338 3542 δι’
354 3468 392 3542 οὗ
407 3479 439 3542 σί
451 3475 567 3554 πάντες.
617 3474 657 3543 Τό
675 3484 749 3562 γοῦν
767 3473 925 3552 άδννάτσις
945 3472 1015 3562 παρ’
1032 3475 1116 3565 αὐτῷ
1131 3482 1171 3564 τῷ
1186 3475 1290 3564 Ἀετέρι
1307 3474 1422 3558 ταχθέν
1437 3477 1467 3552 ἐξ

298 3575 448 3664 ὑπαρχῆς,
471 3581 521 3646 ιιαλ
537 3583 580 3657 είς
595 3579 684 3664 ὕβριν
701 3581 804 3662 ἐπέχον
821 3578 918 3643 τόπον
936 3582 1127 3663 βλασφημίας
1145 3575 1195 3644 διά
1212 3574 1245 3643 τό
1261 3579 1353 3661 μέρος
1370 3575 1388 3643 δ
1405 3579 1467 3658 ἔφη

177 3685 181 3693 ’
300 3685 332 3750 έν
353 3686 417 3771 θεῷ
443 3681 478 3748 όν
503 3682 587 3767 (ὅπερ
610 3680 646 3748 οά
677 3686 828 3764 διαφορᾶς
856 3681 946 3764 μέρος
973 3677 1114 3764 άπάρχει,
1144 3677 1203 3746 άλλ’
1229 3678 1383 3762 ἰσότητος,
1416 3681 1468 3745 παλ

103 3781 107 3790 ’
299 3784 367 3852 οὔτε
381 3787 568 3871 μεριζομένης
586 3793 639 3868 τῆς
653 3784 813 3866 θεότητος,
837 3781 894 3847 ἀλλ’
914 3782 961 3847 αἰελ
974 3781 1066 3866 οὔσης
1082 3782 1279 3866 τελειοτάτης,
1306 3787 1376 3864 τρία
1391 3779 1467 3846 ὄντα

298 3890 406 3968 τέλεια,
437 3893 491 3970 μία
513 3889 650 3972 θεότης),
680 3893 789 3970 μᾶλλον
811 3886 844 3951 δέ
859 3888 903 3961 είς
917 3883 1059 3952 σύστασιν
1074 3894 1128 3970 τῆς
1145 3889 1177 3952 έν
1194 3883 1322 3972 άληθλίρι
1337 3888 1469 3960 πέσεεαις

298 3989 332 4058 τό
351 3989 497 4074 α’νόμοιον
519 3988 591 4076 ἡμῖν
609 3993 844 4072 έπησφαλίσατο,
874 3989 916 4064 είς
930 3987 965 4055 τό
982 3986 1023 4072 μή
1040 3993 1184 4072 νομίζειν,
1213 3986 1284 4071 μήτε
1302 3991 1468 4054 πείθεσθαι

332 4131 357 4181 ’2.
376 4135 417 4183 δῖε
431 4135 531 4183 ινιτιαλ
548 4133 614 4182 λλον-λ
630 4131 715 4182 haben!
730 4123 863 4196 ἀνομοίως
932 4123 956 4178 4.
975 4130 1067 4192 Romo
1081 4126 1110 4183 τό
1147 4125 1179 4194 δρ
1194 4122 1258 4180 εἶναι
1274 4121 1338 4180 αότό
1352 4126 1384 4182 τέ
1399 4125 1467 4186 ἐστι.

332 4197 410 4252 λλτοῦ
426 4200 481 4283 ρλεῦ
495 4196 727 4282 πρδςπατέραπιεα
741 4203 775 4248 εει
787 4211 864 4248 επιπ-
899 4203 942 4248 aut
958 4193 1035 4251 ταότδ
1054 4194 1104 4264 γὰρ
1122 4145 1186 4249 ιέναέ
1204 4193 1266 4248 ἐστι.
1366 4267 1372 4280 ·

299 4263 865 4412 λίηνιιιι.ῑι.ιιλιιιλτ.ιι
932 4267 956 4383 ι
972 4263 1400 4400 ιλλλιιιέιεβλέλ
1413 4329 1467 4394 ...

300 4417 357 4452 nem
372 4402 413 4451 ΙιΙὶἰ
428 4403 459 4452 nd
478 4417 590 4470 patrem,
613 4404 676 4466 ραοδ
697 4419 750 4453 cum
770 4417 797 4452 εν
810 4417 865 4456 eon·
899 4405 942 4451 σειλ
957 4398 1021 4465 πμδς
1035 4401 1120 4454 τοῦτον
1138 4397 1191 4454 τδν.

298 4473 486 4534 ρεαετεαλδελιιε
499 4474 562 4534 ρασδ
579 4485 653 4534 supra
669 4475 772 4528 reposui.
808 4471 865 4522 cod.
934 4467 950 4519 7
983 4457 1023 4532 αἷμ’
1041 4458 1084 4522 σάν
1107 4471 1158 4520 σοδ.
1185 4471 1231 4520 λιιι
1273 4460 1325 4533 ἄρα
1345 4457 1392 4522 σάν
1413 4471 1467 4521 ααιλ

300 4541 338 4592 λιιι
367 4539 435 4589 habet
457 4539 501 4592 τοῦ
523 4537 586 4604 πρδς
602 4539 669 4604 πβό,
695 4541 746 4590 σεδ.
767 4540 863 4600 λλλεδίμ.
897 4537 995 4600 Medio.
1013 4542 1035 4586 ελ
1049 4540 1114 4589 edin.

298 4605 344 4659 τοῦ
361 4602 408 4672 πρό
426 4607 538 4670 πατέρα,
556 4609 597 4657 sed
613 4622 629 4656 α
643 4621 675 4656 ιιι.
691 4621 709 4658 ι.
746 4609 864 4660 Εδιίλιτ-
931 4607 954 4654 λλ
974 4599 988 4657 ό
1011 4599 1048 4665 εἷς
1073 4608 1142 4660 codd.
1160 4621 1215 4660 ιιιιι.
1241 4610 1343 4672 ιιίιεηιιι.
1390 4599 1427 4668 εἷς
1453 4600 1468 4659 δ

299 4675 376 4731 mem
392 4673 437 4730 τοῦ
455 4671 550 4746 πατρὸς
566 4673 669 4744 πατέρα
900 4673 956 4726 ιδλιλ
972 4675 1032 4726 lim
