3072 5002
307 219 368 285 128
733 225 1043 288 οιειστιτοινειιιυι

303 347 323 415 ό
337 348 441 435 λόγος,
465 346 506 426 ός
524 351 616 434 μηδὲν
630 347 706 418 τίνοι
720 351 808 416 πλίον
823 359 865 442 τῷ
878 349 1043 444 ου’χομίνμ,
1073 352 1132 438 Ma}
1145 354 1281 444 περιίλης
1294 352 1385 440 λόγον
1400 352 1467 437 ιἰλη·

304 457 393 530 θείας
414 456 448 520 ἐκ
468 459 524 520 τοῦ
544 449 692 536 στόματός
712 479 781 536 μου.

179 571 247 643 Κεφ.
261 567 292 628 λ’.
395 556 474 622 Πότε
496 555 530 622 δὲ
549 563 638 623 τοῦτο
660 561 784 643 γίνεταις
815 555 886 624 όταν
905 557 947 642 μή
968 557 1086 650 φυλόξη
1107 557 1160 625 τόν
1180 557 1275 642 νόμον
1297 557 1468 636 διαπαντός,

304 657 378 725 όταν
399 657 440 742 μὴ
457 667 597 748 πορευθῇ
620 685 664 736 τις
684 663 716 726 ἐν
735 667 904 750 πλατυσμρῦ.
950 668 1165 747 Πλατυνθῆναι
1188 665 1236 728 θεῖ
1252 660 1308 745 τόν
1332 665 1469 747 καρδίαν,

310 753 353 853 ῑῇ
368 763 466 845 μίλλοι
482 789 526 838 τις
545 761 676 848 Χριστόν
695 765 951 849 ἐμπεριπατοῦντοι
967 773 1088 852 χωρεῖν,
1118 757 1157 831 οό
1173 763 1227 849 τήν
1244 764 1335 843 δόξαν
1348 763 1408 832 οῦκ
1423 763 1470 829 όν-

303 875 443 953 θροποι,
468 863 527 930 ἀλλ’
541 864 682 951 οόρανολ,
707 866 857 951 ὀὐρανοί
869 865 927 954 γόρ
943 870 1115 954 διηγοῦνται
1131 867 1222 946 δόξαν
1238 875 1331 948 θεοῦ,
1362 875 1470 952 μᾶλλον

305 965 370 1035 όίό
386 965 478 1045 αότός
490 966 603 1054 πατὴρ,
625 970 730 1056 λόγων,
764 961 862 1045 Οὗτός
879 972 957 1036 ἔστιν
974 967 993 1036 a‘
1007 969 1074 1048 υίός
1090 997 1148 1053 μου
1167 968 1185 1036 ό
1200 966 1372 1056 α’γαπητός,
1397 973 1430 1036 ἐν
1448 959 1470 1058 β

304 1070 469 1156 ηόόόκησα.
504 1069 563 1138 Ὃν
583 1069 639 1138 οῦκ
661 1069 740 1138 ἔστιν
762 1068 941 1157 ὁμολογῆσαι
959 1076 988 1137 ελ
1003 1100 1047 1150 τις
1069 1076 1111 1150 είς
1124 1072 1208 1157 ι’ίψος
1227 1073 1349 1140 αἰόικίαν
1368 1077 1470 1154 λαλοίη

305 1172 383 1260 πρός
396 1170 451 1240 τόν
464 1178 588 1258 πλησίον
606 1171 699 1241 αότοῦ
707 1226 716 1255 ,
747 1177 776 1239 εί
788 1199 833 1251 τις
846 1176 889 1252 είς
904 1171 958 1257 τήν
969 1175 1175 1262 Ἀντιγρίσταν
1191 1176 1275 1255 τόξιν
1289 1177 1341 1242 καλ
1357 1177 1470 1242 ίποονν·

306 1281 378 1362 μίαν
395 1274 512 1344 ἀὐτόν
529 1278 711 1356 4καλίσειεν,
734 1273 868 1354 σἰποστός
882 1283 935 1360 τῆς
949 1276 1059 1356 τόξευς
1072 1281 1122 1347 καί
1139 1283 1310 1363 ἐπωνυμίας
1321 1286 1382 1345 τῶν
1400 1285 1471 1362 Χρι-

305 1387 447 1460 στιανοῦν,
469 1382 537 1464 περί
559 1372 602 1446 οίν
623 1383 751 1466 εἴρηται,
774 1377 832 1463 Μὴ
852 1378 977 1462 όίψησθε
991 1389 1049 1448 τῶν
1067 1389 1204 1468 Χριστόν
1221 1409 1290 1466 μου.
1339 1387 1393 1459 Τίς
1405 1379 1471 1468 γόρ,

306 1485 396 1567 φησί,
419 1479 658 1566 όψενόόμενος,
680 1486 708 1547 εί
727 1480 769 1566 μὴ
791 1481 991 1568 ἀρνούμενος,
1021 1483 1068 1550 ότι
1088 1481 1202 1568 Ἰησοῦς
1223 1483 1242 1552 ό
1265 1483 1399 1570 Χριστός
1417 1484 1471 1550 οῦκ

307 1591 399 1666 ίστινς
422 1579 526 1665 οὗτος,
548 1589 631 1670 φησί,
654 1582 887 1671 όἈντίχριστος.
931 1583 964 1652 Ὁ
979 1583 1035 1674 γόρ
1050 1585 1233 1673 όρνοόμενος
1247 1585 1301 1654 τόν
1314 1586 1386 1652 νίόν
1403 1585 1473 1653 οόόὲ

306 1687 494 1776 τόνποτὲρα
515 1691 584 1772 ἔχει·
617 1685 683 1754 όόί
705 1685 858 1774 όμολογῦν
879 1685 931 1756 τόν
952 1688 1020 1757 υίόν
1040 1691 1091 1755 καί
1113 1689 1165 1756 τόν
1189 1691 1301 1776 πατέρα
1327 1686 1472 1776 όμολογεί

297 1789 396 1880 ’Ὅπερ
418 1785 487 1874 οὖν,
509 1793 597 1875 φησί,
629 1793 659 1870 ἐξ
680 1791 773 1878 ἇρχῆς
794 1790 954 1874 ι’μιοτίσατε,
984 1799 1073 1858 τοῦτο
1096 1795 1206 1876 μενέτω
1228 1795 1261 1860 ίν
1283 1789 1366 1875 όμῖν.
1414 1793 1473 1856 Καὶ

307 1893 374 1978 ίόν,
407 1897 498 1978 φησὶ,
529 1895 603 1984 μίνη
624 1896 657 1960 ίν
677 1891 749 1978 όμῖν
766 1892 839 1976 ὅπερ
862 1897 895 1972 ἐξ
909 1894 1003 1980 ἀρχῆς
1020 1893 1180 1979 ἠκούσατε,
1211 1897 1263 1962 καί
1280 1891 1366 1979 όμεῖς
1383 1898 1417 1962 ίν
1434 1901 1474 1984 τῷ

307 2001 364 2088 atat
386 2007 497 2081 μενεῖτε
518 2000 570 2064 κοιλ
593 2003 636 2085 τῷ
658 2001 756 2083 πατρί.
810 2003 972 2080 Μενοῦμεν
992 1998 1039 2081 όί,
1071 1995 1144 2064 όταν
1166 1997 1295 2064 ίνοόπιον
1320 2005 1402 2064 θεοῦ
1425 1999 1472 2063 καί

308 2104 450 2170 ἐκλεκτῶν
466 2098 597 2187 οίγγίλαν
611 2096 846 2186 ὁμολογήσομεν,
869 2095 941 2166 οίλλό
959 2104 1011 2166 καί
1033 2099 1161 2168 ἐνοίκιον
1176 2102 1319 2188 βασιλίσιν
1325 2153 1334 2184 ,
1356 2103 1412 2167 καί
1433 2099 1472 2184 μη

307 2203 526 2290 αίσγυνοίμεθα.
567 2200 708 2269 Ἐλοίλονν
723 2203 795 2290 γόρ,
826 2205 915 2286 φησί,
946 2205 978 2270 ίν
992 2213 1056 2281 τοῖς
1077 2210 1250 2291 μαρτυρίοις
1266 2226 1321 2270 σου
1338 2206 1473 2270 ἐναντίον
1529 2265 1530 2270 ,

308 2311 467 2393 βασιλέοιν,
499 2308 551 2372 καί
573 2305 630 2372 οόκ
651 2305 830 2397 ᾐσχυνόμην.
864 2305 934 2373 ’Ότι
954 2307 1021 2383 νίός
1041 2314 1095 2374 τοῦ
1116 2315 1208 2390 θεοῦ,
1237 2305 1311 2383 θεός
1326 2309 1366 2373 ’ἐκ
1389 2313 1473 2389 θεοῦ,

308 2406 351 2487 είς
366 2413 396 2488 ἐξ
410 2407 490 2489 ἑνός,
514 2412 544 2487 ἐξ
558 2408 721 2495 αἰγεννήτον
737 2405 915 2495 μονογενὴς,
947 2410 1096 2496 ίξαίρετον
1116 2411 1245 2496 γέννημα
1264 2416 1318 2476 τοῦ
1339 2435 1471 2496 γεγεννη-

307 2512 413 2595 κότος,
435 2514 486 2577 καλ
501 2509 583 2589 όξιος
597 2507 616 2577 ό
629 2511 697 2589 υίός
712 2519 766 2578 τοῦ
779 2508 927 2596 όνόργου,
948 2519 1003 2579 τοῦ
1016 2511 1178 2599 οίόιηγήτου
1190 2511 1334 2599 ἕρμηνεός
1349 2509 1473 2600 α’όιήγη-

307 2640 373 2696 τος,
404 2613 505 2701 λόγος,
536 2616 587 2680 καλ
608 2619 718 2696 σοφία,
748 2617 798 2681 καί
820 2614 947 2699 όόναμις
968 2622 1021 2682 τοῦ
1042 2613 1118 2701 όπίρ
1140 2619 1249 2696 σοφίαν
1269 2615 1321 2682 καί
1336 2615 1475 2700 δύναμιν,

309 2715 414 2804 όπὲρό
431 2718 622 2803 φθέγξασθαι
638 2717 762 2784 όιίναται
776 2725 902 2805 γλῶττα,
925 2714 1000 2804 όπλρ
1018 2717 1036 2784 ό
1052 2725 1168 2802 κινῆσαι
1186 2717 1321 2785 όιοίνοια·
1344 2719 1476 2804 γέννημα

308 2820 418 2886 τίλειόν
436 2821 532 2886 τεκαὶ
555 2822 646 2905 μόνον
665 2823 698 2886 ἐκ
714 2825 824 2888 τελείου
840 2823 890 2888 κοιλ
909 2821 1049 2903 μένοντος
1064 2824 1097 2888 ίν
1109 2819 1265 2906 ταυτότητι
1271 2872 1280 2904 ,
1302 2819 1361 2888 οῦκ
1382 2819 1475 2905 ἄπορ-

309 2925 421 3009 βτῦσαν
442 2925 475 2990 ἐκ
492 2922 618 3009 πατρός,
650 2921 719 2990 οότε
740 2923 917 3008 όποτμηθίν
939 2949 968 2990 τε
989 2927 1040 2990 καί
1061 2923 1228 3011 διαιρεθὲν,
1262 2921 1322 2989 ἄλλ’
1344 2925 1477 3000 ιἰπαθοῑς

310 3027 363 3092 καί
378 3023 547 3113 όλοκλήροος
561 3025 720 3114 προελθόν
735 3029 768 3093 ἐκ
787 3035 840 3093 τοῦ
862 3027 953 3112 μηδὲν
975 3025 1217 3110 ἀποβεβληκότος
1238 3018 1281 3092 τόν
1303 3021 1368 3111 είχε.
1417 3029 1475 3092 Καὶ

310 3125 357 3196 ότι
378 3129 465 3215 λόγος
486 3132 546 3196 ίστί
564 3155 595 3196 τε
613 3132 665 3195 καί
686 3131 799 3215 λέγεται
820 3127 901 3210 υίός,
923 3126 960 3194 οό
981 3129 1042 3212 μὴν
1063 3127 1151 3214 φανὴ
1172 3136 1227 3196 τοῦ
1247 3128 1374 3216 πατρός,
1406 3128 1476 3196 οόόί

309 3234 392 3318 βῆμα
413 3241 532 3299 νοεῖται.
575 3229 737 3317 ‘antonna
758 3231 815 3320 γόρ
835 3229 907 3298 καθ’
929 3229 1048 3312 ἑαυτόν,
1069 3233 1120 3298 καλ
1143 3234 1268 3318 ίνεργεῖ,
1297 3233 1348 3298 καί
1368 3229 1409 3299 δι’
1425 3232 1476 3300 αό-

310 3341 365 3401 τοῦ
387 3334 424 3401 τό
445 3335 557 3414 πόντα,
589 3337 641 3400 καλ
671 3337 703 3402 ίν
724 3333 806 3426 αότρῑ
827 3333 864 3403 τό
885 3333 999 3403 πάντα·
1033 3333 1131 3418 όίςπερ
1158 3337 1211 3403 καί
1232 3339 1324 3417 σοφία
1345 3331 1365 3401 ό
1385 3334 1477 3412 αότός

183 3475 236 3524 μη,
248 3463 295 3510 εει.
317 3435 359 3504 όν
376 3435 431 3502 οόκ
452 3436 613 3521 ίνθόμημο
634 3444 689 3502 τοῦ
710 3438 823 3523 πατρός
843 3447 967 3519 νοεῖται,
1000 3435 1069 3503 οὔτε
1088 3441 1203 3521 κίνησις
1222 3445 1277 3505 τοῦ
1300 3435 1477 3524 ἡγεμονικοῦ

314 3540 392 3605 ικαί
413 3541 558 3625 ίνὲργεια,
586 3538 658 3604 όλλό
679 3541 809 3626 γίννημοι
830 3538 938 3621 όμοιόν
958 3564 988 3606 τε
1010 3546 1064 3606 τοῦ
1085 3540 1213 3628 πατρός,
1241 3543 1293 3606 καί
1313 3540 1367 3606 τόν
1387 3567 1477 3627 γαρα·

310 3647 403 3727 κτηρα
424 3647 478 3708 τοῦ
500 3640 612 3728 πατρός
633 3642 793 3728 αἰκριβοῦν·
815 3649 923 3709 τοῦτον
940 3641 997 3730 γόρ
1014 3640 1033 3710 ό
1051 3640 1150 3728 πατὴρ
1168 3643 1343 3730 ἐσφράγισεν
1358 3640 1378 3710 ό
1392 3642 1476 3720 θεός.

314 3747 375 3811 ant
397 3742 451 3829 οόγ
473 3745 561 3834 ἕτίρφ
583 3743 636 3827 μὲν
658 3745 829 3830 ἐνυπάρχει,
862 3743 916 3830 οόχ
944 3742 1092 3829 όφίστηκι
1118 3743 1243 3812 δὲκαθ’
1263 3744 1369 3828 tamt,
1403 3743 1476 3813 ἄλλό

311 3851 442 3936 γίννημα
458 3847 658 3932 ἐνεργητικόν,
690 3851 740 3914 καλ
756 3846 922 3930 πεποιηκός
942 3847 1011 3914 τόόε
1032 3845 1066 3914 τό
1083 3854 1159 3930 πᾶν,
1180 3851 1233 3914 καί
1253 3846 1407 3930 φνλαίττον
1422 3847 1476 3916 αἐί

316 3958 416 4018 Ταῦτα
433 3948 522 4017 ίκανό
544 3951 595 4016 καί
617 3957 671 4033 τῆς
691 3947 834 4034 Ἑλλήνων
856 3945 968 4033 πλάνης
987 3948 1069 4034 ἡμᾶς
1089 3954 1140 4018 καί
1159 3957 1214 4036 τῆς
1224 3950 1397 4036 Ἰουδαϊκῆς
1411 3955 1476 4020 ίθε

313 4059 509 4142 λοθρησκείοις
530 4055 743 4138 ἐλευθερῶσαι,
765 4055 815 4119 καί
836 4059 891 4136 τῆς
912 4057 1061 4142 αίρετικῆς
1081 4057 1264 4133 κακοδοξίας.

350 4191 409 4242 cna,
426 4191 514 4244 XXX.
533 4221 565 4232 -
602 4195 622 4246 λ.
647 4181 668 4262 ἦ
681 4195 766 4256 εοτίριι·
785 4207 830 4256 pra
845 4181 879 4255 οἷς
910 4195 971 4245 atat.
1005 4195 1196 4256 Nttttanttero,
1212 4209 1266 4245 οαυι
1275 4195 1412 4258 antam
1424 4209 1476 4248 υττ-

313 4259 376 4324 ρυοιλ
398 4263 452 4312 tant
473 4261 543 4326 υνλρο
565 4263 684 4325 praebent.
718 4265 795 4325 Νιριιι
811 4263 880 4311 atttn·
912 4264 948 4313 οιε
962 4265 1068 4325 ηιολιιτίι·
1086 4266 1121 4313 tta
1141 4277 1211 4314 ιιιυιιι
1234 4277 1283 4314 ma
1307 4271 1427 4327 appareat
1451 4269 1475 4314 at

313 4331 458 4392 cannatina,
483 4334 518 4380 an·
533 4331 640 4392 νίσείντ,
667 4332 798 4393 κιονίσκοι
813 4332 881 4382 vertit
911 4333 1015 4392 quadan
1036 4333 1106 4382 anada
1129 4335 1180 4382 ουλε
1203 4333 1348 4396 adunant,
1372 4335 1475 4398 οιλοορντ

315 4393 340 4446 ia
357 4412 406 4462 qao
422 4395 476 4462 qaia
491 4397 614 4448 Christum
627 4395 822 4449 inambulantem
838 4414 879 4448 aa·
911 4413 985 4449 anam
1001 4401 1139 4450 tantanttaan
1155 4400 1262 4462 emerat.

315 4479 376 4532 pera
393 4462 453 4512 vult.
489 4463 512 4517 εἰ
529 4469 627 4516 τοττιαίλ
642 4469 762 4518 Ριίονίιιι.
944 4466 969 4520 3.
988 4461 1064 4522 τιν’τόν
1081 4482 1126 4518 νινε
1144 4469 1196 4518 aad.
1213 4469 1309 4530 θλιιλλρ.

349 4530 373 4584 2.
401 4531 499 4596 „Deest
522 4531 643 4585 τοιοῦτο*
663 4537 785 4586 annataatt
806 4537 878 4588 Pata·
944 4531 969 4590 λ.
992 4533 1122 4590 καλέοντι
1145 4537 1214 4588 aad&
1231 4535 1329 4600 λιτοῖς.
1346 4541 1368 4589 tt
1384 4539 1475 4591 Pata
