<?xml version="1.0" encoding="UTF-8"?>
<!DOCTYPE html PUBLIC "-//W3C//DTD XHTML 1.0 Transitional//EN"
    "http://www.w3.org/TR/xhtml1/DTD/xhtml1-transitional.dtd">
<html xmlns="http://www.w3.org/1999/xhtml" xml:lang="en" lang="en">
 <head>
  <title>
</title>
<meta http-equiv="Content-Type" content="text/html;charset=utf-8" />
  <meta name='ocr-system' content='tesseract 3.04.00' />
  <meta name='ocr-capabilities' content='ocr_page ocr_carea ocr_par ocr_line ocrx_word'/>
</head>
<body>
  <div class='ocr_page' id='page_1' title='image "./corporishaerese00oehlgoog_0060.png"; bbox 0 0 3082 5006; ppageno 0'>
   <div class='ocr_carea' id='block_1_1' title="bbox 286 249 1189 320">
    <p class='ocr_par' dir='ltr' id='par_1_1' title="bbox 286 249 1189 320">
     <span class='ocr_line' id='line_1_1' title="bbox 286 249 1189 320; baseline 0 -2"><span class='ocrx_word' id='word_1_1' title='bbox 286 265 423 318; x_wconf 67' lang='lat' dir='ltr'>rinnau</span> <span class='ocrx_word' id='word_1_2' title='bbox 440 263 502 317; x_wconf 82' lang='lat' dir='ltr'>nna.</span> <span class='ocrx_word' id='word_1_3' title='bbox 513 265 558 317; x_wconf 82' lang='grc' dir='ltr'>ιιι.</span> <span class='ocrx_word' id='word_1_4' title='bbox 576 263 658 320; x_wconf 85' lang='lat' dir='ltr'>ron.</span> <span class='ocrx_word' id='word_1_5' title='bbox 668 268 687 318; x_wconf 88' lang='lat'>1.</span> <span class='ocrx_word' id='word_1_6' title='bbox 704 263 803 318; x_wconf 81' lang='lat' dir='ltr'>unua.</span> <span class='ocrx_word' id='word_1_7' title='bbox 813 266 926 318; x_wconf 80' lang='lat' dir='ltr'>uxxn.</span> <span class='ocrx_word' id='word_1_8' title='bbox 1148 249 1189 318; x_wconf 81' lang='grc'>49</span> 
     </span>
    </p>
   </div>
   <div class='ocr_carea' id='block_1_2' title="bbox 23 384 1189 680">
    <p class='ocr_par' dir='ltr' id='par_1_2' title="bbox 23 384 1189 680">
     <span class='ocr_line' id='line_1_2' title="bbox 25 384 1187 471; baseline 0.002 -23"><span class='ocrx_word' id='word_1_9' title='bbox 25 384 89 449; x_wconf 83' lang='lat' dir='ltr'>sire</span> <span class='ocrx_word' id='word_1_10' title='bbox 104 384 243 450; x_wconf 78' lang='lat' dir='ltr'><strong>lumbrici</strong></span> <span class='ocrx_word' id='word_1_11' title='bbox 258 385 371 465; x_wconf 87' lang='lat' dir='ltr'>instar,</span> <span class='ocrx_word' id='word_1_12' title='bbox 395 397 444 451; x_wconf 90' lang='lat' dir='ltr'>out</span> <span class='ocrx_word' id='word_1_13' title='bbox 462 395 559 450; x_wconf 88' lang='lat' dir='ltr'>terrae</span> <span class='ocrx_word' id='word_1_14' title='bbox 577 386 741 467; x_wconf 78' lang='lat' dir='ltr'>interanei,</span> <span class='ocrx_word' id='word_1_15' title='bbox 766 387 886 451; x_wconf 87' lang='lat' dir='ltr'>missum</span> <span class='ocrx_word' id='word_1_16' title='bbox 905 396 1053 471; x_wconf 88' lang='lat' dir='ltr'>postremo</span> <span class='ocrx_word' id='word_1_17' title='bbox 1072 386 1187 450; x_wconf 80' lang='lat' dir='ltr'>daciam.</span> 
     </span>
     <span class='ocr_line' id='line_1_3' title="bbox 25 485 1189 576; baseline 0.003 -25"><span class='ocrx_word' id='word_1_18' title='bbox 25 485 85 552; x_wconf 92' lang='lat' dir='ltr'>lam</span> <span class='ocrx_word' id='word_1_19' title='bbox 103 489 183 552; x_wconf 88' lang='lat' dir='ltr'>euim</span> <span class='ocrx_word' id='word_1_20' title='bbox 202 487 287 553; x_wconf 89' lang='lat' dir='ltr'>brevi</span> <span class='ocrx_word' id='word_1_21' title='bbox 303 488 455 554; x_wconf 78' lang='lat' dir='ltr'><strong>admodum</strong></span> <span class='ocrx_word' id='word_1_22' title='bbox 473 501 605 575; x_wconf 89' lang='lat' dir='ltr'>tempore</span> <span class='ocrx_word' id='word_1_23' title='bbox 622 490 700 555; x_wconf 90' lang='lat' dir='ltr'>illius</span> <span class='ocrx_word' id='word_1_24' title='bbox 716 500 762 554; x_wconf 88' lang='lat' dir='ltr'>est</span> <span class='ocrx_word' id='word_1_25' title='bbox 777 488 910 554; x_wconf 84' lang='lat' dir='ltr'>haeresis</span> <span class='ocrx_word' id='word_1_26' title='bbox 925 489 1076 576; x_wconf 89' lang='lat' dir='ltr'>dissipata.</span> <span class='ocrx_word' id='word_1_27' title='bbox 1099 486 1189 554; x_wconf 86' lang='lat' dir='ltr'>Nunc</span> 
     </span>
     <span class='ocr_line' id='line_1_4' title="bbox 23 591 1186 680; baseline 0.001 -25"><span class='ocrx_word' id='word_1_28' title='bbox 23 591 196 677; x_wconf 83' lang='lat' dir='ltr'>implorata,</span> <span class='ocrx_word' id='word_1_29' title='bbox 222 602 255 656; x_wconf 93' lang='lat' dir='ltr'>ut</span> <span class='ocrx_word' id='word_1_30' title='bbox 272 592 419 673; x_wconf 88' lang='lat' dir='ltr'>solemus,</span> <span class='ocrx_word' id='word_1_31' title='bbox 443 613 499 678; x_wconf 94' lang='lat' dir='ltr'>ope</span> <span class='ocrx_word' id='word_1_32' title='bbox 515 593 562 656; x_wconf 92' lang='lat' dir='ltr'>dei</span> <span class='ocrx_word' id='word_1_33' title='bbox 584 593 620 658; x_wconf 87' lang='lat' dir='ltr'>ad</span> <span class='ocrx_word' id='word_1_34' title='bbox 640 592 768 679; x_wconf 87' lang='lat' dir='ltr'>reliquos</span> <span class='ocrx_word' id='word_1_35' title='bbox 791 593 931 658; x_wconf 78' lang='lat' dir='ltr'>haereses</span> <span class='ocrx_word' id='word_1_36' title='bbox 953 592 1186 680; x_wconf 81' lang='lat' dir='ltr'>progrediemur.</span> 
     </span>
    </p>
   </div>
   <div class='ocr_carea' id='block_1_3' title="bbox 221 866 999 1085">
    <p class='ocr_par' dir='ltr' id='par_1_3' title="bbox 221 866 999 1085">
     <span class='ocr_line' id='line_1_5' title="bbox 247 866 974 962; baseline 0 -18"><span class='ocrx_word' id='word_1_37' title='bbox 247 866 473 945; x_wconf 74' lang='lat' dir='ltr'>nondun</span> <span class='ocrx_word' id='word_1_38' title='bbox 506 866 974 962; x_wconf 70' lang='lat' dir='ltr'>nonantulanos</span> 
     </span>
     <span class='ocr_line' id='line_1_6' title="bbox 221 987 999 1085; baseline -0.001 -21"><span class='ocrx_word' id='word_1_39' title='bbox 221 1013 304 1085; x_wconf 84' lang='lat' dir='ltr'>quac</span> <span class='ocrx_word' id='word_1_40' title='bbox 338 995 390 1064; x_wconf 88' lang='lat' dir='ltr'>est</span> <span class='ocrx_word' id='word_1_41' title='bbox 416 988 575 1065; x_wconf 85' lang='lat' dir='ltr'>&#39;haeresis</span> <span class='ocrx_word' id='word_1_42' title='bbox 607 987 708 1084; x_wconf 88' lang='lat' dir='ltr'>L11.,</span> <span class='ocrx_word' id='word_1_43' title='bbox 743 990 815 1066; x_wconf 86' lang='lat' dir='ltr'>sive</span> <span class='ocrx_word' id='word_1_44' title='bbox 850 989 999 1066; x_wconf 85' lang='lat' dir='ltr'>LXXII.</span> 
     </span>
    </p>
   </div>
   <div class='ocr_carea' id='block_1_4' title="bbox 25 1137 1306 4205">
    <p class='ocr_par' dir='ltr' id='par_1_4' title="bbox 25 1137 1306 4205">
     <span class='ocr_line' id='line_1_7' title="bbox 111 1137 1306 1228; baseline 0.006 -24"><span class='ocrx_word' id='word_1_45' title='bbox 111 1137 174 1205; x_wconf 87' lang='lat' dir='ltr'>Per</span> <span class='ocrx_word' id='word_1_46' title='bbox 189 1141 267 1205; x_wconf 90' lang='lat' dir='ltr'>idem</span> <span class='ocrx_word' id='word_1_47' title='bbox 284 1151 397 1228; x_wconf 88' lang='lat' dir='ltr'>tempos</span> <span class='ocrx_word' id='word_1_48' title='bbox 414 1145 496 1220; x_wconf 83' lang='lat' dir='ltr'>(nram</span> <span class='ocrx_word' id='word_1_49' title='bbox 516 1141 546 1205; x_wconf 94' lang='lat' dir='ltr'>in</span> <span class='ocrx_word' id='word_1_50' title='bbox 562 1142 686 1208; x_wconf 85' lang='lat' dir='ltr'>eandem</span> <span class='ocrx_word' id='word_1_51' title='bbox 708 1152 834 1206; x_wconf 85' lang='lat' dir='ltr'>aetate-m</span> <span class='ocrx_word' id='word_1_52' title='bbox 856 1142 897 1206; x_wconf 92' lang='lat' dir='ltr'>illi</span> <span class='ocrx_word' id='word_1_53' title='bbox 915 1161 1019 1205; x_wconf 89' lang='lat' dir='ltr'>omnes</span> <span class='ocrx_word' id='word_1_54' title='bbox 1041 1141 1188 1220; x_wconf 86' lang='lat' dir='ltr'>incidunt)</span> <span class='ocrx_word' id='word_1_55' title='bbox 1210 1157 1272 1227; x_wconf 76' lang='lat' dir='ltr'>Cap.</span> <span class='ocrx_word' id='word_1_56' title='bbox 1289 1161 1306 1210; x_wconf 85' lang='lat' dir='ltr'>t.</span> 
     </span>
     <span class='ocr_line' id='line_1_8' title="bbox 26 1241 1190 1332; baseline -0.001 -24"><span class='ocrx_word' id='word_1_57' title='bbox 26 1245 171 1330; x_wconf 76' lang='lat' dir='ltr'><strong>Ancyrae</strong></span> <span class='ocrx_word' id='word_1_58' title='bbox 193 1241 356 1308; x_wconf 77' lang='lat' dir='ltr'><strong>Marcellus</strong></span> <span class='ocrx_word' id='word_1_59' title='bbox 379 1243 494 1322; x_wconf 85' lang='lat' dir='ltr'>extitit,</span> <span class='ocrx_word' id='word_1_60' title='bbox 519 1244 567 1330; x_wconf 90' lang='lat' dir='ltr'>qui</span> <span class='ocrx_word' id='word_1_61' title='bbox 591 1245 627 1308; x_wconf 91' lang='lat' dir='ltr'>ad</span> <span class='ocrx_word' id='word_1_62' title='bbox 648 1255 748 1309; x_wconf 88' lang='lat' dir='ltr'>nostro</span> <span class='ocrx_word' id='word_1_63' title='bbox 775 1266 867 1330; x_wconf 86' lang='lat' dir='ltr'>usque</span> <span class='ocrx_word' id='word_1_64' title='bbox 890 1257 1021 1332; x_wconf 89' lang='lat' dir='ltr'>tempora</span> <span class='ocrx_word' id='word_1_65' title='bbox 1044 1245 1190 1331; x_wconf 79' lang='lat' dir='ltr'>pervenit,</span> 
     </span>
     <span class='ocr_line' id='line_1_9' title="bbox 26 1346 1192 1430; baseline 0 -18"><span class='ocrx_word' id='word_1_66' title='bbox 26 1359 55 1412; x_wconf 88' lang='lat' dir='ltr'>et</span> <span class='ocrx_word' id='word_1_67' title='bbox 77 1347 195 1412; x_wconf 91' lang='lat' dir='ltr'>duobus</span> <span class='ocrx_word' id='word_1_68' title='bbox 213 1347 318 1410; x_wconf 80' lang='lat' dir='ltr'>abhinc</span> <span class='ocrx_word' id='word_1_69' title='bbox 341 1346 405 1430; x_wconf 90' lang='lat' dir='ltr'>plns</span> <span class='ocrx_word' id='word_1_70' title='bbox 429 1347 525 1412; x_wconf 89' lang='lat' dir='ltr'>minus</span> <span class='ocrx_word' id='word_1_71' title='bbox 543 1347 628 1411; x_wconf 89' lang='lat' dir='ltr'>anuis</span> <span class='ocrx_word' id='word_1_72' title='bbox 651 1346 735 1411; x_wconf 90' lang='lat' dir='ltr'>obiit.</span> <span class='ocrx_word' id='word_1_73' title='bbox 781 1346 838 1412; x_wconf 91' lang='lat' dir='ltr'>llio</span> <span class='ocrx_word' id='word_1_74' title='bbox 860 1348 992 1413; x_wconf 88' lang='lat' dir='ltr'>nonnihil</span> <span class='ocrx_word' id='word_1_75' title='bbox 1015 1349 1045 1412; x_wconf 91' lang='lat' dir='ltr'>io</span> <span class='ocrx_word' id='word_1_76' title='bbox 1064 1347 1192 1412; x_wconf 87' lang='lat' dir='ltr'>ecclesia</span> 
     </span>
     <span class='ocr_line' id='line_1_10' title="bbox 26 1449 1193 1534; baseline 0 -20"><span class='ocrx_word' id='word_1_77' title='bbox 26 1451 149 1514; x_wconf 84' lang='lat' dir='ltr'>divortii</span> <span class='ocrx_word' id='word_1_78' title='bbox 173 1449 328 1527; x_wconf 86' lang='lat' dir='ltr'>oondauit,</span> <span class='ocrx_word' id='word_1_79' title='bbox 360 1449 464 1513; x_wconf 87' lang='lat' dir='ltr'>eodem</span> <span class='ocrx_word' id='word_1_80' title='bbox 482 1451 545 1513; x_wconf 88' lang='lat' dir='ltr'>lere</span> <span class='ocrx_word' id='word_1_81' title='bbox 568 1459 599 1512; x_wconf 93' lang='lat' dir='ltr'>ut</span> <span class='ocrx_word' id='word_1_82' title='bbox 620 1449 683 1514; x_wconf 83' lang='lat' dir='ltr'>dixi</span> <span class='ocrx_word' id='word_1_83' title='bbox 709 1460 851 1534; x_wconf 89' lang='lat' dir='ltr'>tempore.</span> <span class='ocrx_word' id='word_1_84' title='bbox 899 1450 1010 1516; x_wconf 90' lang='lat' dir='ltr'>Verum</span> <span class='ocrx_word' id='word_1_85' title='bbox 1036 1451 1193 1515; x_wconf 80' lang='lat' dir='ltr'><strong>obscuram</strong></span> 
     </span>
     <span class='ocr_line' id='line_1_11' title="bbox 26 1545 1196 1636; baseline -0.002 -19"><span class='ocrx_word' id='word_1_86' title='bbox 26 1553 185 1617; x_wconf 76' lang='lat' dir='ltr'><strong>admodum</strong></span> <span class='ocrx_word' id='word_1_87' title='bbox 214 1550 359 1636; x_wconf 81' lang='lat' dir='ltr'>dogmatis</span> <span class='ocrx_word' id='word_1_88' title='bbox 387 1552 432 1616; x_wconf 90' lang='lat' dir='ltr'>sui</span> <span class='ocrx_word' id='word_1_89' title='bbox 455 1551 701 1635; x_wconf 82' lang='lat' dir='ltr'>significationem</span> <span class='ocrx_word' id='word_1_90' title='bbox 728 1553 825 1633; x_wconf 90' lang='lat' dir='ltr'>dedit,</span> <span class='ocrx_word' id='word_1_91' title='bbox 862 1545 927 1618; x_wconf 85' lang='lat' dir='ltr'>cum</span> <span class='ocrx_word' id='word_1_92' title='bbox 955 1556 991 1619; x_wconf 88' lang='lat' dir='ltr'>ad</span> <span class='ocrx_word' id='word_1_93' title='bbox 1015 1551 1137 1620; x_wconf 86' lang='lat' dir='ltr'>Sabellii</span> <span class='ocrx_word' id='word_1_94' title='bbox 1165 1564 1196 1616; x_wconf 90' lang='lat' dir='ltr'>et</span> 
     </span>
     <span class='ocr_line' id='line_1_12' title="bbox 25 1653 1195 1744; baseline 0.001 -26"><span class='ocrx_word' id='word_1_95' title='bbox 25 1653 142 1719; x_wconf 76' lang='lat' dir='ltr'>Novati</span> <span class='ocrx_word' id='word_1_96' title='bbox 168 1654 572 1739; x_wconf 77' lang='lat' dir='ltr'>factionemadiungeretur,</span> <span class='ocrx_word' id='word_1_97' title='bbox 608 1654 729 1719; x_wconf 82' lang='lat' dir='ltr'>Arianis</span> <span class='ocrx_word' id='word_1_98' title='bbox 753 1656 935 1741; x_wconf 88' lang='lat' dir='ltr'>potissimum</span> <span class='ocrx_word' id='word_1_99' title='bbox 959 1679 1011 1744; x_wconf 93' lang='lat' dir='ltr'>pro</span> <span class='ocrx_word' id='word_1_100' title='bbox 1034 1679 1089 1722; x_wconf 89' lang='lat' dir='ltr'>suo</span> <span class='ocrx_word' id='word_1_101' title='bbox 1111 1657 1141 1720; x_wconf 93' lang='lat' dir='ltr'>in</span> <span class='ocrx_word' id='word_1_102' title='bbox 1160 1657 1195 1720; x_wconf 94' lang='lat' dir='ltr'>il·</span> 
     </span>
     <span class='ocr_line' id='line_1_13' title="bbox 27 1750 1303 1844; baseline -0.001 -21"><span class='ocrx_word' id='word_1_103' title='bbox 27 1759 85 1823; x_wconf 89' lang='lat' dir='ltr'>lum</span> <span class='ocrx_word' id='word_1_104' title='bbox 108 1758 179 1822; x_wconf 93' lang='lat' dir='ltr'>odio</span> <span class='ocrx_word' id='word_1_105' title='bbox 194 1758 249 1821; x_wconf 85' lang='lat' dir='ltr'>boe</span> <span class='ocrx_word' id='word_1_106' title='bbox 266 1757 360 1842; x_wconf 89' lang='lat' dir='ltr'>ipsum</span> <span class='ocrx_word' id='word_1_107' title='bbox 383 1756 650 1842; x_wconf 76' lang='lat' dir='ltr'><strong>exprobrantibus,</strong></span> <span class='ocrx_word' id='word_1_108' title='bbox 683 1759 759 1844; x_wconf 87' lang='lat' dir='ltr'><strong>quod</strong></span> <span class='ocrx_word' id='word_1_109' title='bbox 784 1759 920 1824; x_wconf 87' lang='lat' dir='ltr'>oirnirum</span> <span class='ocrx_word' id='word_1_110' title='bbox 943 1760 1087 1824; x_wconf 87' lang='lat' dir='ltr'>adversos</span> <span class='ocrx_word' id='word_1_111' title='bbox 1106 1757 1196 1822; x_wconf 80' lang='lat' dir='ltr'>Aria·</span> <span class='ocrx_word' id='word_1_112' title='bbox 1300 1750 1303 1761; x_wconf 57' lang='lat'><strong>¹</strong></span> 
     </span>
     <span class='ocr_line' id='line_1_14' title="bbox 27 1857 1193 1945; baseline 0.001 -21"><span class='ocrx_word' id='word_1_113' title='bbox 27 1883 80 1926; x_wconf 88' lang='lat' dir='ltr'>nos</span> <span class='ocrx_word' id='word_1_114' title='bbox 101 1861 309 1924; x_wconf 69' lang='lat' dir='ltr'>commederet.</span> <span class='ocrx_word' id='word_1_115' title='bbox 356 1857 435 1924; x_wconf 88' lang='lat' dir='ltr'>llioc</span> <span class='ocrx_word' id='word_1_116' title='bbox 457 1870 504 1924; x_wconf 83' lang='lat' dir='ltr'>est</span> <span class='ocrx_word' id='word_1_117' title='bbox 527 1861 603 1945; x_wconf 90' lang='lat' dir='ltr'>quod</span> <span class='ocrx_word' id='word_1_118' title='bbox 627 1861 809 1926; x_wconf 90' lang='lat' dir='ltr'>anconullis</span> <span class='ocrx_word' id='word_1_119' title='bbox 831 1882 868 1925; x_wconf 93' lang='lat' dir='ltr'>eo</span> <span class='ocrx_word' id='word_1_120' title='bbox 886 1863 1005 1926; x_wconf 90' lang='lat' dir='ltr'>nomine</span> <span class='ocrx_word' id='word_1_121' title='bbox 1023 1862 1193 1940; x_wconf 68' lang='lat' dir='ltr'>incessitur,</span> 
     </span>
     <span class='ocr_line' id='line_1_15' title="bbox 28 1953 1197 2048; baseline -0.002 -20"><span class='ocrx_word' id='word_1_122' title='bbox 28 1965 113 2048; x_wconf 84' lang='lat' dir='ltr'>quasi</span> <span class='ocrx_word' id='word_1_123' title='bbox 130 1963 168 2027; x_wconf 89' lang='lat' dir='ltr'>ad</span> <span class='ocrx_word' id='word_1_124' title='bbox 184 1959 422 2028; x_wconf 80' lang='lat' dir='ltr'>sabellianorum</span> <span class='ocrx_word' id='word_1_125' title='bbox 445 1963 648 2028; x_wconf 72' lang='lat' dir='ltr'>cavillationes</span> <span class='ocrx_word' id='word_1_126' title='bbox 665 1963 769 2048; x_wconf 88' lang='lat' dir='ltr'>partim</span> <span class='ocrx_word' id='word_1_127' title='bbox 790 1953 971 2028; x_wconf 86' lang='lat' dir='ltr'>adbaeserit.</span> <span class='ocrx_word' id='word_1_128' title='bbox 1017 1962 1128 2029; x_wconf 88' lang='lat' dir='ltr'>Verum</span> <span class='ocrx_word' id='word_1_129' title='bbox 1146 1962 1197 2028; x_wconf 89' lang='lat' dir='ltr'>alii</span> 
     </span>
     <span class='ocr_line' id='line_1_16' title="bbox 28 2065 1195 2153; baseline 0 -23"><span class='ocrx_word' id='word_1_130' title='bbox 28 2069 126 2130; x_wconf 80' lang='lat' dir='ltr'>eidem</span> <span class='ocrx_word' id='word_1_131' title='bbox 147 2065 368 2151; x_wconf 85' lang='lat' dir='ltr'>patrocinantes</span> <span class='ocrx_word' id='word_1_132' title='bbox 392 2087 494 2132; x_wconf 87' lang='lat' dir='ltr'>rerum</span> <span class='ocrx_word' id='word_1_133' title='bbox 516 2066 545 2130; x_wconf 90' lang='lat' dir='ltr'>id</span> <span class='ocrx_word' id='word_1_134' title='bbox 562 2085 629 2130; x_wconf 86' lang='lat' dir='ltr'>csse</span> <span class='ocrx_word' id='word_1_135' title='bbox 651 2076 778 2150; x_wconf 85' lang='lat' dir='ltr'>negant,</span> <span class='ocrx_word' id='word_1_136' title='bbox 812 2066 997 2132; x_wconf 89' lang='lat' dir='ltr'>econtrario</span> <span class='ocrx_word' id='word_1_137' title='bbox 1020 2088 1092 2131; x_wconf 88' lang='lat' dir='ltr'>uero</span> <span class='ocrx_word' id='word_1_138' title='bbox 1112 2087 1195 2153; x_wconf 92' lang='lat' dir='ltr'>prae·</span> 
     </span>
     <span class='ocr_line' id='line_1_17' title="bbox 29 2167 1197 2253; baseline 0.001 -21"><span class='ocrx_word' id='word_1_139' title='bbox 29 2170 109 2232; x_wconf 87' lang='lat' dir='ltr'>clare</span> <span class='ocrx_word' id='word_1_140' title='bbox 125 2169 209 2232; x_wconf 88' lang='lat' dir='ltr'>illum</span> <span class='ocrx_word' id='word_1_141' title='bbox 227 2167 341 2233; x_wconf 75' lang='lat' dir='ltr'>vixisse</span> <span class='ocrx_word' id='word_1_142' title='bbox 360 2190 394 2232; x_wconf 88' lang='lat' dir='ltr'>ac</span> <span class='ocrx_word' id='word_1_143' title='bbox 411 2181 493 2234; x_wconf 89' lang='lat' dir='ltr'>reete</span> <span class='ocrx_word' id='word_1_144' title='bbox 511 2169 642 2232; x_wconf 86' lang='lat' dir='ltr'>sensisse</span> <span class='ocrx_word' id='word_1_145' title='bbox 659 2169 841 2233; x_wconf 84' lang='lat' dir='ltr'>confirmant.</span> <span class='ocrx_word' id='word_1_146' title='bbox 889 2167 972 2235; x_wconf 86' lang='lat' dir='ltr'>Unde</span> <span class='ocrx_word' id='word_1_147' title='bbox 991 2189 1096 2253; x_wconf 81' lang='lat' dir='ltr'>magna</span> <span class='ocrx_word' id='word_1_148' title='bbox 1107 2170 1142 2232; x_wconf 86' lang='lat' dir='ltr'>de</span> <span class='ocrx_word' id='word_1_149' title='bbox 1159 2191 1197 2233; x_wconf 87' lang='lat' dir='ltr'>eo</span> 
     </span>
     <span class='ocr_line' id='line_1_18' title="bbox 30 2267 1197 2356; baseline 0.002 -22"><span class='ocrx_word' id='word_1_150' title='bbox 30 2271 238 2334; x_wconf 84' lang='lat' dir='ltr'>controversia</span> <span class='ocrx_word' id='word_1_151' title='bbox 263 2271 388 2336; x_wconf 86' lang='lat' dir='ltr'>conflata</span> <span class='ocrx_word' id='word_1_152' title='bbox 415 2281 472 2336; x_wconf 86' lang='lat' dir='ltr'>est.</span> <span class='ocrx_word' id='word_1_153' title='bbox 519 2267 682 2336; x_wconf 82' lang='lat' dir='ltr'>Enimvero</span> <span class='ocrx_word' id='word_1_154' title='bbox 707 2293 782 2356; x_wconf 86' lang='lat' dir='ltr'>quae</span> <span class='ocrx_word' id='word_1_155' title='bbox 807 2271 837 2334; x_wconf 89' lang='lat' dir='ltr'>in</span> <span class='ocrx_word' id='word_1_156' title='bbox 861 2270 938 2336; x_wconf 92' lang='lat' dir='ltr'>illius</span> <span class='ocrx_word' id='word_1_157' title='bbox 960 2271 1058 2334; x_wconf 88' lang='lat' dir='ltr'>animo</span> <span class='ocrx_word' id='word_1_158' title='bbox 1081 2272 1197 2336; x_wconf 86' lang='lat' dir='ltr'>occulta</span> 
     </span>
     <span class='ocr_line' id='line_1_19' title="bbox 31 2370 1196 2458; baseline 0.003 -23"><span class='ocrx_word' id='word_1_159' title='bbox 31 2376 151 2438; x_wconf 85' lang='lat' dir='ltr'>luerunt</span> <span class='ocrx_word' id='word_1_160' title='bbox 174 2373 224 2437; x_wconf 91' lang='lat' dir='ltr'>uni</span> <span class='ocrx_word' id='word_1_161' title='bbox 241 2373 296 2438; x_wconf 93' lang='lat' dir='ltr'>deo</span> <span class='ocrx_word' id='word_1_162' title='bbox 317 2372 434 2458; x_wconf 74' lang='lat' dir='ltr'>cognita</span> <span class='ocrx_word' id='word_1_163' title='bbox 457 2384 538 2438; x_wconf 86' lang='lat' dir='ltr'>sunt.</span> <span class='ocrx_word' id='word_1_164' title='bbox 585 2370 725 2438; x_wconf 83' lang='lat' dir='ltr'>Ceterum</span> <span class='ocrx_word' id='word_1_165' title='bbox 750 2374 827 2438; x_wconf 89' lang='lat' dir='ltr'>illius</span> <span class='ocrx_word' id='word_1_166' title='bbox 849 2384 1029 2452; x_wconf 80' lang='lat' dir='ltr'>sectatores,</span> <span class='ocrx_word' id='word_1_167' title='bbox 1060 2385 1090 2438; x_wconf 89' lang='lat' dir='ltr'>et</span> <span class='ocrx_word' id='word_1_168' title='bbox 1105 2372 1140 2437; x_wconf 86' lang='lat' dir='ltr'>ab</span> <span class='ocrx_word' id='word_1_169' title='bbox 1160 2395 1196 2438; x_wconf 96' lang='lat' dir='ltr'>eo</span> 
     </span>
     <span class='ocr_line' id='line_1_20' title="bbox 31 2475 1197 2562; baseline 0.002 -24"><span class='ocrx_word' id='word_1_170' title='bbox 31 2476 178 2554; x_wconf 87' lang='lat' dir='ltr'>instituti,</span> <span class='ocrx_word' id='word_1_171' title='bbox 203 2497 269 2540; x_wconf 87' lang='lat' dir='ltr'>cum</span> <span class='ocrx_word' id='word_1_172' title='bbox 289 2475 352 2540; x_wconf 88' lang='lat' dir='ltr'>cius</span> <span class='ocrx_word' id='word_1_173' title='bbox 371 2486 497 2539; x_wconf 86' lang='lat' dir='ltr'>mentem</span> <span class='ocrx_word' id='word_1_174' title='bbox 514 2475 702 2560; x_wconf 86' lang='lat' dir='ltr'>ignorarent,</span> <span class='ocrx_word' id='word_1_175' title='bbox 727 2497 781 2540; x_wconf 91' lang='lat' dir='ltr'>neo</span> <span class='ocrx_word' id='word_1_176' title='bbox 798 2496 873 2562; x_wconf 88' lang='lat' dir='ltr'>quae</span> <span class='ocrx_word' id='word_1_177' title='bbox 890 2495 962 2540; x_wconf 89' lang='lat' dir='ltr'>vere</span> <span class='ocrx_word' id='word_1_178' title='bbox 983 2476 1031 2540; x_wconf 92' lang='lat' dir='ltr'>ille</span> <span class='ocrx_word' id='word_1_179' title='bbox 1051 2477 1197 2542; x_wconf 89' lang='lat' dir='ltr'>sensisset</span> 
     </span>
     <span class='ocr_line' id='line_1_21' title="bbox 33 2577 1196 2664; baseline 0.003 -24"><span class='ocrx_word' id='word_1_180' title='bbox 33 2578 257 2664; x_wconf 81' lang='lat' dir='ltr'>exprimerent,</span> <span class='ocrx_word' id='word_1_181' title='bbox 282 2588 343 2642; x_wconf 89' lang='lat' dir='ltr'>tres</span> <span class='ocrx_word' id='word_1_182' title='bbox 361 2577 534 2664; x_wconf 81' lang='lat' dir='ltr'>hypostases</span> <span class='ocrx_word' id='word_1_183' title='bbox 552 2579 684 2644; x_wconf 90' lang='lat' dir='ltr'>conliteri</span> <span class='ocrx_word' id='word_1_184' title='bbox 705 2579 878 2658; x_wconf 89' lang='lat' dir='ltr'>noluerunt,</span> <span class='ocrx_word' id='word_1_185' title='bbox 910 2578 952 2642; x_wconf 91' lang='lat' dir='ltr'>uti</span> <span class='ocrx_word' id='word_1_186' title='bbox 970 2577 1082 2644; x_wconf 83' lang='lat' dir='ltr'>veritas</span> <span class='ocrx_word' id='word_1_187' title='bbox 1098 2581 1196 2659; x_wconf 87' lang='lat' dir='ltr'>docet,</span> 
     </span>
     <span class='ocr_line' id='line_1_22' title="bbox 33 2681 1198 2766; baseline 0.003 -22"><span class='ocrx_word' id='word_1_188' title='bbox 33 2703 106 2764; x_wconf 79' lang='lat' dir='ltr'>quae</span> <span class='ocrx_word' id='word_1_189' title='bbox 125 2702 213 2744; x_wconf 90' lang='lat' dir='ltr'>unam</span> <span class='ocrx_word' id='word_1_190' title='bbox 231 2692 334 2746; x_wconf 86' lang='lat' dir='ltr'>censet</span> <span class='ocrx_word' id='word_1_191' title='bbox 352 2701 420 2745; x_wconf 85' lang='lat' dir='ltr'>csse</span> <span class='ocrx_word' id='word_1_192' title='bbox 441 2682 623 2746; x_wconf 84' lang='lat' dir='ltr'>divinitatem</span> <span class='ocrx_word' id='word_1_193' title='bbox 642 2702 788 2766; x_wconf 88' lang='lat' dir='ltr'>unamque</span> <span class='ocrx_word' id='word_1_194' title='bbox 811 2681 936 2764; x_wconf 83' lang='lat' dir='ltr'>gloriam</span> <span class='ocrx_word' id='word_1_195' title='bbox 957 2692 987 2745; x_wconf 89' lang='lat' dir='ltr'>et</span> <span class='ocrx_word' id='word_1_196' title='bbox 1004 2681 1198 2747; x_wconf 87' lang='lat' dir='ltr'>consubstan-</span> 
     </span>
     <span class='ocr_line' id='line_1_23' title="bbox 33 2782 1196 2869; baseline 0.004 -25"><span class='ocrx_word' id='word_1_197' title='bbox 33 2784 130 2848; x_wconf 89' lang='lat' dir='ltr'>tialem</span> <span class='ocrx_word' id='word_1_198' title='bbox 150 2783 331 2863; x_wconf 85' lang='lat' dir='ltr'>trinitatem,</span> <span class='ocrx_word' id='word_1_199' title='bbox 363 2805 436 2868; x_wconf 83' lang='lat' dir='ltr'>quoe</span> <span class='ocrx_word' id='word_1_200' title='bbox 460 2784 530 2848; x_wconf 89' lang='lat' dir='ltr'>nibil</span> <span class='ocrx_word' id='word_1_201' title='bbox 548 2783 686 2868; x_wconf 82' lang='lat' dir='ltr'>ingloria</span> <span class='ocrx_word' id='word_1_202' title='bbox 704 2805 757 2848; x_wconf 87' lang='lat' dir='ltr'>sua</span> <span class='ocrx_word' id='word_1_203' title='bbox 773 2783 922 2848; x_wconf 87' lang='lat' dir='ltr'>diversum</span> <span class='ocrx_word' id='word_1_204' title='bbox 938 2782 1061 2863; x_wconf 87' lang='lat' dir='ltr'>babent,</span> <span class='ocrx_word' id='word_1_205' title='bbox 1096 2795 1196 2869; x_wconf 86' lang='lat' dir='ltr'>utpote</span> 
     </span>
     <span class='ocr_line' id='line_1_24' title="bbox 33 2885 1199 2972; baseline 0.003 -24"><span class='ocrx_word' id='word_1_206' title='bbox 33 2889 167 2971; x_wconf 84' lang='lat' dir='ltr'>perlecta</span> <span class='ocrx_word' id='word_1_207' title='bbox 182 2885 315 2967; x_wconf 88' lang='lat' dir='ltr'>trinitas,</span> <span class='ocrx_word' id='word_1_208' title='bbox 340 2899 370 2952; x_wconf 87' lang='lat' dir='ltr'>et</span> <span class='ocrx_word' id='word_1_209' title='bbox 388 2909 445 2950; x_wconf 88' lang='lat' dir='ltr'>una</span> <span class='ocrx_word' id='word_1_210' title='bbox 460 2887 617 2967; x_wconf 83' lang='lat' dir='ltr'>diviuitas,</span> <span class='ocrx_word' id='word_1_211' title='bbox 642 2908 699 2952; x_wconf 87' lang='lat' dir='ltr'>una</span> <span class='ocrx_word' id='word_1_212' title='bbox 717 2887 828 2964; x_wconf 87' lang='lat' dir='ltr'>virtus,</span> <span class='ocrx_word' id='word_1_213' title='bbox 854 2907 911 2950; x_wconf 91' lang='lat' dir='ltr'>noa</span> <span class='ocrx_word' id='word_1_214' title='bbox 931 2887 1078 2966; x_wconf 85' lang='lat' dir='ltr'>essentia,</span> <span class='ocrx_word' id='word_1_215' title='bbox 1103 2908 1199 2972; x_wconf 86' lang='lat' dir='ltr'>arque</span> 
     </span>
     <span class='ocr_line' id='line_1_25' title="bbox 34 2988 1200 3074; baseline 0.001 -23"><span class='ocrx_word' id='word_1_216' title='bbox 34 2989 59 3052; x_wconf 92' lang='lat' dir='ltr'>io</span> <span class='ocrx_word' id='word_1_217' title='bbox 75 3011 170 3053; x_wconf 90' lang='lat' dir='ltr'>unum</span> <span class='ocrx_word' id='word_1_218' title='bbox 190 2999 342 3054; x_wconf 86' lang='lat' dir='ltr'>contracta</span> <span class='ocrx_word' id='word_1_219' title='bbox 360 3001 411 3054; x_wconf 91' lang='lat' dir='ltr'>aut</span> <span class='ocrx_word' id='word_1_220' title='bbox 426 2992 567 3069; x_wconf 84' lang='lat' dir='ltr'>contusa,</span> <span class='ocrx_word' id='word_1_221' title='bbox 592 3011 647 3054; x_wconf 91' lang='lat' dir='ltr'>neo</span> <span class='ocrx_word' id='word_1_222' title='bbox 665 2990 720 3054; x_wconf 91' lang='lat' dir='ltr'>ulla</span> <span class='ocrx_word' id='word_1_223' title='bbox 736 2988 783 3052; x_wconf 92' lang='lat' dir='ltr'>soi</span> <span class='ocrx_word' id='word_1_224' title='bbox 801 2998 883 3074; x_wconf 88' lang='lat' dir='ltr'>parte</span> <span class='ocrx_word' id='word_1_225' title='bbox 899 2988 1040 3067; x_wconf 80' lang='lat' dir='ltr'>inferior,</span> <span class='ocrx_word' id='word_1_226' title='bbox 1065 3002 1115 3052; x_wconf 89' lang='lat' dir='ltr'>aut</span> <span class='ocrx_word' id='word_1_227' title='bbox 1131 2991 1200 3054; x_wconf 90' lang='lat' dir='ltr'>sub·</span> 
     </span>
     <span class='ocr_line' id='line_1_26' title="bbox 34 3087 1201 3177; baseline 0.005 -25"><span class='ocrx_word' id='word_1_228' title='bbox 34 3090 123 3156; x_wconf 88' lang='lat' dir='ltr'>ieeta.</span> <span class='ocrx_word' id='word_1_229' title='bbox 170 3087 333 3156; x_wconf 86' lang='lat' dir='ltr'>Marcellus</span> <span class='ocrx_word' id='word_1_230' title='bbox 350 3102 448 3156; x_wconf 86' lang='lat' dir='ltr'>autem</span> <span class='ocrx_word' id='word_1_231' title='bbox 472 3093 676 3158; x_wconf 90' lang='lat' dir='ltr'>nonnullorum</span> <span class='ocrx_word' id='word_1_232' title='bbox 695 3091 842 3156; x_wconf 90' lang='lat' dir='ltr'>sententia</span> <span class='ocrx_word' id='word_1_233' title='bbox 864 3113 929 3154; x_wconf 88' lang='lat' dir='ltr'>oum</span> <span class='ocrx_word' id='word_1_234' title='bbox 953 3091 1060 3175; x_wconf 83' lang='lat' dir='ltr'>olirpuid</span> <span class='ocrx_word' id='word_1_235' title='bbox 1078 3093 1201 3177; x_wconf 87' lang='lat' dir='ltr'>amplius</span> 
     </span>
     <span class='ocr_line' id='line_1_27' title="bbox 34 3191 1201 3279; baseline 0.002 -23"><span class='ocrx_word' id='word_1_236' title='bbox 34 3193 74 3258; x_wconf 85' lang='lat' dir='ltr'>bis</span> <span class='ocrx_word' id='word_1_237' title='bbox 90 3206 233 3260; x_wconf 84' lang='lat' dir='ltr'>astruere</span> <span class='ocrx_word' id='word_1_238' title='bbox 249 3194 355 3273; x_wconf 85' lang='lat' dir='ltr'>uellet,</span> <span class='ocrx_word' id='word_1_239' title='bbox 380 3195 410 3259; x_wconf 92' lang='lat' dir='ltr'>in</span> <span class='ocrx_word' id='word_1_240' title='bbox 429 3191 551 3260; x_wconf 88' lang='lat' dir='ltr'>Sabellii</span> <span class='ocrx_word' id='word_1_241' title='bbox 568 3215 699 3260; x_wconf 86' lang='lat' dir='ltr'>errorem</span> <span class='ocrx_word' id='word_1_242' title='bbox 715 3194 854 3260; x_wconf 89' lang='lat' dir='ltr'>incidisse</span> <span class='ocrx_word' id='word_1_243' title='bbox 871 3192 953 3258; x_wconf 88' lang='lat' dir='ltr'>visus</span> <span class='ocrx_word' id='word_1_244' title='bbox 972 3205 1030 3258; x_wconf 90' lang='lat' dir='ltr'>cst.</span> <span class='ocrx_word' id='word_1_245' title='bbox 1075 3191 1125 3258; x_wconf 84' lang='lat' dir='ltr'>Ex</span> <span class='ocrx_word' id='word_1_246' title='bbox 1143 3216 1201 3279; x_wconf 90' lang='lat' dir='ltr'>quo</span> 
     </span>
     <span class='ocr_line' id='line_1_28' title="bbox 35 3296 1203 3384; baseline 0.003 -26"><span class='ocrx_word' id='word_1_247' title='bbox 35 3297 143 3362; x_wconf 84' lang='lat' dir='ltr'>laetum</span> <span class='ocrx_word' id='word_1_248' title='bbox 166 3307 214 3360; x_wconf 86' lang='lat' dir='ltr'>cst</span> <span class='ocrx_word' id='word_1_249' title='bbox 231 3308 264 3360; x_wconf 94' lang='lat' dir='ltr'>ut</span> <span class='ocrx_word' id='word_1_250' title='bbox 280 3296 359 3362; x_wconf 89' lang='lat' dir='ltr'>iuter</span> <span class='ocrx_word' id='word_1_251' title='bbox 380 3297 521 3362; x_wconf 86' lang='lat' dir='ltr'>haereses</span> <span class='ocrx_word' id='word_1_252' title='bbox 549 3299 745 3384; x_wconf 80' lang='lat' dir='ltr'>ista‘quoquo</span> <span class='ocrx_word' id='word_1_253' title='bbox 765 3297 948 3360; x_wconf 83' lang='lat' dir='ltr'>recensendo</span> <span class='ocrx_word' id='word_1_254' title='bbox 971 3318 1006 3360; x_wconf 92' lang='lat' dir='ltr'>ao</span> <span class='ocrx_word' id='word_1_255' title='bbox 1025 3298 1203 3362; x_wconf 84' lang='lat' dir='ltr'>contutanda</span> 
     </span>
     <span class='ocr_line' id='line_1_29' title="bbox 35 3396 1201 3483; baseline 0.001 -22"><span class='ocrx_word' id='word_1_256' title='bbox 35 3401 166 3463; x_wconf 81' lang='lat' dir='ltr'>reniret.</span> <span class='ocrx_word' id='word_1_257' title='bbox 212 3396 302 3464; x_wconf 86' lang='lat' dir='ltr'>Libet</span> <span class='ocrx_word' id='word_1_258' title='bbox 318 3411 417 3465; x_wconf 85' lang='lat' dir='ltr'>autem</span> <span class='ocrx_word' id='word_1_259' title='bbox 436 3411 467 3464; x_wconf 88' lang='lat' dir='ltr'>et</span> <span class='ocrx_word' id='word_1_260' title='bbox 483 3401 561 3464; x_wconf 90' lang='lat' dir='ltr'>illius</span> <span class='ocrx_word' id='word_1_261' title='bbox 580 3400 745 3464; x_wconf 88' lang='lat' dir='ltr'>orationem</span> <span class='ocrx_word' id='word_1_262' title='bbox 764 3398 928 3477; x_wconf 90' lang='lat' dir='ltr'>subiicere,</span> <span class='ocrx_word' id='word_1_263' title='bbox 953 3419 1038 3483; x_wconf 82' lang='lat' dir='ltr'>quarn</span> <span class='ocrx_word' id='word_1_264' title='bbox 1059 3399 1201 3483; x_wconf 79' lang='lat' dir='ltr'>purgandi</span> 
     </span>
     <span class='ocr_line' id='line_1_30' title="bbox 35 3500 1202 3588; baseline 0.001 -24"><span class='ocrx_word' id='word_1_265' title='bbox 35 3502 77 3564; x_wconf 86' lang='lat' dir='ltr'>sui</span> <span class='ocrx_word' id='word_1_266' title='bbox 97 3501 199 3588; x_wconf 79' lang='lat' dir='ltr'>gratia</span> <span class='ocrx_word' id='word_1_267' title='bbox 220 3502 257 3565; x_wconf 86' lang='lat' dir='ltr'>ad</span> <span class='ocrx_word' id='word_1_268' title='bbox 275 3502 379 3567; x_wconf 88' lang='lat' dir='ltr'>beatae</span> <span class='ocrx_word' id='word_1_269' title='bbox 403 3503 562 3568; x_wconf 89' lang='lat' dir='ltr'>memoriae</span> <span class='ocrx_word' id='word_1_270' title='bbox 589 3503 691 3567; x_wconf 88' lang='lat' dir='ltr'>lolium</span> <span class='ocrx_word' id='word_1_271' title='bbox 709 3500 912 3566; x_wconf 87' lang='lat' dir='ltr'>Romanorum</span> <span class='ocrx_word' id='word_1_272' title='bbox 936 3503 1106 3587; x_wconf 87' lang='lat' dir='ltr'>episcopum</span> <span class='ocrx_word' id='word_1_273' title='bbox 1127 3501 1202 3566; x_wconf 87' lang='lat' dir='ltr'>seri·</span> 
     </span>
     <span class='ocr_line' id='line_1_31' title="bbox 37 3599 1202 3688; baseline 0 -20"><span class='ocrx_word' id='word_1_274' title='bbox 37 3604 103 3688; x_wconf 85' lang='lat' dir='ltr'>psit.</span> <span class='ocrx_word' id='word_1_275' title='bbox 153 3601 223 3686; x_wconf 77' lang='lat' dir='ltr'>Qua</span> <span class='ocrx_word' id='word_1_276' title='bbox 242 3625 282 3668; x_wconf 80' lang='lat' dir='ltr'>ex</span> <span class='ocrx_word' id='word_1_277' title='bbox 299 3605 473 3670; x_wconf 77' lang='lat' dir='ltr'>defensione</span> <span class='ocrx_word' id='word_1_278' title='bbox 490 3599 518 3668; x_wconf 85' lang='lat' dir='ltr'>et</span> <span class='ocrx_word' id='word_1_279' title='bbox 536 3605 634 3670; x_wconf 90' lang='lat' dir='ltr'>libello</span> <span class='ocrx_word' id='word_1_280' title='bbox 664 3604 803 3670; x_wconf 91' lang='lat' dir='ltr'>nonnulla</span> <span class='ocrx_word' id='word_1_281' title='bbox 827 3614 931 3668; x_wconf 89' lang='lat' dir='ltr'>contra</span> <span class='ocrx_word' id='word_1_282' title='bbox 952 3604 1098 3668; x_wconf 87' lang='lat' dir='ltr'>sinceram</span> <span class='ocrx_word' id='word_1_283' title='bbox 1117 3605 1202 3668; x_wconf 84' lang='lat' dir='ltr'>iidem</span> 
     </span>
     <span class='ocr_line' id='line_1_32' title="bbox 37 3706 1204 3788; baseline 0.004 -21"><span class='ocrx_word' id='word_1_284' title='bbox 37 3708 189 3788; x_wconf 82' lang='lat' dir='ltr'>opinatum</span> <span class='ocrx_word' id='word_1_285' title='bbox 206 3727 276 3770; x_wconf 87' lang='lat' dir='ltr'>esse</span> <span class='ocrx_word' id='word_1_286' title='bbox 293 3707 451 3772; x_wconf 86' lang='lat' dir='ltr'>constabit.</span> <span class='ocrx_word' id='word_1_287' title='bbox 496 3707 615 3772; x_wconf 89' lang='lat' dir='ltr'>Etenim</span> <span class='ocrx_word' id='word_1_288' title='bbox 632 3707 658 3772; x_wconf 90' lang='lat' dir='ltr'>si</span> <span class='ocrx_word' id='word_1_289' title='bbox 678 3708 749 3772; x_wconf 87' lang='lat' dir='ltr'>oibil</span> <span class='ocrx_word' id='word_1_290' title='bbox 767 3707 803 3771; x_wconf 88' lang='lat' dir='ltr'>ab</span> <span class='ocrx_word' id='word_1_291' title='bbox 822 3706 869 3771; x_wconf 90' lang='lat' dir='ltr'>illa</span> <span class='ocrx_word' id='word_1_292' title='bbox 890 3707 1038 3771; x_wconf 86' lang='lat' dir='ltr'>diversum</span> <span class='ocrx_word' id='word_1_293' title='bbox 1058 3708 1204 3772; x_wconf 89' lang='lat' dir='ltr'>sensisset</span> 
     </span>
     <span class='ocr_line' id='line_1_33' title="bbox 39 3809 1201 3896; baseline 0 -24"><span class='ocrx_word' id='word_1_294' title='bbox 39 3830 185 3894; x_wconf 87' lang='lat' dir='ltr'>uuquam,</span> <span class='ocrx_word' id='word_1_295' title='bbox 211 3809 363 3874; x_wconf 89' lang='lat' dir='ltr'>cuiusnam</span> <span class='ocrx_word' id='word_1_296' title='bbox 381 3811 424 3876; x_wconf 89' lang='lat' dir='ltr'>rei</span> <span class='ocrx_word' id='word_1_297' title='bbox 441 3811 536 3896; x_wconf 79' lang='lat' dir='ltr'>gratia</span> <span class='ocrx_word' id='word_1_298' title='bbox 554 3811 627 3874; x_wconf 87' lang='lat' dir='ltr'>bano</span> <span class='ocrx_word' id='word_1_299' title='bbox 644 3811 722 3875; x_wconf 84' lang='lat' dir='ltr'>illurn</span> <span class='ocrx_word' id='word_1_300' title='bbox 737 3810 782 3874; x_wconf 89' lang='lat' dir='ltr'>sni</span> <span class='ocrx_word' id='word_1_301' title='bbox 800 3811 1002 3895; x_wconf 85' lang='lat' dir='ltr'>purgationem</span> <span class='ocrx_word' id='word_1_302' title='bbox 1021 3809 1201 3887; x_wconf 90' lang='lat' dir='ltr'>institueret,</span> 
     </span>
     <span class='ocr_line' id='line_1_34' title="bbox 39 3910 1203 3999; baseline 0.002 -27"><span class='ocrx_word' id='word_1_303' title='bbox 39 3911 95 3974; x_wconf 86' lang='lat' dir='ltr'>uisi</span> <span class='ocrx_word' id='word_1_304' title='bbox 115 3911 261 3997; x_wconf 83' lang='lat' dir='ltr'>quaedam</span> <span class='ocrx_word' id='word_1_305' title='bbox 278 3910 314 3974; x_wconf 86' lang='lat' dir='ltr'>ab</span> <span class='ocrx_word' id='word_1_306' title='bbox 332 3912 382 3976; x_wconf 95' lang='lat' dir='ltr'>illo</span> <span class='ocrx_word' id='word_1_307' title='bbox 399 3935 499 3999; x_wconf 86' lang='lat' dir='ltr'>porum</span> <span class='ocrx_word' id='word_1_308' title='bbox 517 3923 597 3978; x_wconf 85' lang='lat' dir='ltr'>recte</span> <span class='ocrx_word' id='word_1_309' title='bbox 614 3913 709 3999; x_wconf 89' lang='lat' dir='ltr'>posita</span> <span class='ocrx_word' id='word_1_310' title='bbox 724 3935 759 3976; x_wconf 89' lang='lat' dir='ltr'>ao</span> <span class='ocrx_word' id='word_1_311' title='bbox 777 3913 964 3998; x_wconf 90' lang='lat' dir='ltr'>pronuntiata</span> <span class='ocrx_word' id='word_1_312' title='bbox 981 3913 1097 3990; x_wconf 81' lang='lat' dir='ltr'>dorent,</span> <span class='ocrx_word' id='word_1_313' title='bbox 1128 3931 1203 3995; x_wconf 88' lang='lat' dir='ltr'>qnae</span> 
     </span>
     <span class='ocr_line' id='line_1_35' title="bbox 39 4012 1204 4100; baseline 0.002 -24"><span class='ocrx_word' id='word_1_314' title='bbox 39 4035 105 4076; x_wconf 86' lang='lat' dir='ltr'>cum</span> <span class='ocrx_word' id='word_1_315' title='bbox 124 4013 240 4100; x_wconf 86' lang='lat' dir='ltr'>aliquos</span> <span class='ocrx_word' id='word_1_316' title='bbox 261 4014 499 4098; x_wconf 85' lang='lat' dir='ltr'>perturbassent,</span> <span class='ocrx_word' id='word_1_317' title='bbox 522 4016 698 4080; x_wconf 80' lang='lat' dir='ltr'>defendendi</span> <span class='ocrx_word' id='word_1_318' title='bbox 719 4018 765 4078; x_wconf 92' lang='lat' dir='ltr'>sui</span> <span class='ocrx_word' id='word_1_319' title='bbox 783 4025 870 4099; x_wconf 87' lang='lat' dir='ltr'>atque</span> <span class='ocrx_word' id='word_1_320' title='bbox 894 4014 1056 4078; x_wconf 80' lang='lat' dir='ltr'>excusandi</span> <span class='ocrx_word' id='word_1_321' title='bbox 1072 4012 1204 4079; x_wconf 85' lang='lat' dir='ltr'>uecessi-</span> 
     </span>
     <span class='ocr_line' id='line_1_36' title="bbox 39 4115 1067 4205; baseline 0.001 -27"><span class='ocrx_word' id='word_1_322' title='bbox 39 4125 130 4180; x_wconf 89' lang='lat' dir='ltr'>tatem</span> <span class='ocrx_word' id='word_1_323' title='bbox 153 4116 327 4182; x_wconf 81' lang='lat' dir='ltr'>attulerint?</span> <span class='ocrx_word' id='word_1_324' title='bbox 370 4115 547 4205; x_wconf 84' lang='lat' dir='ltr'>Exemplum</span> <span class='ocrx_word' id='word_1_325' title='bbox 571 4117 659 4203; x_wconf 77' lang='lat' dir='ltr'>igitur</span> <span class='ocrx_word' id='word_1_326' title='bbox 681 4117 824 4203; x_wconf 85' lang='lat' dir='ltr'>epistolae</span> <span class='ocrx_word' id='word_1_327' title='bbox 847 4115 890 4180; x_wconf 86' lang='lat' dir='ltr'>sio</span> <span class='ocrx_word' id='word_1_328' title='bbox 912 4137 946 4181; x_wconf 87' lang='lat' dir='ltr'>se</span> <span class='ocrx_word' id='word_1_329' title='bbox 969 4115 1067 4180; x_wconf 87' lang='lat' dir='ltr'>babet.</span> 
     </span>
    </p>
   </div>
   <div class='ocr_carea' id='block_1_5' title="bbox 0 0 1564 5006">
    <p class='ocr_par' dir='ltr' id='par_1_5' title="bbox 0 0 1564 5006">
     <span class='ocr_line' id='line_1_37' title="bbox 0 0 1564 5006; baseline 0 0"><span class='ocrx_word' id='word_1_330' title='bbox 0 0 1564 5006; x_wconf 95' lang='lat' dir='ltr'> </span> 
     </span>
    </p>
   </div>
  </div>
 </body>
</html>
