3060 5026
314 269 379 336 884
740 285 861 340 εινσιι
879 287 1050 340 εειειιειιιι

316 404 349 468 έν
367 399 465 491 φάτνη
484 403 632 484 κείμενος,
660 400 700 468 ού
717 405 841 487 λέληθεν
865 401 996 490 άγχέλων
1018 402 1117 490 χορόν.
1163 405 1358 487 Παρεμβολαλ
1375 403 1409 470 δέ
1427 403 1474 470 έπλ

316 511 354 594 τῇ
370 511 424 572 τοῦ
437 507 580 586 βασιλέως
601 511 655 570 τοῦ
674 507 783 582 αίοῐνος
806 505 911 596 είςόδφ
930 510 1113 593 δορυφορεῖν
1129 503 1355 587 άπεστέλλοντο,
1387 505 1477 589 ύμνοι

318 608 481 674 ἰέιιινίκιοι
504 610 674 687 έτελοῦντο,
705 607 806 694 είρήνη
829 611 861 675 έν
877 618 940 685 τοῖς
961 612 1097 692 ποιμέσιν
1121 609 1302 693 έκηρύττετο.
1341 608 1477 674 'dudd

318 707 475 796 ἠμαύρωσε
493 709 546 793 τὴν
566 707 659 776 αύτοῦ
685 708 828 794 δύναμινς
864 709 930 778 Ἔτι
951 710 1007 798 γάρ
1030 709 1116 788 ὄντος
1139 711 1233 779 αύτοῦ
1248 714 1400 795 βρέφους,
1424 713 1478 778 καλ

317 813 553 896 βασταζομένου,
588 809 710 898 α’στέρος
732 814 786 896 μέν
808 819 917 900 γίνεται
942 823 1047 897 σημεῖα
1071 813 1132 881 άπδ
1156 815 1324 895 ἀνατολῶν,
1358 813 1479 900 Μάχων

318 921 483 1001 παρουσία,
512 918 712 1002 προςκύνησίς
726 940 757 982 τε
772 919 824 982 καί
840 921 1032 1004 5δορυφορία
1041 969 1050 998 ,
1082 919 1276 1004 γραμματέων
1290 915 1411 1001 ζήτησις
1428 922 1478 1000 βο-

316 1025 406 1097 σιλεῖ,
427 1015 532 1104 ἡττερλ
549 1015 642 1084 αύτοῦ
657 1017 815 1105 άπόκριστς
829 1022 880 1086 καί
900 1017 1055 1105 όμολοχία,
1085 1019 1122 1086 τά
1137 1021 1169 1086 δέ
1186 1019 1259 1086 άλλα
1276 1019 1392 1100 πάντα,
1424 1019 1479 1086 δ’σι

317 1121 443 1207 περιέχει
459 1118 480 1204 ἡ
497 1121 680 1201 άκολουθία,
711 1125 739 1186 τί
756 1123 903 1205 ἐνέσκηψε
923 1127 961 1212 τῇ
981 1122 1076 1190 αύτού
1096 1121 1232 1207 θεότητι,Ι
1262 1133 1351 1190 ποῖον
1374 1122 1479 1189 ἐπικύ-

316 1225 524 1308 λυμμαέσχεν,
547 1221 589 1300 σός
610 1226 642 1289 έν
656 1219 744 1306 ἡμῖν,
781 1221 928 1310 ησορκδς
947 1224 1074 1308 κατοχήι·
1115 1224 1252 1315 Ἐπιτιμᾷ
1267 1227 1321 1308 μέν
1336 1225 1478 1304 κλύδωνι,

317 1327 369 1392 καλ
386 1335 450 1402 τοῖς
465 1326 603 1409 άνέμοις,
624 1328 674 1390 καί
693 1333 729 1416 τῇ
743 1325 897 1417 θαλάσση,
926 1329 977 1392 καλ
994 1327 1053 1394 ούκ
1069 1330 1201 1412 έπέχεται
1216 1326 1276 1394 άπό
1295 1336 1350 1412 τῆς
1368 1327 1479 1412 σαρκός

318 1425 340 1512 ἦ
356 1435 409 1514 τῆς
427 1426 520 1495 αύτοῦ
534 1428 680 1512 θεότητος
692 1428 835 1512 δύναμις,
866 1433 1037 1496 ἐπιτελοῦσι
1050 1429 1084 1496 τό
1099 1432 1175 1496 κατά
1193 1429 1285 1512 φύσιν
1299 1439 1355 1515 τῆς
1370 1431 1476 1514 θεότη-

318 1557 376 1608 τος.
419 1529 502 1598 Ἀλλά
520 1533 570 1598 καί
588 1529 680 1618 δχιιου
703 1533 753 1598 καλ
770 1531 883 1619 βάρους
900 1540 952 1616 τῆς
968 1532 1079 1620 σαρκός
1093 1530 1301 1619 ύπαρχούσης,
1333 1534 1373 1600 ού
1394 1534 1479 1620 βάρει

318 1634 477 1718 συνέχεται
522 1640 688 1718 Περιπατεῖ
699 1631 756 1721 γάρ
773 1631 815 1711 οἷς
831 1636 880 1701 έπλ
898 1645 961 1712 τοῖς
978 1635 1100 1716 ύδασιν,
1123 1633 1166 1713 οἱς
1180 1634 1324 1724 ἄτρεπτος
1339 1636 1428 1716 θεός,
1449 1640 1479 1702 έτ

314 1738 406 1822 -σαριιλ
422 1736 476 1819 μέν
490 1732 645 1822 ύπάρχων,
669 1735 725 1803 οὐκ
743 1736 805 1804 άιτδ
825 1736 935 1824 σαρκός
952 1739 984 1804 δέ
999 1736 1223 1823 άλλοιούμενος,
1246 1741 1298 1806 καλ
1316 1747 1404 1806 καλεῖ
1416 1765 1478 1820 φω-

317 1845 366 1928 νῇ,
388 1835 508 1925 Λάζαρε
522 1843 611 1925 δεῦρο
625 1842 692 1921 ἔξω,
714 1839 772 1907 ούκ
787 1838 943 1906 άντίθετον
958 1839 1102 1924 ἔχειντὴν
1116 1839 1230 1928 σάρκα,
1253 1839 1327 1908 ούδέ
1341 1850 1398 1926 τῆς
1410 1840 1477 1908 θεό

318 1966 405 2023 τητος
426 1943 458 2008 έν
479 1944 568 2030 σαρκί
589 1949 626 2032 τῇ
646 1947 739 2032 τελείρι
761 1943 987 2031 ένανθρωπησει
1008 1946 1238 2028 δεδοαλωμίνης.

182 2585 249 2652 Κεφ,
267 2585 297 2640 χ’,
407 2564 467 2630 Καὶ
485 2561 578 2630 πολλά
601 2589 653 2648 μοι
670 2567 732 2630 έστι
752 2570 827 2630 ιτοῦ
842 2564 946 2650 λέγειν·
978 2560 1050 2632 άλλά
1064 2565 1117 2631 καλ
1135 2567 1167 2630 έκ
1186 2570 1298 2650 νεκρσλν
1314 2563 1478 2640 άνίστιτιιι,

318 2668 370 2732 καὶ
386 2663 576 2750 άναμοχλεύει
588 2665 624 2733 τά
642 2665 715 2734 καθ’
737 2663 831 2759 ᾅδου,
859 2669 911 2733 καλ
928 2665 1003 2733 έλοίν
1026 2665 1168 2754 ἀνήνεγκε
1190 2664 1245 2750 τὴν
1266 2669 1478 2750 αἰχμαλωσίαν,

318 2771 370 2835 καί
386 2765 515 2846 άναστάς
530 2768 564 2836 τό
578 2768 737 2856 τριήμερον
752 2773 783 2836 έν
799 2767 875 2861 αὐτῇ
893 2775 955 2859 ’τῇ
973 2767 1043 2859 άχίμ
1058 2771 1156 2856 σαρκί,
1178 2771 1230 2834 καλ
1243 2777 1330 2860 ψυχῇ
1345 2777 1387 2859 τῇ
1401 2767 1479 2856 άγίρ,

183 2907 235 2955 μς.
249 2895 306 2942 τετε
318 2873 371 2939 καλ
389 2878 450 2960 νῷ,
481 2874 531 2937 καί
551 2875 638 2938 παντί
652 2879 694 2962 τῷ
711 2872 822 2952 σκεύει,
856 2874 905 2938 καί
924 2875 957 2938 έν
973 2880 1010 2963 τῇ
1028 2871 1149 2956 θεότητι
1169 2869 1340 2955 ἡνωμένος,
1373 2874 1480 2946 τέλειος

317 2975 437 3061 μέμονεν
453 2971 633 3061 ἅνθρωπος,
662 2974 831 3052 συνενούσας
848 2972 902 3058 την
920 2972 1152 3061 ένανθροόπησιν
1169 2976 1278 3041 ἑαυτοῦ
1290 2981 1329 3062 τῇ
1344 2975 1479 3058 θεύεητι,

317 3076 455 3143 θανάτου
477 3077 573 3144 αὐτοῦ
595 3078 697 3161 μηκέτι
716 3076 914 3164 κυριεύοντος.
963 3085 1007 3168 Τῇ
1030 3079 1062 3143 δέ
1078 3078 1200 3162 θεύτητι
1218 3077 1431 3159 συνηνωμένος
1445 3073 1477 3140 τό

321 3180 485 3266 παχυμερὲς
498 3180 671 3266 λεπτομερές
685 3181 823 3260 έτελείον,
847 3178 1046 3266 είςερχόμενος
1061 3187 1168 3267 θυρῶν
1180 3180 1408 3261 κεκλεισμένων,
1427 3179 1477 3244 καί

319 3279 391 3365 μεταλ
407 3280 461 3365 τήν
477 3285 594 3359 ε’ίςοδον
621 3282 739 3359 δεικνύς
755 3281 851 3368 σάρκα
869 3283 919 3348 καί
939 3283 1043 3362 ὀστέα,
1073 3287 1124 3349 λνα
1140 3280 1174 3349 τό
1191 3281 1337 3368 σωτήρων
1356 3288 1415 3365 τῆς
1429 3285 1476 3346 δυ

318 3490 437 3553 λείωσεν
455 3486 554 3554 έλθοόν
569 3485 587 3554 ό
600 3486 704 3574 λόγος,
735 3489 787 3554 καλ
807 3489 839 3554 έν
859 3485 939 3578 αύτῷ
955 3496 997 3577 τῷ
1017 3487 1128 3573 σοι’ματι
1146 3486 1334 3572 ύναληφθελς
1349 3485 1479 3564 ένδόξος

320 3587 459 3655 έκάθισεν
480 3593 512 3656 έν
535 3595 618 3680 δεξιᾷ
634 3598 689 3657 τοῦ
705 3590 835 3676 πατρός,
867 3591 925 3658 ούκ
940 3589 1001 3657 άπδ
1017 3599 1073 3659 τοῦ
1091 3589 1184 3678 δχκου
1203 3589 1391 3674 πιεζόμενος,
1423 3589 1478 3656 οδε

320 3691 404 3770 ίιιτδς
417 3699 472 3758 τοῦ
496 3689 631 3776 σώματος
650 3691 810 3780 ύπύρχων,
840 3692 873 3762 τό
891 3695 924 3760 δέ
941 3701 1027 3777 σολμα
1050 3691 1250 3776 πνευματικόν
1271 3696 1395 3780 έχείρας.
1440 3692 1481 3755 Εί

319 3792 354 3861 τδ
374 3790 516 3882 ἡμέτερον
539 3799 685 3878 σπείρεται
700 3798 732 3864 έν
749 3801 874 3886 φθορᾷ,
903 3799 1042 3884 ἐγείρεται
1065 3799 1097 3863 έν
1112 3796 1278 3886 ἀφθαρσίᾳ.
1321 3799 1480 3882 Σπείρεταε

321 3904 406 3982 σῶμα
421 3895 567 3982 ψυχικόν,
591 3901 730 3985 έχείρεται
744 3907 831 3984 σῶμα
845 3897 1062 3983 πνευματικόν,
1084 3897 1170 3988 πόσῳ
1186 3924 1217 3986 γε
1231 3905 1341 3982 μᾶλλον
1354 3905 1412 3966 τοῦ
1430 3923 1478 3982 με

320 4009 462 4088 νογενοῦς
478 4004 548 4068 υίοῦ
566 4008 620 4067 τοῦ
633 4009 727 4081 θεούς
756 4000 803 4068 διδ
820 4001 1023 4088 πεπλήρωται,
1057 4003 1104 4068 Ού
1121 4002 1226 4080 δύσεις
1240 4000 1294 4068 τόν
1315 4000 1404 4068 δσιύν
1425 4023 1479 4066 σοι

321 4105 395 4169 ίδεῖν
410 4102 599 4191 διαφθοράν,
631 4102 701 4171 ούδέ
719 4102 814 4181 ἐάσεις
831 4102 886 4187 τὴν
906 4103 1007 4190 ψυχήν
1025 4129 1083 4188 μου
1098 4107 1141 4181 είς
1157 4103 1242 4194 ᾅδην.
1282 4102 1371 4170 Ἀλλά
1387 4099 1478 4170 ταῦτά

321 4231 370 4288 μοι
392 4205 490 4273 πάντα
514 4209 582 4293 περί
606 4215 659 4291 τῆς
678 4211 787 4284 τελείας
807 4208 902 4274 αύτοῦ
926 4205 1183 4294 ἐνανθρωπήσεως
1201 4210 1332 4294 εἴρηται,
1363 4203 1477 4289 ίναμιὶ

354 4340 379 4396 4.
397 4342 509 4400 έπενίκιοι
529 4347 677 4398 desideratur
688 4349 714 4399 λιι
729 4349 784 4402 edi&
799 4349 881 4400 Ριλσν.
916 4363 975 4416 γειν.

322 4413 401 4464 culm
418 4420 488 4478 τεριλ.
839 4489 844 4500 Ι
946 4417 971 4468 2
988 4433 1022 4502 τη
1042 4415 1118 4499 ραρκλ
1133 4415 1168 4484 τῇ
1185 4412 1248 4485 άγίμ
1264 4415 1317 4466 σεδ.
1334 4417 1433 4498 mig.
1451 4481 1464 4492 ⁸

355 4481 379 4532 5.
397 4479 541 4548 δωροφορία
563 4486 695 4547 ιυερλοολυι
711 4489 744 4535 ιιι
761 4486 880 4537 Petamus.
947 4485 972 4536 3.
996 4503 1072 4553 ημωι
1095 4486 1163 4537 codd„
1186 4499 1240 4535 σιιι.
1265 4488 1368 4547 υλττηιιε.
1408 4499 1477 4548 υμοιν

356 4547 416 4600 θαι.
432 4548 521 4601 XXX.
540 4579 572 4590 -
609 4555 631 4604 1.
649 4554 762 4616 Suspicor
777 4569 825 4607 που
842 4553 881 4606 λέ·
915 4555 978 4604 editt
