3072 5002
286 271 563 326 santumnium.
580 269 697 324 roms.
714 271 948 325 ussanxxm.
1135 257 1196 326 tib

50 413 116 456 muse
139 387 286 476 Soriptum
305 411 324 453 a
340 391 426 456 vobis
442 401 489 456 est
506 389 630 456 similem
647 411 715 456 esse
731 393 883 457 voluntate
900 392 1008 472 lilium,
1032 391 1198 460 substantia

50 494 225 574 dissimilem
258 493 334 558 unde
350 494 420 559 illud
436 504 541 560 eontra
562 493 752 580 seripsimus,
787 515 846 558 nou
864 495 928 559 solu
944 495 1114 578 voluntate,
1146 495 1200 561 sed

49 609 75 661 et
88 597 247 662 substantie
263 595 388 660 similem
405 617 485 660 esse.
530 593 678 679 Quoniam
701 597 792 682 igitur
815 597 900 684 primi
918 596 1100 662 substantiae
1117 611 1199 663 meu·¹

49 700 145 764 tionem
164 699 293 777 lesistis,
317 719 383 762 enm
398 697 568 764 dissimilem
586 719 654 764 esse
669 699 834 765 substantia
847 698 1004 780 dixeritis,
1029 711 1117 786 atque
1133 703 1200 766 ideo

48 803 219 867 substantiae
234 822 341 866 nomen
359 821 375 864 e
394 802 491 866 medio
507 801 612 866 tollere
633 803 795 882 studeatis,
828 824 887 888 quo
909 803 972 866 sole
992 802 1143 868 volnotste
1161 803 1202 868 si·

49 906 136 970 milen
162 925 231 972 esse
253 905 418 969 defendatis
442 903 550 984 blinm,
584 903 610 968 si
625 924 666 969 ex
681 905 771 969 animi
791 905 884 970 vestri
907 905 1055 970 sententie
1075 905 1200 972 similem

47 1009 73 1072 in
87 1008 220 1074 omnibus
234 1029 303 1072 esse
320 1007 393 1092 petri
412 1007 501 1072 lilium
524 1007 678 1087 statuatis,
710 1008 845 1072 damnete
868 1007 935 1072 illos
953 1007 1139 1073 anathemate
1152 1008 1202 1094 qui

46 1112 236 1178 similitudinis
252 1110 420 1175 discrimine
436 1119 618 1196 egenosnunt,
650 1119 738 1194 atque
753 1109 793 1173 ita
806 1110 977 1174 soribitotes
1009 1107 1043 1176 si
1059 1111 1125 1196 qnis
1143 1131 1202 1176 non

46 1213 71 1277 io
88 1215 222 1279 omnibus
247 1213 371 1278 similem
396 1233 464 1278 esse
489 1212 565 1298 pstri
588 1212 676 1276 tilium
701 1211 827 1291 dixerit,
862 1213 1104 1298 quemadmodum
1127 1211 1204 1300 patri

46 1317 142 1381 similis
159 1329 208 1382 est
223 1317 317 1395 lilius,
348 1316 401 1382 sed
425 1315 577 1380 voluntate
597 1313 738 1395 similem,
769 1315 933 1380 substantie
948 1315 1117 1380 dissimilem
1136 1335 1204 1380 esse
1328 1397 1330 1402 Ι

47 1419 166 1500 dixerit,
200 1419 357 1484 anathemo
377 1418 429 1482 sit.
473 1414 635 1481 Praetores
651 1416 677 1481 si
693 1417 876 1483 substantiae
895 1439 1002 1483 nomen
1027 1437 1205 1482 eommemo·

46 1543 105 1586 rare
122 1523 236 1601 velint,
269 1543 305 1586 so
327 1521 389 1586 suis
407 1520 537 1606 ipsorum
560 1519 825 1604 subscriptionibus
848 1521 1013 1606 reingeri,
1046 1522 1122 1586 laete
1141 1519 1206 1585 obi-

47 1647 96 1710 que
113 1624 303 1690 substentiee
327 1624 478 1688 mentione
500 1621 539 1687 iis
555 1643 630 1708 qnae
647 1632 746 1708 patres
764 1624 889 1709 professi
906 1635 976 1688 sunt
991 1623 1204 1701 assentiantur,

47 1751 98 1792 non
122 1728 279 1793 voluntate
301 1728 407 1806 modo,
440 1727 493 1790 sed
514 1737 545 1790 et
560 1726 637 1810 qnod
656 1726 692 1789 sd
710 1745 779 1790 esse
796 1725 892 1812 ipsum
908 1727 1030 1805 attinet,
1061 1747 1096 1790 ee
1111 1725 1207 1790 subsi-

47 1832 198 1910 stentiam,
229 1841 260 1894 et
280 1828 492 1908 existentiam,
525 1839 614 1914 atque
632 1829 663 1892 in
682 1828 818 1893 omnibns
840 1829 965 1914 deniqne
987 1827 1112 1894 similem
1137 1848 1206 1893 esse

46 1937 112 2019 patri
127 1935 220 1998 lilium
236 1943 388 2013 asserant,
412 1931 653 2018 quemadmodum
670 1930 775 1996 similis
790 1944 837 1997 est
852 1933 927 2018 petri
946 1931 1039 2012 lilios,
1064 1931 1106 1996 nti
1121 1949 1208 1996 saera

46 2037 142 2102 literae
165 2045 327 2101 testentur.
695 2079 701 2094 ,

123 2137 270 2205 Ceterum
294 2137 462 2223 propositae
479 2135 520 2202 illi
543 2135 610 2200 lidei
626 2136 826 2217 eooiessioni,
856 2157 913 2221 qna
931 2137 1007 2201 blins
1023 2136 1054 2200 in
1071 2133 1207 2202 omnibns

47 2243 114 2326 patri
138 2240 247 2307 similis
271 2261 338 2305 esse
363 2240 517 2320 definitur,
548 2239 589 2302 its
612 2239 862 2325 subscripserunt.
908 2235 1030 2304 lllsreus
1052 2240 1208 2326 episeopus

48 2345 227 2410 Amtbusise
244 2343 285 2407 ita
300 2344 390 2407 eredo
407 2353 438 2407 ot
453 2341 551 2408 sentio
568 2353 598 2406 ot
617 2361 706 2428 supro
722 2341 862 2428 seriptum
881 2353 939 2408 est.
985 2339 1099 2406 Eodem
1122 2337 1208 2404 modo

46 2448 137 2532 etqui
155 2447 281 2511 ederent
306 2445 556 2532 subscripserunt.
602 2445 645 2508 At
660 2441 773 2508 Valens
788 2443 866 2510 bane
884 2445 914 2509 in
930 2445 1065 2510 modum:
1097 2441 1210 2527 Quem·

46 2550 199 2614 admodum
223 2567 259 2614 ea
280 2558 369 2612 noete
393 2567 479 2634 quam
505 2549 568 2612 dies
592 2543 786 2612 Pentecostes
809 2559 911 2612 seouta
931 2558 995 2626 est,
1026 2545 1210 2633 superiorem

48 2650 118 2716 bane
133 2649 384 2737 subscriptionem
402 2651 598 2728 ediderimus,
632 2659 741 2714 norunt
765 2649 891 2734 quitum
916 2659 1089 2737 praesentes
1111 2658 1209 2727 ernnt,

48 2775 80 2818 ae
93 2757 160 2841 pins
176 2753 312 2840 inprimis
327 2753 504 2839 imperator,
536 2753 611 2839 apud
627 2773 713 2837 quem
731 2764 761 2816 et
773 2752 839 2817 sine
851 2752 961 2838 seripto
975 2773 1040 2817 sum
1054 2760 1085 2815 et
1100 2749 1211 2837 seripto

47 2867 243 2924 eonteststos.
287 2854 360 2921 Post
382 2855 455 2920 bsee
469 2877 535 2920 oum
555 2853 667 2921 Vslens
684 2875 739 2920 sno
759 2875 841 2919 more
854 2853 1095 2940 subscripsisset,
1128 2863 1159 2916 et
1175 2851 1212 2915 sd

48 2959 293 3046 subscriptionem
309 2959 487 3039 addidisset,
518 2957 643 3023 similem
662 2977 731 3022 esse
753 2956 830 3043 patri
846 2957 957 3036 lilium,
991 2953 1211 3042 praetermissis

49 3059 89 3126 bis
107 3061 254 3141 roeibas,
286 3067 321 3124 ln
338 3063 482 3137 omnebus,
516 3080 642 3146 eumque
657 3081 694 3125 ea
712 3079 745 3126 re
763 3060 961 3139 deelarasset,
997 3079 1082 3144 quem
1097 3059 1127 3122 iu
1142 3079 1212 3122 sen·

49 3183 108 3228 snm
123 3187 163 3230 es
180 3185 257 3250 qnae
274 3163 384 3250 seripts
401 3165 518 3229 luerent
533 3161 743 3249 approbasset,
776 3183 811 3226 ae
826 3162 1068 3248 quemadmodum
1086 3159 1214 3226 eonsnb·
1279 3169 1282 3184 '

48 3267 195 3332 stantialis
214 3287 319 3332 sonem
338 3265 533 3351 intelligeret,
568 3264 632 3350 pins
651 3264 706 3330 boe
725 3266 887 3351 imperator
903 3263 1091 3344 observavit,
1122 3277 1155 3328 et
1168 3273 1213 3344 ut,

49 3373 79 3432 ts
95 3372 246 3445 meus,
279 3369 423 3434 adiiceret
445 3369 561 3453 eoepit,
595 3367 682 3452 idque
708 3377 740 3434 ut
762 3367 859 3433 iussus
882 3377 948 3432 erat
969 3367 1127 3452 praestitit.
1172 3366 1217 3429 At

48 3469 180 3538 Basilius
199 3472 367 3559 suspicatus
391 3491 481 3538 voees
506 3471 591 3550 illes,
623 3475 658 3532 Is
682 3473 824 3545 omnebus,
856 3489 897 3534 ex
920 3469 1037 3556 propria
1059 3479 1158 3533 mente
1180 3489 1216 3532 ao

49 3595 137 3642 senen
153 3576 193 3640 sd
213 3574 368 3639 lermulem
386 3575 537 3654 adieetes,
571 3593 637 3638 enm
654 3572 820 3659 exemplum
838 3571 1034 3658 professionis
1053 3571 1133 3636 illins
1155 3567 1215 3635 Vs-

48 3677 109 3743 leos
126 3699 197 3744 enm
217 3678 282 3742 anis
298 3675 407 3744 babere
425 3679 531 3758 vellet,
564 3677 641 3761 qnod
665 3695 765 3742 seeum
782 3675 818 3738 ad
834 3673 1055 3739 Ariminensem
1070 3673 1217 3761 synodum
1323 3707 1325 3714 ·

50 3779 201 3860 delesset,
237 3779 292 3844 bon
309 3779 604 3865 modosubsoripsite
637 3776 766 3844 anilins
781 3776 937 3864 episeopus
957 3779 1098 3864 Ancyrae
1114 3775 1217 3854 eredo,

51 3894 79 3946 et
92 3882 249 3950 assentior
267 3881 305 3948 iis
328 3903 405 3968 quae
427 3903 517 3970 snpra
535 3880 643 3968 seripts
661 3891 746 3960 sunt,
780 3878 908 3946 similem
925 3881 956 3945 in
975 3879 1110 3945 omnibus
1128 3877 1219 3942 eoni-

52 3993 116 4051 tens
134 3986 231 4073 patris
253 4005 322 4050 esse
340 3985 441 4051 lilium.
486 3990 521 4048 ln
541 3985 668 4046 omuibus
685 4003 759 4048 vero
781 4005 847 4048 enm
871 3984 956 4064 dieo,
990 4002 1049 4048 nnn
1068 3981 1220 4045 voluntate

50 4088 145 4154 solnm
161 4087 317 4172 intelligo,
351 4089 403 4153 sed
422 4101 452 4154 et
467 4086 659 4153 subsistentia
675 4097 705 4150 et
723 4085 903 4166 existentia,
933 4086 1065 4169 adeoque
1089 4080 1220 4149 essentia

51 4187 135 4275 ipss,
159 4200 263 4278 utpote
281 4189 390 4270 lilium,
414 4191 490 4277 qnod
507 4207 612 4256 saerae
631 4188 736 4254 literae
752 4189 945 4268 oonlirmnnt,
976 4185 1109 4272 spiritum
1127 4203 1144 4248 e
1161 4181 1221 4269 spi·

50 4291 130 4374 ritu,
155 4293 246 4358 vitam
266 4291 378 4372 evils,
402 4293 498 4358 lumen
515 4313 532 4358 e
550 4291 671 4373 lumine,
696 4292 781 4356 deum
800 4311 841 4356 ex
857 4291 932 4370 deo,
957 4309 1059 4352 verum
1078 4285 1168 4352 lilium
1182 4306 1222 4350 ex

84 4427 110 4482 8.
130 4429 286 4482 sedendum
308 4435 366 4494 puto
384 4423 420 4490 eie
437 4425 470 4484 τὰ
486 4429 531 4484 los
552 4427 620 4496 ime,
653 4433 696 4482 bus
711 4431 870 4492 emeioeots'u,
886 4437 1033 4490 quemquem
1048 4438 1101 4476 eom
1116 4424 1225 4475 uocatus

52 4503 72 4548 et
95 4501 236 4560 bdmpretor
259 4493 292 4552 τὰ
314 4499 359 4551 loe
383 4501 522 4562 opoqrnpbn
549 4501 620 4564 fidem
653 4499 847 4562 significationem
859 4511 904 4560 quo
916 4497 1012 4560 probem
1024 4497 1066 4546 sut
1076 4495 1225 4559 protentum

53 4567 181 4616 ememtes·
194 4569 333 4632 amantis,
349 4579 449 4630 eumque
462 4581 489 4618 so
503 4569 527 4618 tn
543 4571 618 4620 omm-
652 4564 733 4617 babeo.

106 4639 347 4706 mmmmm
365 4647 428 4696 ns
998 4653 1017 4717 8
