3042 5016
317 337 455 390 ennean
472 338 536 392 ure.
551 337 595 390 ιιι.
612 335 694 391 rora.
708 339 728 388 1.
744 335 846 388 naun.
860 333 980 388 ιιιιιιι.
1164 317 1224 385 281

63 467 144 522 suot.
191 455 261 522 Nou
279 457 356 522 enim
375 459 404 521 io
421 457 603 544 syllogismis
622 457 843 541 argumentisve
861 474 984 539 regnum
1001 453 1131 518 eoeleste
1148 453 1226 539 posi·

64 572 124 624 tum
143 571 206 642 est,
239 581 333 646 neque
355 561 386 624 in
412 561 563 646 arroganti
585 561 744 644 inflatoqne
767 579 923 635 sermone,
957 561 1008 619 sed
1023 562 1052 619 io
1072 561 1177 620 vorare
1190 563 1378 621 aetem-tm·

63 669 194 728 aen'tete.
240 663 307 729 Nos
333 674 430 727 sutem
450 664 523 727 satis
542 683 688 748 superque
711 661 853 725 haetenus
875 672 953 725 tuam
979 659 1057 724 illam
1074 660 1110 723 de
1127 659 1226 745 prive-

63 767 144 830 tione
164 767 350 832 alleetidnum
368 787 402 830 ae
423 766 599 850 positionum
616 765 840 851 disputationem
858 761 1040 840 audirimus,
1065 772 1124 826 tum
1141 763 1225 846 geni·
1321 801 1324 809 ·

63 879 122 932 tam
139 869 218 932 illam
233 870 452 954 ingenitamque
472 869 666 934 substantiam
689 869 903 932 adseiseeotem
925 867 998 943 sibi,
1030 865 1078 930 vel
1095 885 1152 928 ooo
1176 866 1226 928 ad·

62 971 240 1036 soiseeotem
258 972 385 1057 aliquid,
410 983 441 1036 et
456 993 513 1035 ona
528 993 593 1034 eum
609 971 767 1036 effectione
786 968 870 1033 huius
887 990 1002 1054 quoqne
1019 969 1161 1033 ioutursm
1176 987 1226 1053 ps-

63 1073 206 1152 tientem,
231 1095 286 1137 neo
306 1095 366 1138 non
382 1085 413 1138 et
430 1075 466 1138 de
484 1072 646 1137 substantia
664 1073 764 1156 genita
784 1071 872 1136 simol
895 1073 1039 1156 implicata
1058 1081 1088 1134 et
1103 1069 1226 1156 ingeniti

61 1176 241 1254 adeotiooe,
274 1187 333 1241 tom
355 1179 392 1240 de
408 1176 511 1240 sobole
535 1179 652 1260 garnita,
685 1195 761 1259 quae
777 1195 831 1260 per
848 1175 991 1259 quendam
1010 1174 1101 1238 veluti
1118 1174 1227 1237 transi-

64 1289 125 1342 tum
143 1299 286 1365 expressa
304 1279 549 1364 significationem
570 1277 758 1342 nihilominus
777 1279 976 1363 permanentis
995 1277 1161 1341 affectionis
1175 1276 1226 1341 lra-

62 1382 132 1458 bet,
157 1392 188 1444 et
205 1401 245 1446 ex
265 1391 368 1447 natura
388 1381 522 1467 quapiam
542 1379 800 1444 commutationem
822 1380 947 1458 iudicat,
979 1401 1044 1444 oum
1061 1378 1227 1464 genitaso-

62 1483 150 1548 boles
166 1485 340 1569 appellatur.
376 1481 457 1568 Ergo
475 1483 576 1548 iisdem
597 1482 738 1547 derebus
755 1483 858 1550 eadem
876 1483 995 1568 saepius
1012 1491 1064 1546 tuo
1081 1502 1121 1546 ex
1143 1481 1226 1566 iope·

63 1586 116 1649 nio
138 1589 297 1670 proponis,
322 1587 398 1672 quod
422 1586 522 1649 eadem
546 1585 695 1649 inculeare
718 1585 837 1670 saepius
859 1583 931 1649 uilril
956 1597 1086 1649 veretur.

150 1688 232 1753 Aetii
258 1687 354 1774 Caput
372 1686 465 1752 XXl.
514 1685 546 1753 Si
571 1699 630 1750 tem
652 1687 815 1772 ingenitum
841 1709 926 1772 quam
954 1687 1083 1771 genitum
1108 1687 1226 1752 allectio

62 1793 121 1869 sit,
147 1791 330 1855 substautias
345 1792 461 1877 quidem
477 1789 642 1855 adiectionis
660 1790 793 1875 priores,
818 1791 989 1855 affectiones
1006 1811 1095 1876 porro
1116 1789 1157 1854 uti
1175 1811 1227 1854 nn·

62 1906 130 1958 tura
148 1894 348 1979 posteriores,
372 1893 416 1958 sio
432 1894 535 1958 iisdem
552 1894 775 1979 anteponendas
789 1904 869 1958 sunt.
915 1891 1002 1976 Quod
1023 1893 1048 1958 si
1064 1893 1227 1978 ingenitum

61 1996 159 2082 geniti
177 2017 282 2060 oausse
301 2007 363 2077 est,
397 1997 484 2081 eique
509 1996 626 2060 oonlert
643 2006 674 2060 ut
691 1995 819 2073 existat,
854 1995 984 2078 genitum
1003 2017 1077 2059 vero
1092 2017 1226 2060 oanssam

61 2102 159 2185 ipsam
176 2098 359 2163 substantias
376 2121 431 2164 sua
447 2098 568 2162 notione
587 2098 786 2183 complectens
806 2097 999 2162 substantiam
1023 2098 1135 2182 ipsam,
1167 2116 1227 2162 noo

60 2202 251 2266 allectionem
268 2202 425 2287 exprimit,
451 2223 517 2265 oum
534 2201 664 2285 inge-nita
680 2211 784 2264 nature
801 2199 873 2264 nihil
889 2200 951 2285 ipsa
968 2220 1066 2263 seeum
1085 2200 1225 2280 melodas,

62 2325 165 2368 nonne
188 2305 351 2370 substantia
375 2305 471 2390 potius
495 2325 581 2388 quam
605 2303 722 2367 affectio
745 2303 886 2387 quaedam
910 2302 997 2366 debet
1018 2301 1135 2366 rideri?

151 2403 274 2472 Conlut.
294 2404 388 2472 xxi.
435 2404 460 2471 Ι.
486 2405 754 2470 destamentum
774 2428 839 2470 eum
859 2407 894 2468 de
908 2405 1006 2469 divina
1024 2417 1145 2486 natura,
1177 2427 1228 2492 pe-

61 2510 150 2574 rinde
167 2531 202 2574 ao
217 2512 254 2574 de
271 2509 463 2574 inferioribus
480 2512 536 2572 deo
555 2508 699 2594 disputat,
731 2509 836 2574 iterum
857 2529 947 2595 agere
967 2509 1092 2572 instituit
1108 2510 1226 2589 Alition,

60 2625 93 2677 ut
114 2611 354 2676 animadvertere
369 2614 506 2699 potestis,
531 2611 665 2676 veritatis
679 2612 803 2676 studiosi
820 2633 934 2676 omnes.
968 2609 1000 2675 lo
1016 2633 1073 2698 quo
1087 2613 1229 2678 nonnulla

61 2717 164 2801 priora
188 2715 273 2792 lseit,
307 2715 362 2779 alio
380 2715 556 2802 posteriora.
607 2715 697 2800 Atqui
715 2715 814 2800 priore
831 2716 888 2780 olla
907 2715 937 2780 io
954 2715 1029 2794 deo,
1062 2713 1110 2778 vel
1131 2727 1229 2801 poste·

60 2821 144 2882 rioru
161 2816 360 2899 constituere,
394 2838 430 2881 ne
447 2837 584 2882 sermone
610 2817 725 2900 quidem
749 2817 829 2882 linet.
876 2817 993 2883 Etenim
1017 2818 1103 2882 simul
1121 2819 1149 2882 in
1172 2820 1228 2883 deo

60 2921 165 2984 insunt
180 2919 337 2997 universa,
362 2941 416 2983 nee
430 2921 631 2984 secessionem
647 2919 772 3005 aliquam
791 2920 949 2986 desiderat.
995 2917 1145 3002 Quocirca
1162 2943 1227 2986 oum

60 3022 194 3107 genitam
212 3022 343 3086 sobolem
365 3021 504 3100 dicimus,
530 3022 599 3085 nihil
618 3023 737 3085 omnino
752 3025 959 3109 temporarium
977 3025 1071 3108 pietas
1088 3024 1226 3090 admittit.

59 3124 142 3189 Nam
169 3123 200 3188 in
223 3123 409 3188 sanctissima
437 3125 587 3202 trinitate,
622 3125 677 3187 hoo
700 3137 748 3188 est
768 3128 823 3188 deo
851 3137 949 3210 patre,
984 3126 1044 3190 lilio
1068 3139 1098 3191 et
1124 3128 1228 3214 spiritu

60 3238 187 3307 saneto,
220 3225 269 3311 qoi
293 3238 338 3290 est
354 3229 427 3290 deus
444 3228 598 3305 existens,
629 3237 714 3312 pater
732 3229 867 3292 existens
882 3239 1023 3308 voantur,
1048 3251 1103 3294 nee
1123 3251 1180 3294 non
1198 3239 1228 3293 et

60 3331 202 3394 existens
220 3330 295 3392 lilius
318 3350 382 3392 eum
401 3329 551 3392 existente
567 3341 772 3413 comparatus,
797 3330 833 3392 ab
849 3351 944 3414 eoque
959 3330 1032 3394 eitra
1051 3331 1162 3396 initium
1184 3333 1227 3395 ol·

60 3435 122 3496 lum
138 3442 312 3515 tempusque
325 3431 460 3514 genitusq
485 3443 517 3494 ut
534 3453 574 3495 ex
592 3433 628 3496 iis
639 3431 802 3516 scripturae
819 3433 892 3496 loris
909 3433 1116 3519 intelligimusr
1140 3440 1230 3516 Apud
1258 3445 1346 3552 lm

59 3549 87 3597 te
100 3536 230 3617 estfons
248 3538 338 3596 or'tuer
368 3533 457 3613 item,
481 3539 516 3596 lo
539 3537 644 3598 leonine
661 3547 709 3597 tuo
731 3537 884 3598 oridedr'nrus
900 3541 1011 3600 lumen.-
1043 3546 1088 3615 el,
1114 3541 1173 3616 Oui
1184 3549 1230 3600 est

59 3645 89 3700 r'n
109 3645 179 3700 arno
190 3640 305 3718 putris.-
337 3637 423 3712 item,
449 3641 484 3699 In
498 3642 641 3718 prmes‘pne
657 3651 722 3700 erut
737 3642 866 3715 verdum,
899 3652 929 3702 et
945 3643 1058 3703 uerbum
1071 3651 1137 3703 erut
1151 3645 1381 3720 spontaneae

59 3745 161 3817 deum,
194 3743 307 3801 erdem
329 3742 534 3802 eretoerdum.
582 3737 727 3804 Similiter
751 3749 778 3805 el
799 3743 957 3829 despititu
980 3752 1101 3806 saneto:
1134 3746 1369 3826 Sparianum

59 3855 106 3904 ros
123 3865 204 3904 meus
227 3846 404 3904 consistitis
420 3847 509 3904 medio
530 3849 627 3906 uestri.
676 3841 768 3908 Vides
793 3867 878 3930 quani
905 3845 975 3910 nihil
993 3847 1021 3907 in
1040 3843 1171 3908 trinitate
1189 3846 1229 3910 sit

59 3946 191 4008 reeens?
233 3943 317 4010 Unde
337 3965 391 4009 neo
409 3944 572 4010 substantia
590 3947 793 4022 allectionem,
827 3969 882 4011 neo
899 3947 1091 4012 substantium
1108 3959 1226 4014 anteue-

59 4048 103 4109 dit
119 4046 251 4110 affectio.
298 4043 440 4111 Ceterum
459 4048 646 4112 effectionem
663 4071 728 4112 oum
747 4050 890 4130 dicimus,
925 4071 982 4114 non
1002 4051 1097 4113 duxes
1114 4050 1178 4114 illas
1197 4063 1225 4115 et

60 4151 192 4213 oarluoas
208 4148 415 4236 intelligimus,
449 4172 523 4235 qnae
547 4153 577 4216 io
595 4173 767 4238 unaquaque
786 4174 886 4216 earum
907 4173 1003 4216 rerum
1024 4173 1099 4237 quae
1116 4153 1226 4219 adveu-

60 4251 136 4316 titiis
162 4252 251 4314 rebus
270 4254 531 4316 afficiunturvires
548 4277 666 4318 suasae
685 4257 863 4318 mutationes
881 4265 1037 4334 exerceat,
1069 4265 1226 4342 oleumque

58 4376 116 4418 nos
136 4375 154 4417 a
171 4364 200 4416 te
216 4354 310 4419 ooaoti
327 4355 493 4418 allectionis
516 4357 689 4422 vocabulum
709 4359 743 4422 ad
763 4357 862 4422 divina
881 4358 1096 4424 transierimus.
1143 4359 1226 4425 Nilril

57 4468 108 4520 est
129 4457 220 4540 igitur
238 4458 267 4520 in
285 4458 340 4520 deo
357 4458 403 4520 vel
419 4460 618 4538 antecellens,
652 4460 814 4525 velustate
833 4460 996 4549 posterius,
1028 4463 1081 4529 sed
1102 4465 1226 4532 eadunt·
1327 4463 1333 4476 '

94 4595 118 4645 d.
137 4591 257 4656 τύιυιὰς
273 4597 339 4648 ame
357 4609 413 4648 mss.
431 4601 453 4649 st
470 4599 507 4648 ed
522 4601 598 4661 prtno.
