3042 5016
314 229 450 282 rcunnn
467 229 529 280 euin
544 231 588 282 ιιι.
605 229 688 282 root.
702 231 720 280 r.
738 229 838 282 naen.
851 228 972 280 cxxvi.
1159 216 1222 281 ate

60 349 164 437 primis
180 347 332 434 indiguum
351 349 406 412 deo
422 359 488 430 est,
519 359 551 412 ut
568 349 633 412 sinc
653 348 712 411 lilio
735 348 870 414 extiterit
887 348 1061 433 aliquando,
1093 359 1153 414 tum
1172 371 1236 437 po-,

60 464 126 518 stca
151 461 218 538 post
237 450 288 516 lilii
306 461 444 516 exortum
466 462 550 537 peter
574 451 713 537 appellari
738 451 881 537 coeperit.
928 447 1074 515 Similiter
1095 462 1125 514 ει
1148 450 1224 515 indi·

57 576 149 640 gnnm
166 555 225 618 lilio
242 562 306 631 est,
331 551 373 616 uti
389 564 502 636 tempus
520 553 612 638 ipsius
633 554 777 638 originem
798 555 1011 634 antecesserit,
1035 575 1221 638 consequens

58 659 140 722 euim
169 669 216 722 cst
241 666 354 741 tempus
380 656 535 720 maiestate
560 657 639 720 illius
662 677 729 720 εεεε
754 655 860 720 maius.
907 655 946 719 Et
968 677 1040 719 vero
1060 657 1133 740 putri
1151 678 1223 721 cou-

56 781 170 846 gruens
186 769 232 823 εει
251 758 326 824 utin
344 757 476 821 eiusdem
492 757 698 822 communione
714 759 863 844 dignitatis
878 759 1047 844 participem
1065 781 1129 824 eum
1145 781 1223 824 sem·

56 883 112 949 per
128 861 263 926 babuerit
281 859 330 945 qui
348 860 485 925 desinere
500 883 646 944 nunquam
664 871 761 945 potest
778 871 881 945 estque
896 861 1102 946 sempiternus.
1134 860 1222 946 Quod

57 987 132 1030 vero
162 965 217 1029 deo
243 963 314 1028 nibil
335 963 415 1048 prius
442 962 577 1026 extiterit
598 963 870 1027 manilestissimum
896 975 953 1028 εει.
1006 963 1146 1043 Αιεείω,
1180 965 1222 1030 ait

55 1065 187 1147 Atilius,
219 1068 291 1130 deus
309 1075 340 1130 et
355 1066 518 1150 ingenitum
537 1067 612 1130 idem
632 1065 752 1130 omuino
771 1064 950 1149 significant.
998 1063 1109 1129 Verum
1135 1086 1220 1150 quam

54 1181 160 1256 aperte
176 1167 365 1254 semetipsum
394 1167 546 1252 implicans
569 1178 688 1232 accusat
705 1169 801 1254 potius
820 1189 904 1252 quam
924 1168 1028 1254 dogma
1049 1189 1133 1232 suum
1152 1189 1222 1232 con·

55 1272 166 1336 firmet.
213 1269 291 1336 Nam
308 1271 334 1334 si
354 1293 419 1336 oum
439 1270 494 1334 deo
510 1270 583 1334 deus
603 1281 666 1350 cst,
691 1282 723 1334 ut
739 1281 786 1334 est
799 1291 924 1349 revere,
950 1270 1038 1333 etiam
1058 1269 1220 1354 ingenitum
1317 1271 1321 1277 ’

52 1376 188 1459 genitum
204 1374 293 1439 fitium
315 1374 458 1452 admittit,
488 1373 536 1458 qui
555 1372 600 1436 dei
623 1373 796 1438 vocabulum
825 1394 883 1437 una
903 1373 1123 1458 complectitur,
1155 1393 1219 1436 cum
1326 1388 1331 1394 ·

54 1487 140 1562 patre
168 1497 241 1540 vero
267 1475 354 1540 simul
374 1474 537 1562 appellatur
561 1486 591 1539 et
610 1476 816 1561 coniungitur,
851 1487 973 1540 exortus
993 1476 1101 1554 adeo,
1132 1487 1162 1539 et
1177 1475 1222 1538 in·

54 1589 196 1657 erectus,
221 1589 251 1643 ει
266 1579 427 1644 honoratus
446 1599 512 1642 cum
530 1589 612 1663 patre
631 1578 720 1658 deus,
745 1577 879 1663 idemque
895 1579 1035 1657 verbum,
1060 1579 1116 1640 etsi
1135 1577 1221 1641 aliter

53 1682 148 1746 Aetio
175 1683 329 1759 videatur,
362 1703 427 1744 cum
454 1691 572 1744 creatae
597 1701 646 1744 res
670 1701 774 1744 omues
798 1679 886 1744 lilium
911 1682 1054 1758 adorent,
1087 1693 1117 1742 et
1131 1685 1221 1744 omnes

56 1787 160 1865 leiegue
174 1787 346 1865 confiteatur
353 1829 362 1858 ,
387 1788 517 1865 quenulam
531 1787 612 1846 Iesus
627 1787 758 1846 ctretm
773 1788 802 1846 t'n
814 1786 912 1863 glortir
925 1795 969 1846 est
983 1787 1032 1845 dec'
1040 1788 1147 1864 putrui,
1172 1784 1219 1848 ctti

52 1887 150 1970 gloria
179 1887 254 1972 patri
281 1887 310 1950 in
334 1885 410 1968 lilio,
445 1907 509 1950 cum
533 1884 638 1972 spiritu
666 1896 786 1963 sancto,
820 1885 991 1950 insaecula
1018 1886 1218 1965 sacculorum,

53 1991 167 2054 Amen.

338 2193 429 2246 ABTll
448 2193 640 2244 snLUTATto
660 2191 697 2243 ΙΝ
715 2191 793 2242 FlNll
811 2193 935 2244 POSle.

139 2291 214 2360 Post
231 2295 302 2360 haec
327 2295 534 2360 salutationem
558 2294 691 2360 subtexit
713 2293 758 2358 bis
777 2295 893 2360 verbisc
931 2293 1013 2360 [leus
1036 2295 1103 2375 ille,
1136 2297 1219 2382 quic

52 2398 134 2462 nullo
158 2398 217 2462 alio
241 2399 358 2483 genitus
378 2409 440 2476 est,
473 2399 578 2482 quique
605 2398 686 2464 solus
708 2417 798 2462 verus
826 2400 897 2462 deus
926 2399 962 2464 ub
986 2393 1055 2464 lesu
1082 2395 1216 2480 Christo,

51 2511 141 2585 quem
158 2501 209 2566 ille
226 2501 363 2579 miserat,
387 2500 550 2586 appellatus
571 2510 628 2579 est,
652 2495 774 2565 Cbristo
789 2499 925 2585 inquam,
951 2501 997 2586 qui
1020 2523 1125 2568 reuera
1146 2514 1216 2567 ente

53 2603 178 2668 saecula
204 2603 301 2667 omnia
327 2601 442 2684 extitit,
475 2614 577 2688 estque
601 2603 665 2666 sine
689 2602 776 2667 dubio
794 2605 893 2687 genita
913 2603 1094 2685 substantia,
1127 2625 1218 2669 sanos

53 2726 127 2784 vos,
161 2716 314 2782 etseras,
346 2715 376 2768 et
395 2705 557 2770 incolumes
576 2705 612 2769 ab
629 2703 780 2792 impietate
798 2706 961 2786 custodiet,
991 2711 1021 2770 in
1039 2710 1229 2770 christodo-

52 2813 128 2870 mmo
149 2819 265 2882 nostro,
290 2829 444 2894 perquem
462 2809 557 2872 omnis
572 2807 666 2896 gloria
689 2809 783 2896 patui,
807 2819 838 2874 ει
859 2829 955 2890 nuuc,
979 2819 1010 2873 ει
1031 2829 1166 2897 semper,
1190 2820 1222 2876 ct

51 2909 81 2972 iu
102 2911 229 2976 saecula
250 2912 452 2991 saeculorum,
475 2912 585 2976 Amen.

140 3009 326 3078 Confutatio.
373 3010 436 3078 Sub
454 3013 587 3098 opusculi
604 3014 691 3079 linem
715 3013 750 3078 ed
769 3013 886 3078 sodales
907 3033 979 3078 suos
996 3013 1131 3078 scribens
1155 3015 1219 3080 A'c'·

51 3115 128 3195 tius,
164 3118 241 3201 quod
259 3117 384 3183 athletas
403 3127 433 3179 ει
450 3111 603 3181 atbletr'ias
626 3116 775 3196 nominat,
806 3137 844 3180 ue
859 3127 918 3179 tum
937 3115 1053 3199 quidem
1071 3116 1107 3182 ab
1123 3117 1219 3203 impiis

51 3219 180 3284 vocibus
204 3219 362 3298 abstinuit,
396 3218 495 3283 sedin
515 3218 708 3282 valedicendo
732 3240 846 3304 quoque
873 3216 1034 3284 abborrere
1051 3240 1084 3284 se
1104 3219 1140 3283 ab
1156 3221 1218 3284 sin-

50 3343 121 3386 eere
147 3322 282 3386 doctrina
302 3320 488 3386 monstravit.
535 3317 587 3386 Sic
607 3321 684 3384 enim
701 3320 847 3405 loquiture
880 3323 974 3383 Sonos
988 3344 1037 3384 uos
1053 3326 1220 3385 claudentes

49 3431 102 3508 que¹
115 3436 163 3488 est
176 3447 195 3487 e
209 3447 240 3488 se
251 3431 368 3506 gerulas
383 3429 452 3487 deus
468 3427 625 3486 custodem:
659 3442 714 3487 uec
728 3421 798 3486 illud
814 3423 1038 3505 animadvertit,
1074 3435 1164 3490 totam
1183 3425 1219 3488 il-

49 3527 107 3592 lam
125 3548 263 3613 sparsam
281 3549 299 3592 a
315 3548 349 3590 sc
367 3527 570 3612 quaestionem
591 3545 648 3590 uua
666 3545 742 3589 voce
761 3524 899 3605 dissolvi,
926 3547 991 3590 cum
1012 3529 1041 3592 iu
1057 3528 1218 3614 superiori-

49 3629 104 3694 bus
130 3629 277 3716 capitibus
294 3630 330 3694 de
354 3629 488 3714 ingenito
511 3629 567 3692 deo
583 3628 705 3714 loquens
722 3649 906 3713 nequaquem
924 3650 941 3692 a
958 3629 1057 3716 seipso
1077 3629 1139 3696 beri
1156 3641 1217 3693 stu-

49 3733 162 3812 tuerit,
195 3732 250 3796 boc
275 3754 348 3796 vero
372 3733 437 3796 luco
458 3732 590 3819 aseipso
614 3731 744 3817 genitum
773 3731 907 3796 affirmet.
954 3729 1114 3816 Quaelibet
1139 3732 1216 3796 enim

49 3833 181 3900 bominis
196 3855 280 3900 mens
296 3838 341 3900 sui
358 3835 450 3922 ipsius
466 3834 666 3916 obliviscitur,
691 3844 723 3898 ut
739 3834 770 3898 in
786 3853 890 3899 errore
910 3834 1088 3921 deprehendi
1110 3835 1214 3920 possit.

49 3937 145 4002 Attin
179 3947 353 4024 praeterea,
394 3941 452 4016 (lui
478 3948 509 3999 et
533 3941 612 3999 solues
639 3948 792 4018 propterea
827 3959 910 3999 verus
941 3941 1009 3999 deus
1040 3941 1210 4019 appelletur.

80 4074 107 4127 a
126 4073 210 4140 mpla)
227 4087 309 4136 cupra
650 4073 717 4125 tibus
733 4071 766 4123 de
778 4071 891 4138 ingenito
910 4071 959 4122 deo
1001 4071 1127 4124 Proeridit
1141 4073 1216 4126 etiem

81 4140 106 4194 d.
127 4142 184 4212 θεῷ
195 4131 248 4195 ’καὶ
264 4145 329 4194 obeat
344 4157 427 4206 supro.
651 4141 720 4210 qood
733 4157 815 4208 neque
828 4140 936 4208 seipsum
952 4109 1015 4192 feeit
1027 4149 1076 4194 ortt
1101 4145 1215 4196 inducen-

80 4211 104 4262 5.
124 4213 229 4274 emme,
245 4213 309 4273 quod
325 4212 427 4274 eccidit,
444 4208 488 4264 scal
505 4205 555 4265 a'el.
590 4213 616 4262 ι’.
650 4211 708 4260 dem
733 4212 806 4272 tpttur
829 4223 877 4259 esse
902 4213 996 4271 putauit
1017 4215 1162 4274 nepotianum
1184 4205 1214 4264 cd

47 4294 121 4342 cupre
137 4293 198 4343 pue.
212 4277 273 4331 930.
289 4284 310 4329 et
325 4280 391 4342 tetro
406 4277 533 4344 pepusa.
650 4283 704 4328 onte
721 4275 790 4328 beot.

80 4347 107 4400 6.
126 4349 211 4410 Supra
225 4361 283 4410 pop.
295 4343 353 4398 eet.
683 4347 707 4397 tt.
724 4338 796 4398 ἄνοια
812 4346 864 4396 cod.
875 4346 981 4410 lttedtp,
997 4348 1060 4412 qued
1072 4361 1154 4398 vemat
1168 4361 1216 4400 erse

81 4415 106 4468 7.
134 4417 218 4476 Supra
242 4429 296 4477 cup.
319 4415 355 4466 13.
399 4417 527 4466 Camarina
550 4419 617 4466 uertit
649 4415 747 4464 uidetur.

49 4502 103 4535 etan
125 4483 196 4534 enim
212 4482 303 4533 dixerit
320 4482 345 4532 iu
362 4483 531 4551 superioribus
546 4482 617 4551 capi—
