3066 5016
242 263 659 320 eanmrrnto.1n.rost.1r.
677 265 792 318 oxeos.
809 265 874 318 rin.
894 265 1037 319 carnos.
1156 254 1218 320 503

140 381 293 468 Diogenes
312 381 462 471 Cynicus,
486 383 663 471 Sinopensis
681 407 697 450 e
716 383 832 466 Ponto,
857 385 1029 450 Antistheni
1048 385 1218 472 diligentem

43 505 174 571 opernm
190 486 280 549 dedit.
326 484 441 552 Bonum
460 487 584 573 sapienti
602 487 719 552 cuilibet
734 508 802 552 essa
820 488 985 568 tolerabile,
1010 499 1109 554 cetera
1125 511 1218 575 nuga·

43 590 94 650 ria
123 600 153 651 at
176 589 274 653 inania
297 590 509 675 pronuntiavit.

139 687 248 757 Crates
277 692 392 758 Thebis
425 693 454 757 in
478 690 603 757 Bneotia
627 692 788 771 oriundus,
823 703 906 758 secta
929 689 1080 778 Cynicus,
1116 717 1216 762 rerum

43 794 183 858 omnium
206 795 334 880 inopiam
357 817 459 858 veram
482 815 550 862 esse
574 794 737 859 libertatem
761 795 927 860 affirmavit.

138 896 313 964 Arcesilaus
328 899 422 963 solum
442 899 527 961 deum
550 897 705 963 veritatem
732 897 870 982 assequi,
904 897 1053 964 hominum
1073 919 1146 964 vero
1165 923 1217 966 ne·

43 1000 161 1062 minem
184 1000 327 1064 decrevit.

139 1098 311 1167 Carneades
338 1102 495 1167 Arcesilan
517 1102 547 1166 in
571 1101 706 1167 omnibus
730 1121 871 1166 assensus
894 1111 952 1165 est.

138 1204 335 1286 Aristoteles,
358 1203 533 1270 Nicomachi
558 1205 653 1284 blius,
678 1217 710 1270 ut
732 1203 880 1268 nonnullis
898 1205 1011 1289 placet,
1034 1203 1215 1272 Macedone

45 1305 181 1392 Stagiris
201 1307 358 1386 oriundus,
384 1329 557 1392 quamquam
575 1308 624 1370 alii
640 1306 788 1370 Thracam
807 1305 899 1370 finisse
916 1307 1035 1388 malint,
1061 1311 1117 1373 duo
1134 1310 1215 1396 prin·

44 1409 126 1494 eipia
151 1409 322 1490 constituit,
354 1408 491 1473 deumne
510 1409 674 1472 materiam.
721 1405 807 1491 Quae
829 1429 918 1495 supra
937 1410 1139 1493 lunamsunt‚
1172 1414 1214 1477 di-

45 1511 118 1573 vina
134 1511 317 1596 providentia
335 1512 511 1597 gubernari,
536 1512 678 1576 interiora
696 1512 773 1575 nulla
790 1511 853 1596 regi
872 1510 1076 1596 providentia,
1099 1516 1151 1580 sed
1169 1528 1214 1582 te·

44 1634 132 1676 mere
150 1635 185 1678 ao
200 1614 264 1678 sine
285 1615 399 1678 ratione
418 1615 480 1678 lieri
505 1613 628 1700 putauit.
676 1611 750 1677 ltom
767 1613 841 1677 duos
860 1633 926 1678 esse
950 1616 1092 1696 mundos,
1125 1639 1213 1705 supe·

45 1715 160 1779 riorem
178 1728 208 1781 et
222 1717 370 1796 infimum
395 1718 474 1780 illum
492 1717 692 1802 incorruptum
711 1735 796 1794 esse,
821 1716 969 1802 eorrumpi
986 1719 1210 1786 vercellarum.

44 1811 207 1882 Postremo
232 1819 356 1884 ariimam
384 1818 560 1900 ἐνδελέχειαν
581 1839 667 1898 csse,
702 1817 757 1882 boe
779 1827 825 1882 est
851 1819 1022 1883 continuam
1051 1822 1211 1889 motionem

45 1943 80 1984 ac
104 1942 277 2007 perennem.
659 1987 660 1992 ,

133 2021 359 2110 Theophrastus
382 2023 506 2088 Eresius
529 2023 721 2088 Aristotelem
745 2023 866 2087 omnino
888 2035 1008 2088 secutus
1030 2035 1088 2089 est.

135 2123 238 2190 Strato
259 2125 481 2212 Lampsacenus
508 2147 642 2190 caussam
666 2125 793 2189 omnium
819 2146 918 2190 rerum
949 2125 1061 2192 calidae
1087 2138 1211 2195 naturae

47 2227 208 2308 tribuebat,
225 2229 354 2294 inlicitas
367 2249 436 2293 esse
448 2228 546 2292 muudi
563 2213 680 2313 partes3
705 2247 800 2313 neque
815 2227 921 2292 animal
936 2247 1004 2292 esse
1017 2249 1111 2315 capas
1124 2252 1211 2296 omne

47 2332 175 2397 dicebat.

132 2432 340 2521 Praxiphaces
363 2431 498 2496 Rhodius
521 2433 623 2496 eadem
646 2453 680 2495 ac
703 2429 927 2518 Theophrastus
949 2433 1117 2500 asserebat.

132 2533 285 2600 Critolaus
306 2532 457 2598 Phaselita
479 2535 673 2600 Aristotelem
697 2545 817 2600 secutus
839 2546 897 2598 est.

133 2637 219 2702 Zeno
237 2634 379 2702 Citiensis
399 2634 519 2703 Stoicus
535 2637 640 2722 templa
656 2637 711 2702 diis
731 2637 847 2702 exstrui
867 2636 995 2702 nolebat.
1034 2635 1150 2725 Quippe
1166 2639 1209 2704 di·

46 2739 147 2805 sinum
174 2762 282 2804 numen
306 2740 370 2804 sola
392 2751 491 2806 mente
514 2741 740 2818 continendum,
770 2739 836 2802 sive
859 2740 955 2823 potius
976 2738 1136 2806 hahendam
1155 2765 1208 2829 pro

47 2834 110 2906 ιιεε
121 2853 248 2908 mentem
267 2842 379 2928 ipsam3
411 2854 511 2929 utpote
529 2843 659 2928 quaesit
676 2841 860 2905 immortalis.
904 2839 1043 2908 Mortuus
1068 2845 1139 2910 ieris
1156 2846 1208 2909 oh-

47 2944 209 3025 iiciendos,
242 2958 293 3010 aut
319 2945 380 3031 igni
405 2946 649 3011 concremandos.
695 2941 810 3008 Pueros
829 2944 860 3008 in
878 2944 1027 3009 amoribus
1042 2966 1077 3009 ac
1093 2946 1207 3012 deliciis

48 3046 157 3110 habere
176 3048 374 3133 permittebat.
420 3046 499 3112 ldem
523 3047 670 3112 moderari
695 3068 729 3110 ae
748 3067 854 3130 regere
871 3047 969 3110 omnia
986 3048 1071 3112 deum
1090 3068 1208 3113 asserc-

47 3147 107 3212 bat.
165 3149 276 3214 Rerum
303 3171 426 3214 caussas
452 3150 554 3236 partim
583 3150 614 3213 in
644 3159 744 3212 nostra
768 3159 913 3234 potestate
936 3151 1067 3236 positas,
1101 3151 1207 3236 partim

49 3263 132 3316 entra
151 3273 205 3316 nos
220 3253 311 3331 sitas3
336 3253 391 3316 boe
415 3263 461 3316 est
478 3272 575 3315 rerum
593 3251 666 3316 alias
683 3250 756 3316 iuris
773 3271 841 3315 esse
862 3252 971 3328 nostri,
1006 3253 1078 3316 alias
1097 3273 1206 3338 nequa·

49 3375 131 3436 quam
155 3375 223 3420 ease
247 3354 415 3419 deliniebat.
463 3355 509 3416 Ad
535 3355 606 3417 haec
623 3354 749 3417 animam
771 3373 928 3438 acnrpore
953 3355 1087 3440 seiungi,
1119 3376 1205 3441 quam

50 3469 76 3518 et
91 3458 256 3522 diuturnum
273 3457 408 3544 spiritum
426 3457 607 3542 appellabat,
631 3457 683 3520 sed
699 3477 758 3520 non
774 3477 895 3541 prorsus
910 3457 1108 3544 incorruptam
1123 3479 1204 3540 esse,

49 3559 178 3644 adeoque
210 3561 348 3646 paulatim
379 3559 520 3646 temporis
550 3559 761 3645 longinquitate
792 3559 945 3639 consumi,
980 3571 1010 3625 et
1032 3560 1061 3623 in
1085 3559 1204 3624 nihilum

50 3661 150 3748 redigi.

131 3761 291 3829 Cleanthes
312 3785 457 3828 summum
475 3763 601 3843 bonnm,
635 3774 666 3828 et
681 3764 836 3829 honestum
853 3765 1020 3850 voluptates
1043 3784 1110 3828 ease
1127 3763 1206 3829 dioe-

50 3861 106 3928 bat.
141 3865 297 3930 Hominem
315 3867 408 3930 solam
424 3866 588 3952 appellabat
601 3866 739 3932 animam.
780 3866 861 3932 Deos
878 3869 1017 3954 mysticas
1035 3887 1102 3932 esse
1118 3888 1207 3952 quaa-

52 3966 111 4030 dam
129 3971 257 4054 figuras,
289 3988 435 4054 sacraque
459 3968 589 4033 nomina.
636 3965 738 4055 ltaque
758 3970 851 4034 solem
877 3969 1055 4050 daduchnm,
1087 3969 1142 4033 hoc
1160 3983 1205 4034 est

85 4100 119 4155 tl.
137 4103 242 4171 κητιεῦς
258 4107 325 4156 codd.
344 4119 400 4157 mu.
418 4111 440 4156 at
456 4107 492 4156 ad.
508 4109 586 4169 princ.
643 4105 948 4174 permarcescunt.
981 4107 1089 4159 dannan
1105 4109 1206 4158 amilm-

85 4174 119 4223 15-
138 4177 235 4239 διηκεῖε
253 4176 305 4224 cod
322 4176 421 4238 lthadtp.
641 4167 805 4240 dum'Etsps
818 4172 848 4229 δὲ
860 4167 922 4228 εἶναι
937 4171 981 4226 καὶ
996 4171 1061 4242 μετὰ
1075 4171 1205 4243 χωρισμὸν

84 4238 119 4290 16.
139 4259 197 4308 ,,γρ.
211 4238 412 4312 praegustantis.
438 4243 530 4292 Deme
544 4259 608 4294 uou-
641 4245 686 4296 τοῦ
704 4237 838 4308 σώματος.
855 4239 900 4296 καὶ
917 4244 970 4295 κτλ.

52 4304 108 4360 nihil
129 4317 225 4376 poto·‘,
251 4314 374 4362 unnowvlt
395 4314 421 4360 in
440 4313 547 4373 margine
564 4314 608 4362 Ps-
678 4311 717 4366 ll.
741 4311 775 4361 De
797 4312 833 4361 his
854 4313 908 4362 vt'de
931 4313 1088 4374 dhpuunlttn
1105 4313 1203 4364 honesta

53 4377 132 4427 unm.
176 4381 214 4441 Cf.
237 4381 308 4429 dican
333 4379 478 4430 Animoduv.
504 4382 554 4430 elur
575 4381 609 4430 ud
645 4384 669 4431 ι’.
698 4381 732 4430 Gt.
757 4381 792 4429 od
813 4381 927 4443 samono
949 4395 974 4442 p.
997 4378 1030 4432 62
1048 4395 1115 4444 aum,
1135 4385 1157 4431 et
1174 4383 1205 4434 tlt

53 4441 72 4489 h.
89 4447 103 4492 1.
136 4447 265 4496 comorius
287 4450 450 4509 tntrrpratotan
475 4455 512 4494 cat
532 4451 609 4496 Asce-
644 4443 761 4518 σχήμασι
776 4452 907 4514 μυστικοῖς
921 4449 977 4498 ibid.
991 4462 1049 4512 pop.
1065 4447 1112 4502 130
1124 4463 1174 4514 sqq.
1250 4506 1255 4524 Ι

52 4509 118 4562 rebat
133 4513 193 4566 item
209 4513 306 4566 animae
319 4514 503 4584 separationem
520 4531 535 4566 a
553 4531 609 4568 eor·
