3042 5016
309 323 447 380 usnemu
465 323 584 380 muru.
599 322 683 377 sou.
696 324 715 376 ι.
731 320 831 374 uass.
842 321 962 374 exxvr.
1153 305 1216 370 299

67 455 109 510 tes
123 455 171 513 eo
187 443 372 514 adsertorem
392 463 516 510 souerse
530 443 653 511 sortitur
668 442 766 521 titios,
789 461 845 508 ooo
859 439 980 526 spiritus
997 450 1128 520 unetos,
1150 459 1215 502 eum

65 557 178 632 epatre
193 547 342 634 procedet.
388 544 506 612 Etenim
524 555 608 630 puter
624 565 664 609 sa
681 565 718 608 eo
734 545 810 629 quod
824 543 943 628 genuit,
966 553 1017 608 out
1035 541 1165 606 emisite
1182 559 1216 604 se

63 649 142 738 ipsu,
167 659 265 716 estere
282 668 354 722 vero
371 659 437 734 post
454 648 545 713 titium
567 669 602 712 ae
619 645 752 732 spiritum
770 659 902 712 sanetum
920 646 1045 724 oreevit,
1070 643 1218 709 affectioni

64 751 111 815 ulti
126 771 251 815 caussae
269 750 419 817 subiectos
438 761 500 830 est3
525 771 697 835 quamquam
721 749 779 812 elia
804 749 900 812 omnia
923 749 952 811 in
978 746 1106 816 eresodo
1125 764 1215 829 geue·

63 853 191 918 modove
209 853 357 938 patiuntur
373 852 493 938 aliquid.
540 849 726 936 Quapropter
742 861 843 937 peter,
873 851 951 915 titius
967 859 996 912 et
1013 848 1132 938 spiritus
1147 868 1216 911 seu-

63 966 125 1020 etus
140 975 273 1020 esussem
291 955 399 1019 habeut
412 955 530 1020 nuliam.
576 951 713 1019 Omnium
732 975 804 1017 vero
821 973 927 1016 caussa
939 960 986 1016 est
1004 952 1066 1037 ipsa
1084 949 1213 1029 trinitas,

63 1079 136 1141 quae
152 1055 250 1128 omnio
265 1057 322 1122 ista
337 1057 423 1122 simul
439 1055 717 1134 ermessendem,
742 1054 870 1141 nihilque
887 1056 916 1120 in
932 1073 1000 1121 sese
1017 1064 1147 1124 ursatum
1166 1062 1217 1116 aut

62 1158 233 1226 fabrimtum
256 1159 401 1244 agnoseit.

144 1261 227 1328 Astii
252 1260 350 1348 Caput
368 1259 521 1326 XXVIII.
575 1258 610 1327 Si
636 1260 770 1347 quioquid
797 1260 967 1347 produetom
989 1270 1035 1324 est
1061 1258 1097 1324 ab
1122 1257 1215 1324 altero

60 1365 231 1450 prndootum
247 1373 310 1443 est,
342 1364 472 1448 ingenita
490 1384 563 1430 vero
581 1363 749 1449 hypostasis
764 1383 818 1428 nes
835 1385 852 1426 a
869 1384 902 1426 se
922 1363 1003 1448 ipse,
1034 1382 1089 1426 nee
1105 1360 1142 1425 sb
1160 1360 1215 1424 stis

61 1469 202 1552 producte
218 1476 275 1544 est,
299 1465 422 1550 ingeniti
439 1466 583 1532 venabulo
604 1465 765 1532 substantie
782 1465 845 1552 ipsa
863 1465 1048 1549 signifieetur
1065 1474 1192 1551 oportet.

145 1563 269 1633 Condut.
288 1565 442 1634 XXVIII.
488 1567 618 1635 Rursum
642 1567 727 1634 uobis
751 1567 971 1647 teruennenses,
1004 1579 1139 1652 tanquam
1163 1587 1216 1632 uo-

60 1691 125 1736 rum
145 1669 253 1756 aliquid
270 1679 301 1734 et
315 1670 476 1736 inauditum
492 1670 609 1748 otiien,
640 1681 672 1735 ut
689 1671 860 1754 distertieae
876 1670 961 1734 istius
973 1669 1147 1735 subtilitatis
1164 1689 1216 1734 eu·

59 1783 121 1838 etor
139 1793 207 1838 esse
226 1773 371 1848 videatur.
418 1767 519 1854 Quare
536 1793 755 1859 supervaeaoee
774 1772 843 1838 iilud
861 1794 950 1838 unum
971 1773 1115 1851 iueoioet,
1140 1771 1216 1856 qood

58 1873 85 1940 io
102 1874 338 1944 controuersiam
353 1874 472 1938 minime
488 1886 656 1954 reveratur,
683 1896 777 1960 neque
794 1876 911 1942 veritati
927 1885 1082 1960 repugnat,
1104 1885 1135 1938 et
1150 1893 1216 1958 per·

58 1989 147 2063 petuo
168 1977 313 2042 eeclesias
339 1977 502 2042 catholicae
528 1977 713 2062 professione
735 1987 863 2042 tenetur.
910 1974 1054 2060 Quicquid
1077 1997 1149 2061 ergo
1173 1978 1217 2040 so·

58 2090 136 2146 etum
153 2091 210 2160 est,
235 2079 272 2144 ab
287 2077 383 2142 altero
402 2080 510 2146 tontum
525 2081 564 2144 sit
582 2089 716 2166 oportet,
747 2091 777 2143 at
794 2078 924 2163 ingenito
940 2079 1107 2165 hypostasis
1122 2099 1216 2164 neque

57 2203 131 2251 ase
159 2183 241 2268 ipsa,
274 2203 369 2267 neque
395 2181 432 2246 eb
457 2182 533 2260 eiia3
568 2183 701 2267 quamvis
724 2182 848 2266 ingeniti
877 2182 995 2246 nomine
1023 2181 1215 2246 substantiam

57 2285 218 2368 significari
241 2305 366 2350 neeesse
390 2283 440 2348 sit.
488 2279 566 2366 Qruid
587 2283 664 2349 euim
686 2286 779 2369 magis
795 2285 845 2349 iilo
862 2284 1061 2348 necessarium
1080 2304 1148 2348 esse
1165 2305 1217 2369 po·

58 2389 137 2454 teo?
180 2385 258 2454 Nem
286 2387 341 2452 hee
365 2386 548 2451 substantiae
574 2387 765 2466 vocabulum,
796 2388 871 2472 qood
892 2388 1038 2451 Anemoei
1062 2397 1091 2450 et
1109 2384 1216 2450 Ariani

55 2488 84 2554 iu
103 2509 161 2554 ore
184 2509 302 2574 semper
327 2489 451 2566 habeut,
484 2488 588 2554 callide
612 2511 647 2553 ae
665 2490 844 2555 veteratorie
867 2490 1019 2575 usurpavit
1037 2490 1162 2568 Attius,
1187 2499 1218 2552 et

56 2591 90 2654 ab
103 2591 171 2678 ipsa
186 2602 307 2656 coaetus
322 2591 447 2658 veritate
461 2592 616 2656 coufessus
632 2603 689 2659 est.
723 2589 825 2676 Itaque
842 2614 908 2656 eum
921 2592 1043 2677 ingeniti
1061 2592 1137 2664 rotie
1153 2592 1218 2677 ipse

55 2693 221 2758 substantie
241 2693 297 2772 sit,
330 2695 489 2778 eademque
509 2693 672 2780 meipsa,
704 2694 922 2775 noueoihito,
954 2695 1018 2760 siue
1041 2695 1097 2758 ulta
1122 2694 1217 2778 inqui·

56 2796 178 2860 natione
194 2796 382 2882 nepessinus
409 2795 590 2880 unigenitum
607 2798 761 2880 genuerit,
795 2798 987 2884 mulioneque
1011 2809 1141 2882 tempore
1161 2817 1216 2862 nee

54 2897 160 2974 initio,
193 2899 326 2983 spiritum
350 2919 423 2962 vero
447 2908 578 2962 sanetum
602 2899 733 2964 emiserit
750 2919 766 2962 e
783 2901 898 2985 seipsa,
931 2922 989 2964 nou
1010 2900 1132 2964 enihiio
1150 2921 1217 2985 pro·

54 3000 194 3079 duxerit,
223 2999 410 3066 menifestum
432 3009 478 3062 est
493 2999 523 3063 in
539 3010 642 3065 saneto
660 3023 695 3066 ae
713 3002 857 3067 eathoiiea
877 3002 1002 3066 ecelesia
1023 3003 1217 3067 eoosobstsn·

54 3104 154 3167 tialem
171 3101 331 3168 trinitatem
354 3105 410 3166 rite
432 3102 607 3187 preedinari.
653 3101 720 3187 Quo
739 3103 854 3190 quidem
874 3103 992 3168 nomine
1018 3116 1118 3168 ereote
1138 3104 1215 3168 notia

52 3226 100 3270 res
115 3205 327 3291 comprehendi
342 3215 456 3288 potest,
488 3226 524 3268 eo
542 3206 618 3289 quod
636 3225 731 3290 neque
750 3217 872 3285 nature,
905 3227 998 3291 neque
1017 3206 1095 3271 cuitu
1113 3229 1148 3272 eo
1163 3228 1215 3272 ue·

52 3308 211 3372 neratioue
238 3319 334 3392 potest
358 3306 466 3392 aliquid
494 3306 645 3390 unigenito
668 3319 719 3372 aut
744 3307 859 3394 spiritui
884 3319 987 3374 saneto
1011 3331 1079 3374 esse
1105 3310 1213 3374 simile.
1307 3349 1313 3358 =

53 3405 166 3476 Cetera
185 3409 264 3474 enim
282 3431 299 3474 e
319 3410 544 3488 nihilosecus,
570 3430 624 3473 use
640 3411 812 3474 adoratione
831 3412 1033 3497 prosequendo
1053 3424 1139 3490 sunt,
1164 3412 1217 3477 tri·

52 3513 128 3576 nitas
148 3513 436 3598 verosempiterue3
467 3521 550 3596 pater
567 3512 733 3596 perfectus,
765 3525 848 3597 pater
864 3524 928 3593 est,
960 3514 1035 3580 titirus
1056 3517 1214 3600 perfectus,

51 3615 128 3684 iiius
144 3627 260 3700 epatre
275 3615 404 3700 genitus,
428 3613 550 3699 spiritus
562 3624 683 3678 sanetus
697 3617 858 3699 periectos,
883 3617 1003 3701 spiritus
1018 3640 1036 3680 a
1050 3630 1135 3699 patre
1146 3639 1216 3698 pro·
1283 3637 1335 3670 ιιι.

50 3723 171 3794 eedem,
204 3719 346 3799 etastlr'e
368 3722 518 3799 sermons.
568 3714 611 3780 Ita
631 3718 778 3801 seriptum
798 3719 893 3782 omnis
916 3741 1000 3784 saera
1023 3731 1052 3782 et
1071 3720 1214 3784 eathotioo
1279 3709 1287 3734 ’

51 3819 123 3886 ddes
141 3819 308 3884 clarissima
326 3820 411 3884 nobis
430 3829 494 3899 est,
519 3839 613 3905 oeqrre
631 3819 785 3905 quicquam
802 3821 880 3885 inest
895 3822 1054 3908 obliquum,
1078 3832 1128 3886 sot
1145 3843 1215 3886 eoru·

52 3924 198 4001 tranum,
222 3933 273 3986 aot
294 3923 419 4008 denique
443 3932 619 3986 tortuosum.

135 4023 222 4088 Aetii
242 4020 339 4108 Ceput
356 4021 482 4088 XXIX.
530 4021 563 4089 Si
584 4023 706 4108 ingeniti
729 4026 908 4106 substantie,
943 4037 1078 4112 tanquam
1094 4047 1212 4108 eeossa,

48 4238 88 4282 tor
116 4244 176 4280 esse
201 4227 331 4282 videatur:
357 4228 407 4280 hoe
430 4228 512 4296 ipsum
530 4227 618 4280 deela-
652 4229 718 4296 epod
733 4228 800 4298 ipsos
811 4235 954 4282 Auumoeos
968 4241 994 4282 et
1008 4231 1112 4284 Arianos
1127 4231 1215 4286 dolose

47 4313 104 4348 reas
124 4296 160 4346 de
192 4311 224 4348 ne
238 4313 318 4366 neque
333 4297 480 4366 ambigitur,
507 4308 533 4348 et
550 4297 618 4365 quod
651 4298 864 4366 accipitoripsom
878 4300 1108 4355 essentieeuomen.
1129 4302 1213 4356 tetius

46 4363 70 4414 ia
98 4313 229 4416 sethoitas
253 4364 357 4416 ecclesie
381 4365 406 4416 iu
426 4365 543 4418 confesso
561 4364 616 4416 eai-
652 4365 718 4418 ciere
734 4377 834 4418 coactius
850 4385 863 4416 a
878 4367 985 4418 veritate
1000 4369 1128 4422 confessos
1143 4381 1188 4423 est.

45 4433 98 4484 erit.
684 4433 709 4486 t.
728 4433 764 4502 pai
783 4433 849 4489 κατὰ
866 4439 916 4486 eod.
934 4438 1032 4502 Roedtp.

79 4501 105 4554 d
135 4503 243 4552 Fortasse
266 4498 386 4572 ἐξίλαβι,
410 4493 425 4556 ἓ
448 4497 545 4562 'dirtos
566 4508 617 4554 rett.
687 4506 709 4556 1.
726 4507 806 4570 Supra
824 4503 998 4574 συμφαίιιιαι.

46 4571 184 4624 commem
202 4574 313 4624 reorent
336 4569 410 4634 Quod
432 4569 496 4622 enim
517 4587 617 4641 semper
