3082 5006
330 263 468 315 rannnn
485 263 546 313 cra.
560 263 605 315 nr.
622 261 703 315 ron.
722 263 741 313 ι.
759 261 859 312 narn.
876 220 986 312 cxxii.
1195 249 1232 312 61

82 384 171 444 scra&
193 389 283 445 orrum
301 387 377 446 dunc
392 385 550 446 abdicatum
572 386 728 458 hominm,-
760 387 890 464 quonium
911 403 967 444 non
992 392 1100 442 erereet
1120 403 1157 442 ee
1176 385 1237 442 eries

82 490 182 547 samaim
198 491 334 568 prriaeeps
356 490 477 568 amplius
499 491 528 548 e'n
550 489 639 560 lude,
663 489 762 547 redens
783 489 813 546 ιἰι
836 487 936 546 tirone
958 487 1060 546 Docuit.

162 586 235 653 Post
253 589 325 652 haee
347 610 414 653 eum
432 609 472 652 ex
493 588 613 651 Asteria
629 583 791 652 Marcellus
816 585 954 652 nonnulla
974 597 1237 650 commemorasset
1249 585 1309 656 θαι·
1321 586 1387 638 vttt.

81 689 204 755 subiecit
224 692 367 756 Aeacius.

163 791 217 856 llis
234 794 333 879 itaque
353 793 476 879 positis,
509 793 626 877 longius
650 790 755 856 deinde
773 811 950 877 progressus
966 791 1122 888 imaginem
1139 793 1237 856 salva·

81 894 150 957 toris
167 897 390 976 elementiam,
423 906 453 959 et
476 878 556 960 unici
582 895 630 958 lilii
655 905 819 978 carpetra,
852 915 907 958 nec
925 915 982 958 uon
1005 906 1035 957 et
1051 895 1237 980 primogeniti

80 997 171 1061 omnis
188 1010 344 1064 creaturae
361 999 558 1062 conditionem
580 1017 709 1082 negans,
733 1007 820 1082 alque
835 997 913 1060 illam
932 996 1061 1061 eiusdem
1082 997 1238 1080 singulari·

81 1108 185 1178 tatem,
211 1123 285 1186 quae
304 1124 322 1166 a
340 1101 483 1186 singulari
502 1102 557 1164 deo
574 1111 692 1180 manat,
717 1110 746 1163 et
762 1099 974 1186 perlectionem
991 1121 1007 1162 a
1024 1102 1173 1185 perlecto,
1207 1110 1238 1164 et

80 1203 187 1288 regiam
207 1205 244 1267 ab
261 1224 332 1288 rege
349 1214 540 1288 potestatem,
574 1225 590 1267 a
608 1201 726 1266 domiuo
744 1201 941 1280 dominatum,
973 1213 1005 1266 et
1021 1201 1201 1268 divinitatem
1220 1225 1238 1267 a

79 1304 150 1384 deu,
173 1317 204 1369 et
220 1307 380 1370 essentiam
400 1305 525 1390 denique
542 1327 576 1369 ac
593 1302 760 1384 consilium,
784 1302 939 1383 virtutem,
963 1304 1147 1389 gloriamque
1159 1305 1238 1369 nullo

80 1409 161 1471 modo
175 1409 313 1474 diversae
331 1409 466 1494 imaginis
484 1409 531 1472 dei
545 1405 673 1472 lunditus
694 1405 819 1485 tollens,
843 1427 938 1490 neque
955 1406 1055 1492 paucis
1072 1407 1171 1472 verbis
1188 1429 1238 1471 co·

80 1529 138 1572 ram
162 1511 331 1578 huminibus
358 1512 510 1589 inficians,
549 1511 681 1595 adeoque
710 1529 809 1572 eoram
837 1507 919 1594 patre
946 1507 1026 1573 illius
1050 1509 1234 1590 inliciendas,

80 1611 147 1675 haec
170 1625 272 1699 aperte
295 1613 459 1700 scripsisti:
494 1611 646 1678 Eiusmodi
667 1611 757 1675 verba
783 1629 901 1696 pravom
921 1611 1013 1697 ipsius
1039 1615 1075 1677 de
1092 1614 1184 1699 patris
1202 1635 1236 1678 ae

80 1715 125 1778 filii
145 1717 299 1782 divinitate
315 1717 491 1781 sententiam
510 1727 610 1801 aperte
630 1716 853 1779 demonstrant.¹
890 1711 1002 1778 Verum
1022 1726 1052 1779 to
1066 1714 1124 1779 illis
1140 1715 1239 1802 potius

80 1819 220 1904 negandis
241 1840 410 1905 perversam
429 1820 674 1907 deploratumque
691 1828 769 1880 tuam
790 1818 825 1880 de
845 1814 956 1883 Christi
974 1817 1126 1883 divinitate
1140 1830 1172 1883 et
1190 1839 1237 1883 es-

81 1922 174 1986 sentia
199 1921 365 2008 opinionem
389 1932 488 1986 rectae
510 1919 576 1986 fidei
600 1919 777 1984 contrariom
800 1919 953 2006 perspicue
979 1921 1143 2005 prodidisti.

158 2021 234 2088 Post
256 2024 326 2088 haec
349 2021 485 2089 Marcelli
509 2023 600 2086 verba
622 2021 750 2086 subiicit.
1248 2033 1308 2107 Cap.
1327 2035 1372 2087 ιιι.

159 2128 263 2212 lnepta
280 2127 401 2210 proinde
417 2136 487 2190 sunt
506 2145 581 2210 quae
596 2121 757 2190 Marcellus
771 2123 895 2188 adiecit:
919 2121 1003 2188 Nihil
1018 2147 1138 2208 eorum,
1163 2151 1237 2213 quae

82 2239 163 2292 antea
181 2238 484 2306 commemoraverat,
508 2247 575 2292 esse
594 2229 712 2306 statuitq
737 2238 767 2291 tu
788 2225 864 2290 eni'm
884 2228 1006 2291 istorum
1025 2228 1153 2294 omnium
1170 2252 1238 2296 esse

83 2353 184 2395 censes
211 2332 382 2416 imaginem.
426 2329 512 2396 Unde
528 2331 553 2394 ei
569 2328 718 2394 esseutiae
736 2329 834 2414 imago
851 2341 913 2408 est,
945 2330 1007 2415 ipsa
1028 2352 1095 2395 esse
1113 2354 1170 2396 non
1187 2355 1238 2421 pu·

83 2444 136 2499 test
161 2433 305 2498 essentia.
352 2431 392 2497 Et
415 2434 440 2497 si
459 2432 573 2497 consilii
598 2432 695 2516 imago
720 2431 778 2511 sit,
810 2432 963 2498 eonsilium
987 2431 1081 2519 ipsum
1102 2455 1169 2500 esse
1186 2458 1238 2500 ue·

83 2538 156 2620 quit;
180 2558 277 2622 neque
295 2536 407 2616 virtus,
431 2535 457 2600 si
468 2535 609 2615 'virtutis3
633 2555 727 2618 oeque
744 2533 857 2620 gloria,
889 2535 1044 2619 siquidem
1061 2537 1157 2622 imago
1174 2539 1237 2622 glo·
1265 2536 1266 2540 ’

83 2637 141 2703 riae
161 2650 219 2703 est.
264 2636 343 2702 Nam
363 2639 459 2722 imago
484 2660 542 2702 non
567 2637 611 2701 sui
631 2637 740 2722 ipsius,
773 2640 824 2702 sed
851 2638 973 2703 alterius
995 2639 1118 2703 alicuius
1141 2640 1238 2726 imago

86 2752 138 2804 est.
185 2737 246 2806 Sed
273 2741 346 2804 haec
369 2739 500 2820 insulsa,
531 2737 693 2818 Marcelle,
725 2749 794 2803 ιιιιιι
817 2761 851 2806 ac
875 2742 958 2806 ialsa.
1003 2741 1143 2806 Asterius
1160 2744 1238 2806 enim

85 2843 175 2906 omnia
203 2843 276 2906 lraec
303 2843 383 2907 illum
409 2865 477 2909 esse
499 2843 610 2907 indicat
635 2863 710 2926 quae
736 2854 822 2908 antea
840 2843 1023 2922 coniuravit,
1057 2866 1122 2908 cum
1144 2842 1236 2908 dixit:

85 2943 286 3030 denegem,
321 2947 455 3009 dominus
477 2945 642 3025 domiuum,
674 2947 746 3008 deus
768 2947 865 3012 deum.
912 2944 1027 3030 Quibus
1044 2945 1143 3011 verbis
1160 2957 1238 3010 tuum

85 3046 156 3111 illam
181 3046 340 3110 inanimam
365 3047 506 3132 effigiem,
538 3069 573 3113 ac
598 3049 681 3129 solo,
715 3059 746 3112 ιιι
770 3045 934 3127 arbitraris,
967 3047 1093 3112 hominis
1115 3048 1238 3114 artilieiu

85 3148 267 3214 constitutam
289 3148 417 3214 funditus
435 3151 553 3215 evertit.
587 3150 702 3237 Quippe
718 3151 832 3216 illorum
849 3149 978 3215 omnium
995 3153 1092 3216 viram
1107 3171 1175 3216 esso
1186 3153 1238 3216 do-

86 3264 128 3315 cet
140 3252 309 3335 imaginem.
355 3251 422 3316 Hoc
438 3263 485 3316 est
504 3253 601 3318 vivam
620 3255 681 3318 rivi
703 3253 847 3339 genitoris
865 3252 1007 3339 effigiem,
1040 3264 1072 3319 et
1085 3255 1236 3320 essentiae

86 3357 250 3433 essentiam,
269 3365 297 3418 et
315 3353 429 3419 consilii
446 3353 612 3434 consilium,
630 3355 747 3420 virtutis
759 3356 910 3435 virtutem,
930 3367 960 3420 et
969 3356 1081 3441 gloriae
1092 3357 1236 3442 gloriamq

86 3477 172 3542 neque
191 3477 280 3542 porro
296 3455 465 3542 suiipsius,
489 3457 541 3521 sed
558 3457 680 3524 alterius
695 3459 851 3542 imaginem
868 3478 935 3522 ease
949 3458 1141 3526 demonstrat.
1188 3457 1239 3525 'l'u

86 3580 150 3622 reru
174 3579 242 3621 cum
269 3559 354 3622 deum
382 3579 422 3624 ex
443 3560 499 3623 deo
517 3559 606 3624 lilium
625 3561 804 3642 asseculis,
837 3581 932 3646 neque
948 3560 1044 3626 lumen
1061 3562 1097 3626 de
1115 3561 1235 3641 lumine,

84 3682 172 3746 oeque
189 3659 329 3723 virtutem
347 3681 386 3725 ex
404 3661 530 3742 virtute,
563 3685 658 3749 neque
674 3665 776 3744 deum,
809 3683 904 3749 neque
923 3663 1039 3744 lumen,
1065 3685 1160 3749 neque
1177 3663 1238 3728 rir-

84 3773 183 3843 tutem,
210 3764 461 3844 recessendum,
484 3785 579 3848 neque
596 3765 769 3845 consilium,
802 3787 896 3851 neque
925 3765 1047 3850 gloriam
1065 3787 1132 3830 esse
1147 3765 1236 3830 lilium

84 3867 231 3930 existimas
275 3866 294 3906 *
336 3867 352 3901 *
396 3869 431 3935 *A
456 3868 508 3932 sed
532 3867 603 3932 lnaec
631 3868 718 3954 impie
744 3889 869 3955 corpus,
904 3869 1008 3952 iupfiue
1030 3868 1144 3948 muudi,
1178 3889 1237 3934 uua

85 3989 141 4033 cum
166 3969 227 4034 illis
243 3966 430 4054 extinguunt.
478 3973 520 4033 lta
546 3970 664 4038 loaunis
689 3972 759 4036 illud
775 3972 973 4038 testimonium
991 3970 1138 4055 obiurgas,
1168 3975 1237 4036 deur

85 4222 167 4294 δόξαν,
185 4223 279 4308 flealdi!
293 4224 358 4292 cell.)
372 4225 447 4308 impie
461 4243 509 4278 uua
524 4227 642 4310 cumhuq
674 4226 739 4290 sita,
769 4237 811 4279 aut
836 4235 954 4294 comptu
978 4229 1064 4309 rqnt“.
1111 4231 1238 4282 &mortue

86 4313 180 4364 ΜΡΝ
204 4295 641 4427 ’ἵζ’ῗέἶῖᾍῗιιῗῖῗωιῗῗὲἶ
672 4295 1237 4432 lffiitctllel‘d‘illllsslffi

85 4381 204 4498 dindymo.
240 4381 493 4497 reconciliarem.
516 4447 573 4484 ruoe
588 4435 639 4483 edr'·
671 4431 741 4484 tioue
759 4449 814 4485 cum
830 4432 877 4484 hir.
969 4381 985 4432 p

85 4503 144 4552 mutu
161 4501 290 4564 coemptae
314 4499 403 4566 „llaec
422 4501 504 4553 etiem
520 4499 578 4554 loco
594 4517 646 4569 po·
