3060 5026
311 196 448 248 esnnnn
465 197 526 249 crs.
544 195 587 247 ιιι.
604 195 686 249 nom.
703 197 735 246 ιι.
753 193 851 246 nnsn.
867 191 1001 244 nxxvn.
1169 173 1232 238 tat

82 335 146 401 quos
163 317 329 402 eripuerat,
362 316 501 380 comitatu
525 325 627 400 septus
652 325 718 400 post
735 314 862 378 triduum
881 332 986 376 revera
1009 331 1075 375 cum
1092 329 1230 396 corporo,

82 419 189 499 anina,
228 420 361 503 adeoque
391 429 452 482 toto
479 419 544 504 ipso
571 417 653 480 velut
679 419 875 482 instrumento
895 413 1027 478 surrexit
1055 433 1073 476 a
1097 413 1230 476 mortuis.

82 518 189 584 Deinde
207 522 399 605 quadraginta
419 521 522 585 diebus
547 541 611 584 cum
629 517 779 604 discipulis
797 527 933 582 versatus
950 527 1014 595 est,
1046 513 1150 599 quibus
1166 535 1234 593 eum,
1266 526 1313 570 tet
1327 528 1347 572 ι·

81 621 108 686 in
125 619 276 687 Olivarum
302 634 401 688 monte
424 643 530 686 revera
557 621 780 698 benedixisset,
811 621 841 684 in
861 620 974 684 coelum
997 617 1156 682 subvectus
1175 627 1232 696 est,

81 743 199 808 eumque
223 725 356 810 discipuli
382 727 417 789 ad
438 725 530 790 nubes
554 744 646 808 usque
664 723 837 787 subeuntem
856 723 1009 800 viderunt,
1041 731 1070 783 et
1087 722 1122 784 od
1143 721 1233 806 patris

82 827 227 890 dexteram
244 847 350 891 revera
367 828 585 903 considentem,
609 846 734 911 corpore
753 825 835 910 ipso,
860 825 1031 903 divinitate,
1055 844 1090 886 ac
1107 835 1167 886 tota
1184 823 1234 888 de·

80 928 161 1012 nique
185 949 269 1012 quam
289 939 488 1014 assumpserat
509 928 636 993 bominis
664 937 788 1007 natura3
818 947 876 1012 quo
894 927 923 990 in
942 927 1153 1010 incarnationis
1170 947 1234 1012 my-

80 1029 166 1094 sterio
181 1030 211 1094 in
226 1053 313 1095 uuum
328 1032 426 1096 omnia
439 1042 470 1095 et
482 1031 513 1095 in
528 1032 649 1095 eandem
665 1029 826 1115 spiritalem
841 1019 1057 1114 perlectionem¹
1067 1028 1232 1107 coniunxit,

81 1132 146 1196 deus
176 1131 275 1218 utique
299 1133 328 1197 iu
347 1134 441 1218 glorio
468 1133 626 1198 considens
649 1144 679 1197 et
693 1134 728 1196 ad
751 1132 838 1196 vivos
856 1143 1046 1216 mortuosque
1063 1130 1234 1196 indicendus

81 1255 146 1298 vere
160 1234 315 1319 aliquando
332 1247 488 1302 venturus.
532 1233 615 1300 Nibil
632 1234 721 1320 igitur
734 1235 765 1298 in
783 1234 833 1298 illo
847 1233 995 1298 diversum
1011 1253 1047 1296 ac
1063 1234 1233 1318 discrepans

80 1347 136 1414 est,
159 1338 213 1400 sed
235 1340 332 1402 omnia
355 1339 385 1402 in
402 1339 466 1425 ipso
483 1339 612 1424 perlecta
634 1339 822 1421 perfecteque
841 1357 963 1421 prorsus
985 1335 1146 1400 elaborata.

158 1435 220 1504 Sed
236 1461 302 1506 cum
322 1442 357 1505 de
379 1441 423 1505 bis
440 1440 555 1505 abunde
577 1440 720 1504 hactenus
739 1439 836 1524 egisse
856 1440 1026 1517 videamur,
1059 1459 1133 1523 quae
1156 1438 1371 1574 dictamqqq11

79 1643 258 1727 dogmatibus
284 1665 325 1710 ex
338 1645 461 1710 oliorum
480 1647 650 1710 narratione
669 1644 839 1722 didicimus,
871 1643 1043 1730 explicanda
1064 1644 1233 1708 necessario

78 1757 152 1809 eunt.
200 1742 384 1832 Quamquam
408 1748 450 1812 ita
476 1747 548 1812 haec
565 1748 602 1812 ab
624 1747 681 1810 illis
704 1746 867 1834 praedicari
886 1747 1012 1811 nondum
1030 1748 1151 1812 omnino
1168 1769 1234 1833 per·
1311 1765 1314 1772 ·

78 1867 192 1913 suasum
210 1849 362 1916 babemus.
406 1847 571 1934 Utcumque
590 1871 664 1914 vero
681 1871 714 1914 se
732 1869 780 1913 res
795 1849 912 1930 babeat,
931 1871 1006 1935 quae
1022 1849 1059 1914 ab
1077 1850 1143 1914 aliis
1157 1851 1234 1914 acci-

77 1950 166 2034 pimus
190 1973 250 2016 nou
272 1951 482 2017 dissimulanda
504 1952 681 2038 putavimus.
946 1937 949 1946 Χ

157 2053 225 2120 Hoc
245 2054 322 2118 enirn
341 2055 485 2118 affirmare
503 2055 634 2140 plerique
650 2077 714 2119 non
732 2054 882 2133 dubitant,
913 2055 1052 2140 quosdam
1070 2076 1110 2118 ex
1128 2054 1231 2120 illisio

77 2175 108 2218 ea
124 2177 192 2222 esse
206 2157 373 2236 sententia,
404 2154 532 2221 Mariam
555 2169 621 2243 post
644 2159 752 2221 editum
772 2153 923 2222 Christum
939 2178 1003 2221 cum
1023 2153 1149 2242 losepbo
1168 2159 1233 2222 viro

76 2279 126 2322 suo
154 2260 397 2325 consuetudinem
421 2259 570 2324 habuisse.
625 2257 712 2344 Quod
736 2259 772 2322 ab
798 2259 855 2323 illis
883 2260 1049 2324 asseverari
1075 2259 1233 2346 permirum

76 2361 141 2426 mibi
157 2363 287 2428 videtur.
333 2359 400 2426 Nec
419 2362 525 2426 desunt
541 2362 587 2426 alii
605 2363 652 2447 qui
670 2361 700 2425 in
718 2363 822 2426 eodem
840 2382 942 2425 errore
960 2373 1136 2440 versantur,
1160 2384 1233 2447 quos

75 2461 150 2526 inter
163 2465 369 2530 schismaticos
393 2467 611 2530 numeravimus
632 2464 661 2527 in
687 2485 723 2528 ea
739 2465 863 2550 epistola
879 2485 964 2549 quam
987 2463 1147 2529 amicorum
1166 2465 1233 2528 bor-

76 2573 135 2629 tatu
149 2568 294 2632 adversus
309 2565 387 2630 illius
401 2567 545 2652 dogmatis
560 2577 701 2652 patronos
719 2567 755 2630 ad
770 2567 927 2631 nonnullos
942 2567 971 2630 in
988 2567 1100 2631 Arabia
1114 2567 1234 2652 scripsi·

76 2688 156 2750 muse
180 2671 211 2734 in
232 2691 288 2755 qua
306 2669 437 2754 pluribus
460 2680 562 2734 contra
587 2668 654 2734 illos
681 2671 717 2733 de
736 2668 790 2732 boc
815 2680 988 2754 argumento
1008 2670 1230 2756 disputavimus.

76 2766 147 2836 llam
164 2793 221 2836 nos
237 2793 311 2836 vero
329 2771 482 2851 baeresiu,
514 2772 675 2858 opitulante
693 2773 766 2851 deo,
790 2771 948 2857 separatim
972 2793 1008 2837 ac
1026 2794 1081 2838 suo
1096 2774 1162 2838 loco
1181 2793 1233 2859 po·

75 2884 135 2938 stoa
156 2895 368 2962 proponemus.

156 2975 219 3043 lam
237 2973 310 3041 velo
334 2977 421 3040 etiam
440 2975 495 3042 boc
512 2976 693 3064 Apollinaris
716 2998 783 3042 csse
799 2977 950 3042 decretum
968 2979 1097 3042 nonnulli
1115 2977 1231 3064 praedi·

75 3089 157 3158 cent,
191 3080 223 3144 in
246 3079 338 3166 priori
360 3079 579 3145 resurrectione
606 3081 684 3145 mille
707 3101 761 3144 nos
776 3102 920 3144 annorum
941 3081 1065 3167 spatium
1082 3081 1185 3146 iisdem
1202 3083 1231 3146 in

74 3179 149 3244 vitae
165 3181 330 3261 institutis,
355 3180 459 3266 quibus
477 3202 554 3245 nunc
568 3181 695 3260 utimur,
729 3203 797 3246 esse
813 3185 1016 3261 conlecturos,
1042 3196 1073 3248 ut
1090 3195 1120 3248 et
1136 3185 1232 3270 legem

74 3301 136 3346 eum
151 3284 220 3348 aliis
237 3285 430 3349 observemus
448 3283 600 3364 omnibus,
624 3296 654 3348 et
673 3284 809 3370 quicquid
828 3296 875 3350 est
891 3287 921 3349 iu
939 3287 1064 3366 mundo,
1097 3289 1174 3373 quod
1196 3289 1232 3352 ad

74 3403 153 3449 usum
172 3387 373 3471 quotidianum
394 3386 538 3472 pertinet,
562 3387 644 3452 velut
659 3389 794 3473 nuptias,
827 3389 1098 3470 circumcisionem,
1131 3411 1166 3454 ac
1183 3411 1232 3455 ce·

72 3496 133 3552 tera
151 3489 270 3568 omnia,
301 3489 520 3575 participemus.
566 3487 738 3554 Cuiusmodi
764 3491 874 3555 abillo
899 3492 1005 3576 dogma
1027 3493 1143 3557 delendi
1164 3514 1231 3578 per-

72 3592 198 3656 suadere
216 3591 301 3656 nobis
317 3591 438 3656 omuino
462 3614 519 3656 uon
538 3613 704 3679 possumus.
751 3589 936 3678 Quamquam
955 3595 1034 3659 illum
1052 3606 1231 3660 assertorem

74 3710 137 3758 esse
160 3715 179 3758 a
204 3693 352 3758 nonnullis
375 3694 553 3780 accepimus.

154 3793 298 3862 Ceterum
318 3798 353 3861 de
369 3797 424 3862 hoc
441 3796 606 3861 millenario
622 3808 753 3882 tempore
768 3799 894 3879 alicubi,
928 3802 983 3866 boo
998 3813 1045 3866 est
1061 3803 1091 3865 iu
1111 3800 1231 3868 loannis

72 3893 273 3984 Apocalypsi,
298 3903 474 3962 mentionem
494 3900 574 3979 lieri,
604 3911 635 3964 et
650 3919 717 3964 eum
733 3902 836 3966 librum
852 3924 869 3966 a
886 3903 1032 3988 plerisque
1048 3904 1126 3968 inter
1142 3927 1232 3970 cauo·

72 3999 152 4064 nicos
170 3999 277 4085 recipi,
301 4001 431 4086 religiosi
447 4002 580 4068 homines
598 4023 656 4066 uon
673 4004 821 4087 ignorant.
869 4003 980 4068 Verum
995 4005 1035 4069 ita
1052 4007 1230 4092 complures,

73 4098 217 4187 iidemque
234 4103 273 4188 pii
290 4125 325 4166 ac
343 4104 516 4188 spiritalium
535 4125 634 4170 rerum
651 4105 749 4192 periti,
774 4107 804 4169 in
822 4107 901 4171 illius
916 4108 1043 4172 lectione
1061 4121 1231 4192 versantur,

72 4213 203 4288 atquae
228 4206 259 4270 in
283 4206 347 4291 ipso
369 4206 530 4291 spiritalem
556 4229 675 4272 sensum
696 4208 847 4272 contineat
866 4209 1060 4296 accipientes,
1093 4234 1164 4278 vera
1182 4214 1232 4280 illa

73 4306 206 4389 quidem,
239 4307 291 4373 sed
315 4309 413 4374 altiori
428 4312 550 4395 quadarn
569 4311 760 4396 intelligentia
780 4311 927 4396 explicata
946 4314 1104 4379 fateantur.
1150 4315 1229 4384 Nam
