3072 5002
192 200 199 211 '
264 270 270 280 .
320 221 382 286 132
749 231 874 286 ιιιιατι
890 233 1061 295 εειειιιυυ

316 347 435 418 Ἰκαυδν
453 349 487 416 δί
502 351 563 417 ίστι
579 349 632 416 καί
645 345 679 416 τδ
695 354 751 436 τῆς
768 353 879 432 σοφίας
899 347 994 434 ὄνομα
1014 355 1115 416 πᾶσαν
1130 349 1249 418 ίννοιαν
1273 349 1398 430 πάθους
1411 348 1476 418 ἀπο

318 461 438 520 κλεῖσαι.

181 573 306 648 κιριβε,
398 553 487 620 Ἀλλά
512 563 569 621 ποῖ
590 554 749 642 φερόμεθα
770 553 812 640 μή
830 554 1065 640 μνημονεύοντες
1079 561 1134 621 τοῦ
1150 554 1301 638 εἰπόντος,
1324 549 1366 624 Ὦ
1385 557 1478 640 βάθος

319 657 452 724 πλούτου
478 659 530 724 καί
555 663 665 740 σοφίας
690 660 763 725 ικαί
789 657 926 746 γνοίσεας
949 664 1043 740 θεοῦ,
1073 655 1115 735 οῖς
1135 655 1344 746 ἀνεξεραύνητα
1364 657 1403 726 τά
1423 664 1476 746 κρῖ

319 789 397 845 ματα
416 758 525 842 αῦτοῦ,
558 763 607 828 κοιλ
627 757 836 844 ἀνεξιχνίαστοι
852 763 887 827 αῖ
898 759 967 829 δδολ
981 759 1090 841 αῦτοῦς
1125 759 1254 847 Ἐγομεν
1267 759 1325 849 γάρ
1342 761 1477 830 διδάσκο-

317 869 371 930 λον
393 861 426 932 τδ
445 871 562 948 πνεῦμα
585 869 640 946 τῆς
661 863 817 947 ἀληθείας,
846 862 994 930 δίδουκεν
1015 861 1089 947 ήμῖν
1115 859 1255 952 δκάριος
1272 863 1346 950 μετά
1364 864 1422 950 τήν
1442 869 1476 942 είς

318 963 469 1053 οῦρανοῦς
496 965 664 1051 ἀνάληψιν,
695 969 747 1032 ἵνα
763 970 874 1052 ἴδοιμεν
893 963 929 1034 τά
953 963 1015 1034 δπδ
1032 973 1088 1033 τοῦ
1103 973 1180 1033 θεοῦ
1200 971 1382 1054 χαρισθέντα
1400 966 1476 1053 ἡμῖν,

318 1071 351 1136 ἐν
370 1061 458 1159 ᾧκαλ
474 1077 633 1153 λαλοῦμεν,
656 1065 711 1136 οῦκ
727 1072 760 1136 ίν
777 1072 929 1146 διδακτοῖς
940 1066 1136 1157 ἀνθρωπίνης
1152 1075 1263 1152 σοφίας
1273 1070 1393 1158 λάγους,
1424 1067 1477 1136 ἀλλ’

316 1173 350 1238 ίν
366 1174 519 1249 διδακτοῖς
535 1179 590 1239 τοῦ
608 1171 789 1256 πνεύματος,
822 1181 1034 1256 πνευματικοῖς
1056 1171 1241 1257 πνευματικά
1262 1179 1477 1260 συγκρίνοντες,

317 1275 351 1340 ἐν
368 1266 588 1364 ρδλατρεῦομευ
609 1277 662 1342 καλ
683 1281 925 1362 προςκυνοῦμεν,
960 1273 1027 1341 ’δι’
1045 1274 1064 1342 δ
1079 1270 1284 1359 ἀτιμαζόμεθα
1308 1279 1341 1344 ἓν
1364 1269 1391 1366 ᾧ
1412 1301 1478 1362 προ

316 1383 410 1460 φήται
424 1377 667 1464 προεφήτευσαν,
690 1381 721 1446 ίν
740 1369 765 1467 ρῖ
785 1381 894 1445 δίκαιοι
917 1374 1129 1464 δδηγήθησαν,
1152 1376 1189 1446 δι’
1208 1371 1247 1446 οῦ
1268 1379 1478 1466 προςογάμεθτ

315 1486 358 1569 τῷ
381 1483 447 1570 υίρῖ.
494 1478 583 1547 Ἀλλά
606 1484 635 1547 τί
657 1487 964 1567 πολυπραγμονοῦμεν
985 1479 1022 1546 τά
1046 1488 1101 1564 τῆς
1124 1480 1261 1564 φῦσεοοςς
1290 1482 1333 1566 μή
1355 1481 1417 1570 γάρ
1442 1479 1478 1560 τίς

315 1592 484 1667 σαρκικοῖς,
515 1579 577 1650 ἀλλ’
596 1582 652 1668 οῦγ
672 1580 714 1661 τίς
738 1593 952 1667 πνευματικοῖς
968 1583 1180 1670 διαλεγόμεθας
1228 1583 1294 1650 Ἐπ’
1315 1584 1413 1654 ἀλλων
1427 1585 1478 1672 γάρ

316 1688 429 1772 εἴρηται
454 1684 516 1766 ὅτι,
550 1683 596 1751 Οῦ
622 1683 779 1769 δυνάμεθα
804 1683 900 1771 8ῦμῖν
916 1693 1040 1771 λαλῆσαι
1055 1684 1096 1765 οῖς
1114 1697 1341 1769 πνευματικοῖς,
1362 1687 1427 1754 ἀλλ’
1442 1685 1479 1764 οῖς

316 1797 479 1874 σαρκικοῖς.
522 1789 602 1865 Δίος
625 1787 682 1876 γάρ
698 1790 759 1856 ἐστι
779 1789 822 1874 μή
835 1813 901 1866 πως
919 1791 952 1856 ἐκ
973 1797 1027 1874 τῆς
1041 1797 1103 1856 τοῖν
1121 1787 1337 1872 ἀκαταλήπτων
1352 1799 1478 1872 φιλονει-

314 1893 384 1968 κίας
410 1892 461 1957 καλ
482 1897 536 1975 τής
562 1897 624 1957 τοῖν
646 1891 813 1972 ἀνεφίκτου
835 1891 982 1977 ζητήσεως
1002 1895 1045 1969 είς
1064 1891 1166 1980 βυθδν
1187 1893 1322 1977 ἀσεβείας
1348 1897 1476 1977 ίμπίσιε

315 2017 377 2076 μεν.
424 1995 484 2059 Kal
502 1990 587 2074 είπα,
609 1994 861 2079 Σοφισθήσομαι,
883 1996 935 2061 καῖ
953 1993 1030 2078 αῦτή
1047 1995 1222 2082 ἐμακρῦνθη
1238 1991 1292 2062 ἀπ’
1311 1998 1389 2081 ἐμοῦ
1406 1995 1477 2080 ῦπλρ

315 2087 406 2178 δήν,
427 2097 479 2163 καί
500 2095 586 2180 βαθῦ
608 2096 724 2181 βάθος,
746 2101 790 2173 τίς
812 2094 928 2184 εῦρήσει
948 2096 1055 2182 οιῦτήν·
1078 2096 1329 2183 μνημονεύσομεν
1347 2098 1407 2186 γάρ
1429 2105 1479 2166 τοῦ

314 2197 466 2280 είπῦντος,
497 2197 548 2266 Ἐκ
577 2201 686 2287 μίρους
712 2198 909 2287 γινοίσκομεν,
946 2202 996 2266 κοιλ
1019 2203 1052 2268 ἐκ
1073 2203 1183 2288 μίρους
1211 2201 1477 2288 *προφητεύομεν

191 2319 242 2366 με·
255 2307 301 2354 ⁸⁸¹·
316 2299 389 2369 ὅταν
405 2303 438 2368 δὲ
453 2304 529 2393 ίλθη
551 2301 585 2368 τδ
607 2304 729 2382 τέλειον,
758 2300 825 2369 τότε
845 2301 880 2370 w*
903 2305 936 2370 ίκ
958 2304 1066 2389 μίρους
1086 2302 1356 2392 καταργηθήσεται·
1389 2309 1422 2372 εί
1437 2331 1479 2380 τις

314 2407 399 2473 δοκεῖ
408 2403 580 2491 γινώσκειν,
603 2403 691 2472 οῦποο
710 2408 785 2492 ίγνω
799 2405 906 2483 καθοδς
924 2409 973 2472 δεῖ
988 2411 1107 2492 γνῶναι.
1152 2408 1213 2474 Καί
1230 2404 1281 2474 διά
1302 2414 1393 2474 τοῦτο
1412 2410 1479 2483 δέος

314 2508 375 2576 ίστῖ
397 2506 439 2591 μή
461 2533 527 2584 ποις
547 2508 717 2591 βιαζόμενοι
744 2509 838 2595 λέγειν
860 2509 929 2596 περλ
951 2500 993 2575 άν
1014 2509 1053 2576 οῦ
1083 2509 1240 2593 δυνάμεθα
1259 2511 1354 2596 λίγειν
1374 2513 1478 2594 μιμτίτι

316 2617 557 2696 συγχωρηθοῦμεν
579 2611 653 2694 μηδὲ
675 2612 744 2698 περὶ
766 2603 809 2677 άυ
829 2609 1000 2695 δυνάμεθα·
1024 2615 1058 2678 ἐκ
1079 2617 1204 2690 πίστεως
1223 2610 1280 2699 γάρ
1303 2615 1352 2678 δεῖ
1368 2621 1477 2692 λαλεῖν,

313 2709 370 2778 οῦκ
391 2714 424 2779 ίιι
446 2719 506 2779 τοῖν
526 2715 712 2797 λαλουμίνοον
733 2713 889 2782 πιστεάειν.
931 2712 1106 2782 Ἐπίστευσα
1122 2714 1195 2802 γάρ,
1217 2716 1309 2800 φησί,
1339 2713 1390 2782 διδ
1414 2715 1477 2784 ἐλά·

310 2822 394 2898 λησα.
429 2813 527 2910 ’Όταν
546 2808 602 2883 οῦν
622 2815 657 2883 τδ
679 2817 734 2900 μὲν
755 2818 824 2902 περί
846 2823 899 2900 τῆς
920 2820 1032 2895 οίκείας
1057 2815 1221 2904 γεννήσεως
1245 2816 1288 2902 μή
1315 2815 1477 2902 δυνάμενοι

312 2913 535 2999 ἀποφαίνεσθαι
556 2916 834 3007 περιεργαζόμεθα,
855 2921 908 2986 καί
924 2928 1102 3003 φιλονεικεῖν
1120 2923 1312 3007 ίπτγειρῦριεν
1328 2923 1400 3007 περί
1427 2928 1478 3006 τῆς

312 3025 367 3087 τοῦ
395 3029 471 3088 θεοῦ
493 3022 672 3109 γεννήσεως,
702 3028 769 3099 ποῦς
790 3021 827 3088 οῦ
850 3025 917 3100 δῖος
942 3025 1003 3091 ἒστλ
1026 3022 1068 3108 μή
1091 3049 1156 3100 ποος
1173 3021 1193 3090 δ
1209 3020 1314 3101 διδοῦς
1328 3021 1368 3091 οά
1382 3023 1478 3108 μάνου

311 3129 442 3210 γλῶτταν
454 3129 605 3204 παιδείας,
635 3123 709 3190 ἀλλά
733 3126 785 3190 καλ
805 3133 920 3212 γνοῖναι
933 3123 1022 3211 ήνίκα
1036 3131 1084 3192 δεῖ
1097 3129 1191 3193 είπεῖν
1203 3125 1308 3212 λόγον,
1340 3145 1478 3211 καταψη-
1528 3135 1529 3138 ’

313 3230 436 3307 φίσηται
451 3223 537 3311 ήμοῖν
554 3234 608 3311 τῆς
624 3228 673 3293 ίπλ
690 3233 732 3317 τῷ
747 3227 840 3313 λέγειν
862 3234 1037 3316 προπετείας
1056 3228 1113 3313 τήν
1136 3228 1268 3313 σιωπήνς
1302 3227 1404 3318 Ὅπερ
1429 3231 1478 3296 esi

311 3335 367 3394 τοῦ
380 3334 528 3417 μακαρίου
545 3335 695 3416 Ζαχαρίου
714 3334 886 3414 πεποίηται·
910 3330 945 3409 δς
961 3329 1062 3416 ίπειδή
1079 3330 1121 3417 μή
1137 3335 1287 3399 ἐπίστευσε
1300 3339 1343 3422 τῷ
1358 3333 1478 3421 εάαγγτ-

309 3433 456 3522 λισαμίνρο
478 3431 534 3516 τήν
555 3435 669 3519 γίνεσιν
692 3439 746 3498 τοῦ
769 3432 895 3514 παιδδς,
924 3431 1129 3522 ἀνθρωπίνοις
1140 3441 1292 3522 λογισμοῖς
1307 3435 1478 3520 δοκιμάζων

310 3529 368 3617 τήν
381 3541 438 3600 τοῦ
454 3541 530 3600 θεοῦ
544 3534 631 3622 χάριν
646 3536 698 3602 καλ
719 3533 863 3619 δῦναμιν,
884 3539 936 3603 καλ
952 3541 1107 3624 διαπορῶν
1122 3534 1199 3624 πρδς
1216 3535 1323 3605 ἓαυτδν
1340 3541 1370 3604 εί
1382 3537 1478 3622 φῦσιν

310 3639 369 3721 ίγει
391 3634 444 3703 τδν
459 3637 629 3722 πρεσβύτην
650 3641 684 3705 λι
705 3646 758 3722 τῆς
777 3642 999 3726 προβεβηιυίας
1015 3639 1307 3723 παιδοποιήσασθαι,
1338 3646 1369 3708 τί
1385 3663 1477 3726 φησις

312 3745 388 3818 Παῖς
403 3738 554 3828 γνοίσομαι
572 3749 661 3808 τοῦτο
679 3740 727 3808 ῦτι
743 3743 839 3822 ἔσταις
869 3741 926 3829 ἒγοδ
938 3743 996 3830 γάρ
1010 3746 1070 3828 είμι
1085 3739 1264 3829 πρεσβῦτης,
1295 3744 1349 3810 κοιλ
1366 3739 1477 3832 ήγυνή

309 3869 369 3926 μου
392 3846 599 3930 προβεβηκνῶ
622 3845 655 3910 ἐν
678 3853 743 3920 ταῖς
767 3842 891 3931 ήμίραες
911 3843 1012 3931 αῦτῆς.
1060 3853 1225 3934 Τοιγαροῦν
1248 3843 1363 3914 ’ἀπάτα
1383 3847 1475 3932 ἤκου-

310 3967 362 4012 σεν
379 3944 422 4013 ῦτι
431 3996 440 4027 ,
466 3944 549 4012 Ἰδοῦ
564 3948 617 4036 ίση
634 3953 773 4028 σιιοπῦν,
802 3945 905 4014 καλοῦ
919 3951 1084 4034 δυνάμενος
1101 3957 1213 4032 λαλεῖν,
1233 3951 1285 4017 καλ
1301 3947 1360 4018 οῦκ
1374 3951 1477 4034 ίλάλερ-

310 4065 362 4112 σιν
383 4047 521 4127 ἐξελθεῖν.

345 4169 404 4222 ειν.
416 4172 531 4223 xxxn.
548 4199 582 4212 -
618 4171 640 4224 l.
659 4169 704 4226 καὶ
725 4187 771 4224 ονε
793 4177 819 4226 ια
835 4176 873 4226 ιε.
940 4178 965 4228 5.
980 4175 1041 4232 τότε
1057 4177 1149 4228 υοειοαι
1165 4179 1284 4228 νααυεα.
1319 4178 1350 4226 ει
1363 4182 1426 4228 παι
1438 4181 1476 4226 ει-

310 4236 392 4289 P‘lw·
414 4241 494 4292 &ltm-
511 4247 582 4306 mn&
905 4247 993 4297 ιιίίιτίε
1005 4251 1150 4298 strumarum
1166 4248 1295 4297 comorius
1307 4257 1363 4296 εστι
1378 4249 1477 4296 vam

344 4305 368 4355 ¹²·
385 4308 451 4357 mm·
468 4312 537 4373 Ιθ’ίίίθ
554 4305 602 4363 δῑό·
905 4313 1015 4364 Proinde
1036 4331 1092 4364 cum
1114 4309 1267 4372 audivisset,
1286 4311 1353 4364 Ecce
1371 4311 1421 4363 ειῖε
1437 4313 1476 4362 εῖ-

344 4370 369 4424 3·
390 4375 464 4438 ”¹¹2⁰
481 4371 552 4444 δεῖν·
904 4379 966 4443 λοσε,
985 4391 1011 4432 οε
1025 4399 1077 4433 non
1092 4380 1188 4448 ροιεείι
1201 4379 1278 4450 loqui,
1295 4396 1413 4448 ερεειισι
1427 4389 1475 4445 εει,

343 4436 368 4489 4·
385 4441 591 4560 προεφρττάομιν
613 4447 686 4510 εδίίί,
710 4451 790 4500 ίανίίίε
806 4451 872 4501 ίλδτίε
905 4459 931 4501 ει
949 4465 1001 4501 non
1020 4460 1060 4501 ειε
1077 4449 1186 4501 locutus.

309 4521 384 4562 πεπυ
399 4521 475 4559 τκοτα
486 4513 514 4561 is.
