3042 5016
312 254 450 307 rnnsnn
468 252 722 308 crnnnromr.
738 255 973 307 uusnuxxvu
1161 239 1223 303 329
1289 293 1293 300 .

63 374 149 438 etiam
180 376 228 460 qui
253 375 289 439 alr
311 375 444 458 ipsismet
465 373 585 439 Arianis
609 374 757 438 deliciunt.
810 373 939 460 Repetiti
965 395 1053 459 porro
1075 372 1153 437 illins
1174 373 1224 436 la·

64 478 159 563 ptismi
184 499 220 542 eu
244 479 369 542 formula
391 489 454 543 est:
487 475 519 540 ln
543 478 660 542 rromine
686 477 732 541 dei
755 477 900 554 increati,
932 489 961 540 et
984 477 1149 542 innomine
1174 475 1223 539 lilii

64 581 168 659 creati,
193 591 224 644 et
238 580 267 644 in
281 581 399 645 nomine
414 581 535 666 spiritus
551 581 774 658 sanctificantis,
799 591 830 643 ct
844 602 860 643 a
878 591 977 643 creato
992 580 1049 644 lilio
1064 578 1222 665 procreati.

63 683 162 768 Atque
178 694 211 747 ut
230 695 290 746 tota
304 685 419 748 illorum
436 686 531 762 draus,
567 705 601 746 an
615 683 752 747 scenicae
773 683 854 747 velut
876 694 955 748 artes
973 694 1004 746 et
1022 681 1154 747 fallaciae
1174 703 1224 766 pe-

62 787 140 850 uitus
165 797 343 873 appareant,
374 798 405 850 et
426 787 455 850 id
480 787 599 849 omnino
624 797 756 865 corrstet,
789 807 847 849 non
876 787 959 848 fidem
988 806 1054 848 csse
1078 787 1153 871 qnod
1176 786 1225 849 isti

61 889 250 975 praedicant,
274 889 326 952 sed
346 888 518 953 histrionum
537 889 697 966 officinam,
721 899 790 951 sunt
808 889 856 973 qui
872 898 1005 967 narrent,
1030 899 1171 973 quotquot
1187 888 1223 951 ab

61 993 97 1056 iis
116 992 214 1056 denno
234 990 437 1076 baptizantur,
461 993 491 1055 in
511 1004 598 1077 caput
616 992 764 1074 demergi,
789 992 910 1077 pedibus
930 992 958 1053 iu
977 991 1101 1055 sublime
1123 1012 1224 1076 porre-

60 1095 132 1172 ctis,
168 1095 267 1178 itaque
292 1094 493 1158 iusiurandum
517 1094 612 1178 adigi,
646 1115 792 1179 nunqnam
813 1115 846 1157 se
863 1095 899 1157 ab
916 1093 997 1157 illins
1014 1114 1116 1157 errore
1136 1105 1223 1178 atquc

60 1197 180 1262 haeresi
195 1197 392 1262 discessuros.
439 1193 553 1260 Ferunt
574 1197 695 1282 insuper
713 1195 832 1262 Aetium
851 1195 945 1282 ipsum
968 1210 1035 1283 post
1056 1193 1224 1269 Constantii

59 1301 173 1366 obitum
193 1320 209 1362 a
227 1297 340 1364 iuliano
359 1299 537 1384 imperatore
559 1286 728 1364 revocatura
753 1301 789 1364 ab
807 1299 917 1379 exilio,
951 1323 1015 1364 enm
1035 1312 1136 1366 sectae
1153 1319 1223 1362 suae

58 1405 203 1468 diaconus
220 1414 312 1481 esset,
337 1403 373 1467 ab
390 1403 519 1467 eiusdem
534 1424 605 1466 snae
622 1403 760 1490 episcopo
773 1407 808 1466 ud
826 1402 955 1488 episcopi
972 1402 1141 1487 dignitatern
1157 1421 1224 1466 esse

58 1516 246 1592 provectum.
1097 1513 1099 1520 “

146 1607 229 1672 llaec
246 1617 315 1671 suut
338 1629 412 1691 qune
429 1609 464 1670 de
482 1608 571 1672 Arrio
589 1608 727 1693 Ae'tiique
753 1608 902 1693 discipulis
926 1607 1106 1690 investigare
1129 1607 1225 1694 putui-

56 1733 136 1775 mns.
185 1708 269 1796 Quos
286 1709 417 1774 rronnulli
436 1711 627 1789 Auerruncus,
653 1712 707 1774 hoc
726 1722 772 1773 est
787 1711 944 1775 dissimiles
961 1711 1123 1790 nernrinaut,
1147 1711 1223 1796 qrred

58 1815 203 1878 Asianum
227 1813 363 1876 haeresin
378 1807 521 1877 'uberiore
546 1815 669 1898 quadam
694 1836 730 1878 ac
752 1814 843 1894 arrigis
867 1815 1035 1878 execranda
1056 1815 1222 1905 dogmatum

57 1915 213 2002 impietate
236 1927 424 2002 superarunt.
475 1915 521 1980 Dc
546 1917 650 2001 qrribus
671 1927 861 2002 posteaquam
884 1917 1050 2000 singillatim
1075 1938 1127 2001 pro
1153 1916 1215 1979 riri·

57 2017 132 2095 bus,
166 2017 266 2082 divina
294 2019 456 2106 opitulante
479 2021 591 2102 gratia,
623 2020 851 2106 disputavimus,
885 2020 1019 2082 acvelut
1039 2019 1223 2104 multipedem

56 2122 300 2206 scolopendram,
331 2122 406 2206 quod
424 2122 528 2186 insecti
545 2145 640 2207 geraus
657 2125 747 2187 iulum
762 2133 887 2200 vocant,
920 2122 1054 2184 veritatis
1070 2124 1142 2206 pede
1157 2144 1224 2206 pro-

56 2224 260 2303 culcavimus,
292 2236 321 2288 et
346 2223 424 2288 urrici
444 2225 490 2288 dci
511 2225 559 2290 filii
577 2247 647 2289 nera
668 2225 857 2288 coralessioue
873 2223 1085 2301 contrivimus,
1119 2224 1223 2307 gratiis

55 2329 114 2390 deo
134 2347 216 2390 more
233 2337 336 2390 nostro
353 2327 529 2413 persolutis,
555 2329 675 2412 eiusque
693 2330 728 2392 ad
749 2328 955 2394 imbecillitatis
975 2337 1094 2390 nostroe
1111 2325 1224 2410 praesi-

56 2429 139 2493 dium
155 2428 310 2514 implorata
325 2429 446 2509 virtute,
469 2431 505 2494 ad
524 2431 651 2515 reliquas
665 2431 803 2495 haereses
819 2451 871 2513 pro
886 2441 972 2515 captu
987 2428 1091 2492 virium
1108 2438 1223 2492 nostra-

56 2555 124 2596 rum
149 2532 421 2617 intelligentiaeque
451 2543 648 2597 transeamus.
693 2532 740 2597 Ae
766 2533 875 2596 domiui
897 2531 1030 2618 inprimis
1057 2553 1160 2617 opem,
1192 2543 1225 2595 ut

54 2634 206 2711 diximus,
230 2635 438 2720 imploremus,
462 2646 493 2698 ut
510 2637 535 2698 is
551 2637 587 2700 ad
607 2637 670 2701 illas
686 2636 877 2722 explicandas
896 2656 931 2700 ae
950 2635 1120 2698 refutandas
1138 2655 1224 2721 prac-

54 2749 101 2802 sto
120 2737 207 2801 nobis
224 2758 291 2803 esso
311 2738 400 2816 velit,
432 2759 489 2822 quc
506 2739 584 2804 iliius
601 2739 713 2804 viribus
727 2761 761 2803 ac
778 2749 924 2824 potestate
947 2737 1015 2802 ireti
1032 2739 1108 2822 quod
1129 2738 1224 2802 tenui·

54 2850 101 2904 tas
122 2839 371 2925 mediocritasqne
390 2853 491 2905 nostra
510 2841 641 2929 suscepit
655 2845 689 2905 ad
709 2844 820 2907 exitum
840 2843 1002 2927 perducere
1020 2839 1177 2925 pessimus.

360 2977 561 3030 attereretur
580 2979 666 3032 ΤΟΜΙ
684 2979 800 3032 TERTll
820 2979 917 3030 Ltnur.

89 3148 132 3204 37.
153 3144 283 3216 ἐυομότως
299 3151 367 3200 codd.
382 3164 437 3201 msa.
455 3153 491 3202 ed
510 3157 531 3202 ct
546 3156 622 3214 princ.
658 3148 724 3206 κατὰ
737 3147 837 3206 Ἀετίου
859 3149 903 3204 τοῦ
926 3145 1043 3214 ἀνομοίου
1070 3146 1223 3213 καλουμένου

89 3217 130 3270 38.
149 3217 217 3285 φησὶ
233 3220 301 3269 codd
318 3233 373 3269 mss.
391 3224 412 3268 et
428 3221 483 3269 edit.
501 3224 575 3282 princ.
656 3219 769 3274 καὶτῶν
791 3213 833 3273 rim'
853 3211 931 3274 ariaci
952 3213 1117 3282 Educpuouc'ru
1133 3218 1222 3269 καλου-

89 3286 103 3316 *
123 3289 198 3338 chd
214 3300 270 3338 mss.
292 3289 431 3351 subscriptio
446 3294 480 3340 est
496 3287 577 3351 Τέλος
594 3287 626 3343 τὰ
661 3287 749 3356 μένων.
