3060 5026
249 244 386 297 ananau
404 243 466 297 nra.
480 245 525 298 ιιι.
541 243 625 298 ross.
637 245 669 297 ιι.
687 239 786 300 naen.
799 245 943 298 cxxvrn.
1112 223 1176 298 4'1'7

29 366 105 430 bomo
128 381 223 430 senex
242 385 332 450 snpra
349 361 477 430 LXXX
502 385 596 430 annos
620 376 706 431 natus
727 365 870 451 virginem
887 366 922 430 ad
940 385 1023 430 usum
1042 366 1176 451 corporis

30 490 80 533 non
102 466 266 552 acceperit,
296 468 349 533 sed
369 467 467 532 divina
483 469 580 553 potius
598 469 784 554 providentia
802 470 839 533 ad
860 469 937 532 illam
956 467 1175 532 custodiendam

28 583 68 634 est
83 570 241 656 appositus.
287 567 403 635 Deinde
427 570 514 634 ambo
530 582 616 635 erant
637 572 736 656 utiquc
755 571 843 652 iustip
875 591 969 655 aeque
988 568 1037 655 qni
1053 570 1109 634 boo
1128 590 1176 634 se-

29 673 232 738 malaudiisset
251 673 476 752 luctaminum,
510 695 595 758 quem
615 673 644 738 in
666 684 751 740 utero
767 675 831 760 ipsa
855 673 1008 759 gestabat,
1040 673 1177 760 espiritn

26 796 87 840 esse
102 787 224 854 sancto,
250 786 316 860 pust
335 785 444 842 tantam
464 776 511 840 dei
528 775 811 841 administrationem
829 797 901 841 vase
916 776 967 840 illo
981 777 1104 841 auderet
1122 777 1176 854 nti,

27 879 93 962 qnod
110 897 177 943 eum
191 897 299 964 capere
319 889 469 944 meruerat
488 899 574 964 quern
593 879 630 942 ob
648 879 845 944 excellentem
869 879 992 964 gloriam
1012 879 1126 944 coelum
1143 897 1179 942 ac

25 992 96 1046 terra
112 981 267 1046 continere
284 1002 342 1046 non
360 992 496 1067 possunt.
542 978 621 1046 Nam
640 982 665 1046 si
686 981 741 1047 boc
758 981 823 1067 ipso
842 993 974 1066 tempore
997 983 1129 1066 virgines
1149 981 1178 1044 in

27 1084 82 1148 eius
100 1084 217 1149 nomine
241 1105 435 1168 perseverare
452 1084 482 1148 iu
499 1085 551 1148 illo
570 1095 648 1148 statu
666 1107 701 1149 ac
719 1085 942 1166 castimoniam,
978 1095 1009 1150 et
1024 1083 1180 1149 coutinen-

24 1187 87 1252 tiam
104 1207 228 1253 servare
246 1188 445 1266 contendunt,
479 1199 588 1272 quarite
609 1189 703 1252 maior
717 1185 835 1274 loscpbi
855 1188 961 1274 religio
979 1199 1044 1252 erat
1061 1207 1095 1251 ac
1111 1183 1179 1250 Ma·

23 1289 95 1370 riae,
119 1312 195 1376 quae
212 1303 245 1356 ut
259 1293 399 1376 scriptum
420 1300 484 1369 est,
508 1295 601 1353 amatia
619 1296 648 1353 r'n
668 1295 821 1354 corderam
839 1294 1025 1374 conserebat?
1068 1286 1177 1354 Cuius·
1196 1293 1251 1340 uns.
1265 1295 1287 1351 Ι,
1301 1295 1333 1341 ¹⁵·

24 1393 93 1456 modi
111 1413 185 1458 aero
200 1405 265 1458 erat
283 1393 369 1472 illud,
401 1405 466 1478 post
490 1393 548 1458 tale
566 1405 736 1478 tantumque
758 1394 877 1458 divinae
894 1392 1098 1480 providentiae
1116 1413 1180 1478 mp-

22 1497 137 1562 sterinm
156 1498 337 1582 decrepitum
359 1517 461 1562 senem
485 1517 551 1560 cum
575 1495 691 1581 virgine
718 1495 882 1561 castissima
901 1509 931 1561 et
949 1495 1179 1560 honoratissime

24 1619 235 1680 consuescere,
269 1621 335 1664 cum
359 1619 395 1664 eo
417 1600 535 1684 iuquam
555 1617 633 1664 uase
657 1601 733 1684 qood
760 1619 826 1664 eum
849 1601 898 1684 qui
919 1600 983 1686 oapi
1006 1619 1063 1662 uoa
1084 1608 1181 1683 potest

22 1715 133 1786 ceperat
149 1724 186 1766 ac
202 1713 259 1766 tam
278 1703 452 1788 stupendum
478 1701 603 1788 prodigii
626 1703 766 1767 coelestis
783 1713 813 1767 et
830 1701 973 1767 bumanac
996 1702 1100 1767 salutis
1117 1721 1181 1786 my-

23 1806 138 1870 sterium
162 1803 349 1890 complexum
374 1807 490 1869 luerat?

99 1905 182 1972 Nam
207 1929 281 1993 quae
307 1908 442 1972 rationes
465 1909 500 1972 ad
521 1908 592 1972 illud
613 1908 826 1973 ostendendum
847 1931 906 1972 non
932 1919 1089 1994 suppetant
1111 1908 1180 1971 bea·
1198 1918 1259 1988 cap.
1275 1918 1323 1972 tx,

23 2019 74 2074 um
92 2011 240 2096 uirginem
256 2011 286 2076 in
305 2009 480 2076 castimonia
497 2011 682 2097 perstitisse?
726 2009 862 2075 Doceant
877 2033 932 2076 nos
946 2012 985 2075 illi
1003 2021 1070 2095 post
1087 2011 1183 2076 salra-

21 2124 109 2178 torem
127 2113 159 2178 io
177 2115 272 2178 lucem
290 2113 397 2178 editum
424 2114 499 2178 ullos
515 2111 641 2178 Mariam
668 2115 819 2200 peperisse
837 2113 959 2178 liberos.
1006 2111 1115 2178 Dicant
1131 2113 1183 2178 bo·

22 2236 80 2280 rom
106 2218 250 2296 nomina,
285 2237 320 2280 ac
340 2218 365 2279 si
387 2215 483 2301 piacet
504 2217 690 2302 contingant,
723 2217 835 2282 lraudis
856 2237 890 2282 ac
913 2215 1063 2280 versutiae
1086 2217 1183 2280 omnis

20 2320 184 2384 architecti.
232 2314 292 2384 Sed
318 2319 387 2384 illud
413 2320 617 2383 demonstrare
642 2341 789 2406 nunquam
818 2328 966 2404 poterunt.
1012 2316 1083 2384 Non
1105 2320 1183 2383 enim

22 2423 102 2486 ullam
120 2425 211 2508 virgo
233 2422 289 2486 riri
307 2421 549 2487 consuetudinem
569 2421 680 2487 babuit.
725 2421 816 2488 Absit
833 2434 863 2487 ut
880 2421 1017 2486 habuisse
1034 2432 1180 2509 putemus.

21 2521 50 2588 Si
66 2526 147 2590 enim
170 2525 286 2610 aliquos
304 2525 414 2590 liberos
433 2526 614 2610 peperisset,
648 2545 722 2610 quae
746 2547 812 2590 cum
829 2525 978 2590 salvatore
994 2525 1058 2612 ipsu
1082 2545 1184 2590 versa·

21 2625 102 2692 batur
124 2628 264 2708 assidue,
298 2649 356 2692 nna
373 2638 404 2692 et
421 2628 512 2713 ipsius
537 2628 611 2691 lilios
637 2629 751 2692 risisse
769 2630 913 2692 dicerent.
960 2623 1020 2694 Sed
1047 2626 1183 2693 bacillis

20 2732 165 2816 euangelii
193 2731 300 2794 dictum
325 2732 479 2816 imposuit,
510 2733 587 2794 Eece
602 2743 692 2794 muter
709 2743 758 2793 tan
774 2744 804 2795 ct
815 2735 925 2814 fratres
942 2736 987 2793 tnr'
998 2734 1074 2814 sorti
1088 2741 1177 2806 snat,
1193 2748 1315 2805 uocatu

21 2846 188 2914 quaerentes
214 2846 251 2896 te.
296 2830 365 2898 Nec
390 2832 460 2897 illud
487 2833 724 2899 animadvertunt
751 2834 826 2918 quod
851 2845 938 2898 antea
961 2835 1100 2919 scriptum
1123 2845 1181 2913 est,

22 2939 157 3014 Quoacbm
180 2938 291 3020 framea
314 2941 375 2998 eius
398 2958 454 2999 ana
476 2939 630 3000 credebant
653 2943 682 3000 r'rr
705 2941 796 3000 tttnm.
845 2935 1008 3000 Enimvero
1033 2956 1088 3000 nos
1112 2958 1181 3023 pro·
1220 2948 1299 3044 lpepe·

21 3059 122 3122 gressu
148 3041 294 3125 temporis
318 3039 525 3104 instructiores
544 3039 667 3120 redditi,
700 3061 765 3105 cum
783 3041 938 3126 aliquando
961 3059 1063 3104 sacras
1083 3039 1184 3104 literas
1245 3032 1253 3058 ’
1280 3030 1286 3046 ’

23 3151 74 3206 tam
99 3142 281 3228 simpliciter
304 3143 432 3228 scriptas
455 3161 522 3206 esse
546 3143 739 3222 miraremur,
771 3154 923 3229 postquam
950 3144 1066 3228 penitus
1088 3144 1186 3207 omnia

22 3246 222 3328 pervidimus,
247 3244 430 3330 deogratias
448 3265 537 3330 agere
553 3245 721 3330 coepimus,
745 3246 793 3330 qui
810 3247 995 3331 paucissimis
1013 3251 1185 3334 quibusdam

21 3350 118 3414 verbis
138 3369 247 3414 eornm
265 3349 393 3412 omnium
412 3367 485 3432 quae
503 3347 533 3410 in
551 3347 645 3412 sacris
667 3347 760 3413 literis
781 3350 891 3436 scripta
908 3361 978 3415 sunt
994 3354 1133 3419 munitam
1153 3375 1188 3418 ac

21 3451 181 3516 stabilitam
199 3452 354 3516 veritatem
372 3450 515 3515 exhibere
531 3451 634 3514 voluit.
680 3447 757 3516 Cum
780 3453 857 3516 enim
876 3453 911 3518 de
937 3452 1046 3521 lacobo
1068 3456 1187 3522 assidue

21 3551 85 3618 illud
112 3555 308 3634 audiremus,
342 3556 461 3619 fratrem
481 3555 575 3638 ipsum
600 3552 710 3617 domini
733 3567 869 3620 vocatum
894 3556 1005 3639 luisse,
1039 3560 1088 3645 qui
1109 3559 1188 3624 istud

23 3658 106 3722 toties
131 3677 265 3722 necesse
283 3657 361 3720 lorct
378 3667 514 3740 repetere
532 3655 733 3720 admirabundi
755 3659 981 3742 quaerebamus.
1025 3659 1117 3727 Nunc
1136 3683 1189 3724 au·

25 3769 76 3823 tem
93 3781 152 3826 cur
167 3760 201 3823 id
217 3759 247 3824 in
263 3759 358 3824 sacris
376 3758 469 3822 literis
486 3769 554 3822 aute
574 3760 613 3823 sit
627 3759 802 3824 inculcatum
825 3761 1026 3848 intelligimus.
1076 3763 1189 3828 Videli-

23 3875 65 3927 cet
81 3877 113 3930 ut
129 3885 204 3929 cuna
223 3863 375 3940 andimus,
407 3865 482 3924 Ecce
498 3874 589 3924 muter
611 3875 660 3924 tun
681 3873 709 3924 et
726 3866 836 3945 fratres
853 3871 898 3926 tur·
910 3869 985 3946 ferale
1006 3877 1084 3930 stunt
1105 3889 1190 3950 pune-

24 3979 112 4030 rentee
131 3981 180 4043 te,
209 3965 246 4028 de
261 3961 369 4028 lacobo
386 3985 421 4029 ac
440 3963 550 4029 ceteris
567 3961 686 4051 loscpbi
701 3966 786 4045 liliis,
812 3988 871 4030 noa
891 3965 1026 4044 Mariae,
1052 3968 1101 4054 qui
1119 3969 1190 4032 uulli

23 4082 103 4149 sunt,
141 4070 257 4133 dictum
282 4067 350 4130 illud
377 4088 444 4132 esse
467 4068 636 4132 doceamur.
682 4065 788 4153 Neque
809 4067 886 4132 euim
909 4071 1025 4134 dubium
1050 4082 1096 4133 est
1121 4070 1189 4154 quin

25 4163 170 4250 lacobus,
199 4191 257 4254 quo
275 4181 405 4256 tempore
426 4167 564 4235 Christus
582 4172 610 4233 in
628 4171 805 4236 boemundo
824 4173 1017 4250 versabatur,
1043 4182 1124 4238 osset
1140 4191 1191 4235 ae·

24 4281 77 4335 tate
95 4273 286 4358 provectior.
333 4269 473 4336 Ceterum
491 4274 597 4337 fratres
613 4273 695 4359 ipsos
719 4273 866 4358 scriptura
890 4285 994 4354 vocat,
1026 4276 1192 4340 contrarias

24 4373 166 4443 haereses
185 4373 278 4440 tacite
290 4375 484 4459 redarguens,
508 4397 543 4440 ac
560 4377 678 4440 nomina
692 4375 808 4440 illorum
826 4377 1014 4462 exprimens,
1039 4375 1191 4458 Iacobum,

24 4475 106 4560 lose,
134 4477 340 4566 Symeonem,
365 4473 479 4560 ludam,
505 4475 665 4558 Salomon,
689 4491 719 4543 et
735 4475 872 4544 Mariam.
919 4477 968 4544 Es
985 4503 1042 4566 quo
1061 4482 1193 4548 declara·

70 4601 167 4658 corpus
182 4594 320 4642 flammat.
330 4591 360 4640 tl.
371 4595 393 4640 a.
949 4605 989 4668 27
