3060 5026
319 368 459 423 rausum
475 369 539 422 nun.
557 371 602 422 ur.
619 369 702 422 nont.
718 371 749 422 u.
766 369 866 422 nanu.
880 365 1027 422 curru.
1186 355 1248 420 426

88 490 139 556 uis
159 489 448 574 adumbrationisque
463 489 557 573 gratia
575 490 650 574 quud
668 490 749 574 regia
767 489 907 575 maedam
925 489 997 554 insit
1008 491 1038 552 iu
1053 488 1140 552 leone
1155 487 1250 573 digni·

86 604 155 672 tas,
188 594 284 679 sitque
305 593 472 657 animalium
500 593 628 656 omnium
652 591 878 657 audacissimum
903 613 937 656 ac
960 593 1150 656 fortissimum
1172 601 1203 654 et
1220 591 1253 654 in

84 697 200 761 ceteris
217 695 353 761 omnibus
370 706 490 780 aspectu
514 693 771 773 iucundissimum,
806 717 864 759 nnn
887 695 1014 760 absurde
1032 704 1155 758 matrem
1172 692 1250 757 illius

83 801 223 864 leaenam
238 799 458 885 appellabimus.
505 795 567 882 Qui
580 797 657 861 enim
675 798 722 861 len
735 797 872 883 genermi
892 808 987 883 potest
1004 797 1059 862 nisi
1076 807 1170 861 mater
1184 795 1249 859 eins

82 903 193 966 leaena
216 901 404 966 nominetur?
448 897 589 966 Ceterum
607 899 648 964 uti
667 899 771 964 leaena
792 901 922 966 secundo
941 921 1000 966 nnn
1023 898 1115 986 parit,
1145 899 1186 962 ita
1201 917 1250 961 sa-

84 1015 245 1070 crosancte
262 1005 347 1088 virgo
363 1001 460 1068 Μαιία
477 1003 598 1068 alterius
614 1013 715 1089 partus
730 1023 840 1088 expers
856 1003 925 1082 luit,
960 1024 996 1066 ne
1018 1003 1128 1067 nnllnm
1145 1021 1250 1087 enrpn·

85 1109 134 1173 ris
156 1107 363 1172 commercium
387 1106 534 1172 exercuit.
1148 1153 1151 1166 .

175 1208 255 1295 Quin
285 1221 315 1274 et
343 1209 420 1274 aliud
453 1219 607 1294 practerea
633 1209 875 1296 contemplemur.
929 1207 999 1273 Fuit
1028 1202 1081 1282 illa,
1110 1217 1404 1294 perpetuacnp.Xttt.

85 1311 204 1379 Christi
224 1333 342 1390 comes,
375 1331 431 1376 nec
447 1310 484 1376 alr
502 1311 566 1375 eius
580 1312 732 1376 consortio
749 1312 874 1377 divulsa.
921 1317 1043 1375 Vocatus
1057 1315 1195 1374 ecclesus
1212 1313 1404 1387 adunarent

85 1421 221 1498 rognum
255 1415 353 1480 statim
370 1414 429 1480 illic
445 1427 536 1478 muter
549 1419 610 1477 αιἀα
624 1427 653 1478 et
662 1417 773 1498 fruces
787 1415 961 1494 uetuerunt,
992 1435 1047 1478 nec
1063 1435 1186 1499 usquam
1202 1411 1251 1478 ln-

85 1519 173 1606 sephi
199 1517 321 1584 mentio.
368 1522 443 1598 Quid
462 1519 534 1580 mr'lr'
548 1519 660 1591 et'tiln',
693 1520 816 1580 mcls'cr?
845 1521 966 1581 nondum
989 1522 1067 1580 oenr't
1086 1520 1157 1579 loru
1174 1538 1246 1580 mer.

84 1621 161 1688 Non
177 1620 269 1700 dixit,
301 1617 379 1704 Quid
399 1619 468 1684 milti
489 1632 519 1683 ct
534 1620 619 1684 vobis
636 1619 781 1684 homines.
829 1617 902 1684 ltem
925 1619 1027 1684 aderat
1047 1617 1143 1684 Maria
1162 1617 1249 1705 Mag-

86 1725 212 1804 dalene‚
237 1733 267 1786 et
283 1720 381 1788 Maria
400 1720 566 1809 (leaphse,
591 1733 621 1786 et
640 1721 737 1788 Maria
752 1732 845 1786 mater
862 1721 950 1802 llud,
982 1722 1122 1787 etaltera
1138 1720 1247 1802 Maria,

85 1840 120 1892 et
140 1824 259 1892 Salnme
282 1846 348 1890 cum
372 1823 436 1889 eliis
460 1825 643 1890 mulieribus.
688 1823 760 1889 Non
784 1825 859 1889 dixit
879 1824 940 1889 illio
963 1821 1119 1910 losephnm
1144 1824 1248 1906 luisse,

85 1931 140 1994 vel
158 1927 296 1994 iacobum
322 1931 442 1992 tratrem
464 1927 585 1990 domini.
631 1924 690 2010 Qui
708 1927 823 2012 quidem
840 1927 999 2013 nonaginta
1015 1947 1072 1992 sex
1088 1948 1181 1992 annus
1198 1948 1251 1992 na-

85 2045 139 2108 tus
162 2052 201 2095 ex
227 2031 282 2095 lnac
305 2031 365 2095 vita
389 2029 542 2109 discessit,
573 2051 639 2093 cum
667 2037 835 2114 perpetuam
859 2029 1057 2114 virginitatem
1085 2042 1248 2096 comesset.

86 2132 186 2202 Cuius
211 2144 300 2218 caput
324 2153 470 2217 nunquam
494 2133 574 2196 ierro
599 2131 752 2196 detonsum
777 2142 841 2212 εει,
873 2153 968 2217 neque
992 2132 1019 2196 is
1041 2131 1156 2196 lralueis
1178 2153 1250 2198 usus

87 2248 155 2316 est,
187 2257 282 2320 neque
305 2235 464 2299 auimatum
486 2235 638 2319 quicquam
659 2235 696 2298 ad
711 2233 806 2298 eibum
828 2235 974 2315 adhibuit,
1009 2255 1104 2320 neque
1122 2235 1250 2300 tunicam

87 2342 213 2404 alteram
231 2338 342 2419 induit,
367 2339 418 2402 sed
437 2338 514 2403 limen
531 2337 649 2424 palliolo
665 2336 806 2401 duntaxat
824 2359 894 2402 uana
910 2349 974 2418 est,
1008 2338 1250 2424 quemadmodum

84 2451 217 2506 testatur
233 2441 429 2526 evangelium.
475 2445 579 2521 Fugit,
605 2439 714 2525 inquit,
738 2443 901 2504 adolescens
916 2445 1019 2505 relicto
1032 2446 1166 2518 aritdm,
1190 2464 1246 2524 pun
1276 2467 1351 2514 stare.

85 2557 159 2609 mut
169 2549 297 2606 amiotus.
343 2542 422 2608 Nam
442 2540 569 2608 loannes
585 2554 615 2606 et
633 2540 756 2608 lacobus
772 2565 829 2606 uun
845 2565 911 2607 cnm
927 2541 1036 2610 Inculto
1054 2556 1156 2610 nostru
1172 2545 1249 2609 idern
1285 2521 1318 2578 ¹⁴’
1331 2520 1366 2565 ⁸¹⁹

85 2648 161 2712 illud
187 2648 265 2712 citae
285 2645 449 2711 institutum
474 2645 601 2731 amplexi
628 2655 716 2724 eunte
749 2667 872 2730 quorum
891 2648 949 2712 duo
971 2648 1085 2731 priores
1103 2646 1250 2711 Zebedaei

87 2751 162 2828 lilii,
186 2759 352 2834 postremus
369 2749 483 2834 luseplti
501 2749 576 2814 lilius
593 2748 701 2812 domiui
718 2749 810 2812 irater
826 2749 986 2834 appellatus
1008 2761 1071 2830 est,
1096 2749 1171 2834 quud
1194 2768 1250 2813 una

87 2852 240 2936 cumipse
258 2851 387 2916 nutritus
405 2865 493 2936 atque
510 2853 667 2930 educatus,
692 2851 728 2915 ab
746 2871 842 2936 euque
863 2850 961 2915 lratris
979 2853 1044 2916 lncn
1064 2852 1102 2916 sit
1121 2851 1249 2929 habitus,

87 2963 214 3040 propter
231 2953 309 3018 illam
327 2953 440 3018 scilicet
461 2975 546 3038 quam
570 2974 636 3018 cum
657 2951 754 3018 lllnria
775 2953 916 3039 lnaepltus
936 2955 1181 3019 necessitudinem
1199 2953 1252 3017 ha·

84 3057 172 3136 buit,
206 3077 330 3140 quocum
360 3067 423 3120 erat
448 3056 497 3121 illa
525 3056 692 3120 coniuncta.
748 3052 889 3122 Ceterum
919 3057 973 3121 soli
1003 3056 1069 3122 huic
1093 3055 1198 3120 laculo
1223 3057 1252 3120 id

63 3159 214 3224 ¹honoris
234 3159 404 3224 attributum
425 3173 489 3238 est,
521 3159 612 3222 semel
631 3169 663 3222 ut
677 3160 834 3242 quotannis
855 3160 884 3222 in
897 3171 1002 3232 ,sancta
1019 3169 1189 3223 sanctorum
1207 3160 1252 3222 in·

86 3261 285 3347 graderetur,
320 3261 396 3346 qnod
424 3271 454 3324 et
478 3259 656 3326 Nazarenus
682 3272 781 3340 essct,
815 3273 846 3325 ct
871 3283 937 3325 eum
962 3259 1136 3327 sacerdotali
1159 3263 1252 3348 stirpe

86 3363 280 3430 coniunctus.
327 3363 413 3430 Unde
436 3372 467 3426 et
488 3360 587 3427 Maria
608 3363 712 3447 duplici
734 3383 799 3427 cum
822 3361 994 3428 Elisabetlta
1020 3365 1196 3449 cognatione
1217 3385 1252 3428 ao

86 3467 310 3532 necessitudine
330 3466 486 3534 coniuncta
506 3466 576 3544 luit,
600 3476 631 3530 et
650 3465 772 3529 lacubus
788 3467 946 3530 sacerdotii
966 3466 1108 3552 dignitate
1126 3467 1251 3554 praesti·

85 3571 136 3634 tit.
185 3569 426 3654 Quandoquidem
447 3570 522 3632 duae
547 3569 614 3632 illac
635 3568 728 3632 triltus
746 3567 827 3632 snlae
846 3569 972 3633 invicem
990 3570 1154 3656 nuptiarum
1172 3591 1252 3634 cnm-

86 3671 203 3736 mercin
225 3673 439 3756 iungebantur,
464 3670 564 3756 regia,
596 3671 733 3756 inquam,
762 3693 828 3735 cum
844 3673 1038 3753 sacerdotali,
1070 3685 1098 3736 et
1114 3675 1251 3738 sacerdo-

86 3774 242 3840 talianum
267 3773 361 3858 regia.
409 3771 659 3858 Quemadmndum
679 3775 747 3838 olim
772 3774 827 3838 sub
847 3777 1027 3860 egressionis
1052 3797 1090 3839 cx
1108 3775 1247 3860 Aegypto
1260 3797 1403 3856 moueat

85 3890 204 3963 tempus
229 3873 370 3940 Naasson
397 3877 490 3941 tribus
516 3879 604 3942 ludae
629 3876 765 3962 princeps
788 3875 992 3943 Elizaltctham
1018 3878 1095 3942 illum
1121 3877 1248 3962 priorem

83 3979 221 4047 Aarnnis
242 3977 327 4042 liliam
350 3979 445 4042 duxit.
492 3975 621 4064 Exque
646 3981 751 4044 lactum
774 3989 821 4044 est
845 3992 876 4043 ut
895 3980 1060 4064 cumplures
1085 3979 1250 4043 haeretico·

85 4105 153 4148 rum
171 4093 272 4146 sectae
292 4077 402 4146 Christi
424 4081 532 4145 domiui
551 4081 715 4166 prosapiam
737 4103 771 4146 ac
790 4081 992 4166 genealogiam
1017 4082 1172 4166 ignorent,
1205 4093 1249 4145 at-

84 4205 145 4272 que
169 4184 207 4248 ult
223 4185 301 4250 illam
319 4205 402 4248 suam
423 4184 646 4248 haesitationem
674 4184 758 4246 iidem
781 4195 938 4267 arrogent,
970 4205 1005 4246 ao
1024 4184 1177 4248 veritatem
1199 4205 1250 4271 up-

84 4307 221 4374 pugnare
236 4307 269 4350 se
288 4296 406 4372 putent,
430 4308 495 4350 cunt
512 4286 581 4351 illud
603 4285 768 4351 obiiciuntr.
795 4283 856 4368 Qui
871 4286 932 4350 lieri
953 4297 1051 4370 potest
1067 4297 1098 4350 ut
1117 4309 1190 4372 quae
1209 4309 1247 4354 ex

83 4507 235 4558 quumqunm
252 4497 273 4541 et
288 4494 354 4556 intro
370 4507 424 4555 cop.
444 4489 481 4543 lfa
499 4493 581 4543 endem
604 4505 652 4542 une
685 4493 726 4544 aed
740 4494 805 4544 lucr.
816 4489 860 4556 69,
870 4489 911 4544 93.
928 4495 1054 4543 Montanus
1067 4496 1122 4544 dem
1137 4487 1183 4547 ntiae
1195 4491 1250 4546 duct

82 4565 221 4612 resumeret.
248 4561 390 4624 hpetnmua
401 4563 554 4622 sttnmrnpro
565 4575 617 4623 cup.
628 4559 650 4611 7.
686 4555 735 4613 sind
761 4561 812 4612 cuir
837 4559 933 4630 χρόνων
958 4553 1061 4630 Ἰωσὴφ
1084 4563 1128 4618 coti
1153 4556 1249 4632 ταύτης

84 4627 177 4700 Μαρία
193 4626 239 4698 μιν
253 4625 302 4696 γὰρ
317 4625 478 4698 dependetur:
491 4629 528 4698 τῷ
540 4622 651 4698 Ἰωσήφ,
686 4624 822 4700 incensori·
1258 4661 1261 4664 -
