3060 5026
261 262 397 316 ranasn
414 264 476 316 nro.
486 261 531 316 ru.
548 263 675 318 reum.
691 261 793 316 uana.
806 263 937 315 uxxvn.
1113 247 1175 316 385

35 382 91 468 sepi
111 381 227 462 iaeens,
258 384 295 447 ab
322 384 493 468 angelorum
521 393 567 448 est
588 383 679 448 oboro
703 383 848 468 cognitus.
894 380 1090 446 Mittebantur
1115 391 1177 446 tum

36 486 167 550 coelestes
182 485 224 549 iili
243 486 412 567 exereitus,
446 487 494 576 qui
510 485 679 572 sempiterni
697 487 777 572 regis
795 487 960 572 ingressum
980 485 1179 572 apparitorum

34 608 63 650 ae
86 589 238 652 satellitum
266 609 348 653 more
371 588 530 675 stiparent3
564 588 749 674 triumphalia
777 590 905 671 earmina
932 587 1178 666 eoneinebaotnr,

34 710 86 774 pax
105 691 224 777 insuper
245 690 412 777 pastoribus
434 689 634 756 nuntiabatur.
682 687 748 774 Qua
771 690 861 776 igitur
877 693 906 756 iu
923 711 956 756 re
974 690 1051 755 illins
1067 700 1112 752 est
1133 688 1333 758 iri-uarum.

34 793 136 856 insueta
154 793 312 858 maiestas?
353 791 432 858 Nam
448 815 514 857 eum
531 794 625 857 adhue
641 793 738 857 inians
757 805 854 873 esset,
887 805 917 857 et
932 793 1036 857 alienis
1054 791 1181 857 braebiis

33 905 206 977 gestaretur,
231 915 327 959 novae
346 895 382 959 ab
395 897 511 960 oriente
529 897 631 960 stellae
650 897 814 981 prodigium
833 896 986 981 apparuitq
1018 895 1094 980 quod
1112 894 1181 958 sub·

33 1009 140 1062 secutus
156 998 296 1084 deinceps
313 995 470 1086 Magorum
487 999 649 1078 adventus,
673 999 854 1062 adoratioet
870 999 1054 1082 obsequium.
1101 995 1180 1060 Tum

34 1099 65 1162 ab
77 1121 145 1184 rege
164 1103 240 1164 faeta
257 1101 396 1165 ascribis
414 1100 583 1187 inquisitio,
607 1101 835 1185 eorumdemque
856 1121 1030 1187 responsum
1050 1121 1085 1164 ae
1101 1099 1181 1164 veri·

35 1203 93 1265 tatis
109 1204 271 1268 confessio.
317 1202 443 1288 Reliqua
460 1205 575 1268 demum
595 1204 669 1286 aiia,
702 1223 776 1288 quae
793 1214 1012 1288 consequenter
1028 1223 1181 1288 exponun-

34 1314 89 1382 tur,
120 1305 186 1391 quid
211 1305 357 1370 divinitati
378 1306 456 1370 iilius
476 1307 593 1370 offioere
610 1307 787 1392 potuerunt?
830 1304 986 1390 Quodnam
1010 1325 1084 1369 vero
1103 1315 1135 1368 ut
1150 1303 1180 1368 in

34 1406 109 1472 nobis
124 1407 280 1489 usuvenit,
312 1408 410 1472 earnis
434 1409 584 1489 detentio,
614 1409 696 1474 velut
714 1408 946 1492 integumentum
963 1407 1004 1471 itti
1023 1419 1053 1471 et
1067 1407 1182 1472 involu-

34 1529 104 1572 emm
121 1511 264 1575 obduxit?
306 1508 384 1575 Naro
407 1521 437 1575 et
455 1522 658 1597 tempestatem
681 1532 747 1575 eum
765 1511 863 1574 ventis
887 1532 923 1574 ao
937 1509 1010 1574 mari
1033 1511 1244 1595 increpueru-
1258 1515 1280 1572 Β,
1292 1515 1326 1558 ²⁸·

34 1631 81 1673 neu
98 1611 195 1676 divina
214 1613 291 1677 iilius
307 1624 458 1699 potestas,
490 1635 555 1678 eum
573 1615 601 1679 id
617 1615 693 1700 quod
712 1625 834 1678 naturae
858 1633 929 1678 suae
950 1624 1182 1677 oonseotaneum

33 1725 74 1777 est
90 1716 229 1795 efficeret,
254 1716 419 1781 earnisulia
435 1717 612 1801 oootagioue
628 1717 883 1803 praepediebatur.
930 1714 1099 1800 Quinetiam
1117 1735 1182 1778 eum

35 1836 80 1878 sna
101 1819 182 1882 earui
205 1819 297 1883 mutes
320 1820 509 1904 gravitasque
533 1829 701 1898 eoustaret,
734 1839 917 1904 nequaquam
940 1828 1036 1882 tameo
1059 1817 1132 1882 haee
1149 1817 1184 1881 it-

33 1917 83 1980 lum
99 1919 232 2005 gravitas
249 1922 422 1986 retardavit.
465 1919 542 1985 Nam
561 1943 651 2007 supra
665 1943 756 2006 aquas
778 1921 954 2001 ambulavit,
990 1921 1030 1984 uti
1047 1918 1182 1984 immuta·
1196 1927 1279 1974 maru.
1292 1929 1323 1973 ¹⁴·

34 2018 110 2085 bitena
127 2024 215 2088 deum
237 2035 389 2110 parerat,
423 2024 471 2109 qui
490 2023 534 2088 sie
550 2025 580 2088 in
597 2046 686 2088 earne
704 2025 877 2089 versabatur
894 2023 973 2087 nulia
990 2034 1022 2087 nt
1041 2023 1071 2085 in
1088 2021 1183 2108 ipsum

34 2142 67 2186 es
85 2125 131 2190 itia
156 2127 279 2190 mutatio
305 2127 495 2190 redundaret.
541 2125 644 2211 ltaque
660 2137 689 2190 et
705 2136 846 2190 oontenta
867 2147 942 2190 voue
959 2127 1002 2190 sie
1018 2125 1182 2189 eseiamat:

35 2228 137 2289 dusare
152 2231 321 2310 omiseras.
369 2225 402 2292 ln
421 2250 478 2314 qno
494 2249 612 2293 earnem
628 2229 684 2293 sibi
703 2238 913 2316 repugnantem
930 2228 1049 2292 minime
1065 2238 1111 2292 est
1130 2249 1184 2291 ea·
1226 2237 1304 2286 renna.

33 2340 143 2410 pertus3
170 2349 265 2416 neque
282 2330 420 2395 divinitas
434 2332 497 2416 ipsa
512 2333 541 2395 in
560 2352 648 2396 earne
667 2334 856 2418 perfectaque
874 2331 1000 2396 hominis
1019 2343 1123 2396 natura
1136 2351 1184 2406 ree
1223 2293 1300 2349 n’ss

33 2429 124 2496 sidens
147 2433 230 2497 velut
252 2434 395 2498 servitute
419 2435 542 2520 quadam
566 2445 612 2500 est
634 2455 787 2520 oppressa.

108 2533 272 2600 Possumus
298 2547 329 2599 et
353 2536 411 2600 ulia
434 2536 581 2623 complura
607 2538 787 2617 subtexere,
820 2537 902 2602 velut
926 2539 1001 2621 quod
1024 2539 1183 2603 amortuis
1226 2549 1288 2620 cap.

35 2637 178 2702 exeitatus
199 2648 263 2717 est,
299 2639 375 2742 quod
399 2639 559 2704 inferorum
578 2640 704 2705 elaustro
721 2640 882 2726 perfregit,
914 2641 989 2725 qood
1004 2642 1186 2726 captivorum
1199 2621 1324 2743 gfff,

33 2757 128 2822 agmen
146 2741 179 2804 in
198 2749 374 2826 potestatem
397 2743 513 2828 redegit
531 2754 559 2806 et
575 2742 697 2824 eduxit,
730 2743 807 2828 qood
831 2742 917 2807 tertia
941 2743 987 2806 die
1008 2764 1073 2807 oum
1097 2763 1187 2807 earne

32 2843 302 2923 sansanctissima,
334 2865 390 2908 nee
414 2867 473 2909 non
490 2855 520 2910 et
536 2845 651 2925 anima,
684 2856 802 2926 mente,
837 2869 871 2910 an
892 2856 954 2909 toto
973 2845 1188 2930 deniquevase

33 2941 89 3026 ipso
113 2946 264 3027 surrexit,
296 2957 328 3009 et
350 2968 415 3011 eum
439 2947 590 3011 divinitate
614 2948 765 3032 copulatus
789 2948 875 3012 bomo
901 2949 1050 3033 perfectus
1073 2948 1186 3029 extitit,

33 3043 240 3133 humanamque
257 3059 390 3113 naturam
409 3049 445 3113 ad
461 3049 622 3116 divinitatis
635 3051 816 3114 consortium
833 3051 952 3129 evexit,
978 3049 1052 3113 adeo
1066 3062 1099 3114 ut
1112 3071 1187 3112 mors

33 3151 83 3227 r'pu'
102 3174 158 3213 aon
185 3154 344 3234 dominetur
364 3156 495 3233 empitius.
541 3151 636 3237 Igitur
657 3175 721 3216 oum
741 3151 893 3216 divinitate
918 3153 1092 3216 eonionotus
1111 3153 1188 3242 quod

33 3270 158 3317 erassum
177 3265 242 3316 erat
257 3264 288 3317 et
303 3265 473 3319 eoneretum
494 3263 582 3319 tenne
600 3277 635 3320 ae
650 3254 757 3320 subtile
774 3255 900 3320 reddidit
917 3265 976 3318 tum
994 3277 1059 3319 oum
1080 3256 1189 3320 elausis

34 3353 138 3420 toribus
153 3356 308 3440 ingressus
327 3369 388 3437 est,
421 3369 451 3421 et
466 3379 531 3421 enm
549 3359 707 3437 intrasset,
733 3379 850 3422 earnem
867 3369 896 3422 et
914 3379 984 3422 ossa
998 3359 1187 3439 monstravit,

34 3467 61 3519 ut
78 3468 108 3521 et
125 3459 287 3523 salutarem
312 3479 394 3523 suam
419 3461 578 3546 potentiam
604 3461 791 3542 ostenderet,
823 3472 853 3526 et
878 3463 953 3547 qnod
981 3463 1043 3547 spei
1069 3472 1189 3526 nostrae

35 3560 210 3645 propositum
234 3571 278 3626 est
303 3562 475 3641 exhiberet,
510 3563 685 3648 planumque
709 3565 822 3627 teneret
845 3565 942 3629 omnia
967 3587 984 3630 a
1006 3565 1097 3632 verbo
1123 3574 1190 3651 post

34 3675 196 3750 susceptam
214 3685 332 3728 earnem
352 3685 420 3730 esse
436 3667 577 3751 perfeeto.
624 3663 785 3730 Praeterea
802 3667 904 3731 eodem
921 3667 971 3733 ilio
988 3689 1113 3756 eorpore
1128 3688 1190 3730 ma-

35 3765 134 3846 gniboe
159 3766 293 3832 sublatus
317 3767 347 3831 in
368 3769 481 3834 eoelum
501 3770 536 3833 ad
556 3768 648 3855 patris
673 3771 825 3834 dexteram
851 3772 1001 3851 consedit,
1036 3792 1094 3834 nou
1114 3769 1192 3833 mole

34 3881 242 3955 praegravatus
261 3871 411 3956 eorporis,
436 3883 487 3937 aut
500 3893 573 3936 vero
588 3893 713 3958 eorpore
730 3873 794 3957 ipso
811 3875 927 3960 penitus
945 3875 1115 3950 exsolutus,
1138 3870 1191 3934 sed

36 3967 105 4035 idem
131 3973 227 4060 ipsum
251 3971 382 4058 spiritale
406 3975 571 4040 suscitavit.
625 3972 711 4059 Quod
736 3977 761 4040 si
784 3990 912 4040 aramum
938 3981 1012 4040 a'llod
1034 3995 1137 4056 eorpus
1160 3978 1189 4036 r'a
1230 3995 1249 4040 ι.
1266 3995 1319 4039 oar.

35 4081 212 4166 corruptione
226 4081 398 4153 armabatur,
422 4081 519 4159 surgit
535 4083 564 4140 ia
576 4082 809 4160 u'neorrupttime,
833 4084 989 4142 remanetur
1008 4100 1111 4160 eorpus
1128 4081 1190 4138 uni·
1231 4047 1264 4104 ¹⁵⁹
1274 4049 1306 4092 ⁴²

36 4181 118 4254 mule,
151 4183 283 4261 spartiaria
301 4201 404 4262 eorpus
426 4187 587 4258 errabatur,
621 4193 730 4266 quanto
755 4182 784 4244 id
808 4182 902 4266 magis
923 4182 959 4244 de
981 4179 1123 4264 unigeniti
1143 4179 1193 4244 biii

36 4279 78 4342 dei
95 4301 222 4367 eorpore
243 4304 296 4367 par
320 4293 367 4347 est
384 4283 542 4348 arbitrarii
585 4282 746 4370 Propterea
764 4283 842 4348 istud
860 4284 1007 4370 impiatum
1033 4293 1095 4346 est:
1125 4286 1191 4345 Non
1225 4307 1309 4352 rmum
1401 4330 1410 4350 .

37 4383 112 4446 meas
127 4395 255 4448 sanetum
273 4398 350 4450 tuum
365 4389 459 4450 uidere
472 4393 689 4471 commonuero,
713 4409 803 4469 nequae
816 4389 959 4468 relinques
972 4391 1092 4449 unimam
1106 4407 1193 4448 meum
1233 4359 1266 4412 ¹⁵'
1279 4362 1311 4406 ¹⁵¹

37 4489 203 4571 tarascona.
249 4488 349 4575 Atque
373 4489 446 4556 baeu
470 4491 586 4577 quidem
610 4488 708 4555 omnia
733 4491 770 4554 de
786 4490 917 4575 periente
941 4487 1068 4587 bominis
1088 4498 1194 4554 natura

86 4602 180 4662 cerpus
192 4603 328 4651 Maneat.
341 4604 371 4650 tt.
384 4607 406 4652 t.
950 4615 990 4678 25
