3068 5008
479 245 804 298 macttnnnnsosts.
1163 231 1226 296 583

71 375 131 430 etus
147 363 304 450 unicuiqae
320 367 482 452 permissus
498 377 562 447 est,
595 377 734 450 quantum
755 385 858 430 vocem
879 365 956 430 illius
973 366 1074 429 audire
1090 385 1125 428 ac
1141 375 1228 450 prout
1349 427 1351 432 .

70 487 170 553 rapere
188 478 313 552 poterat.
360 467 400 534 Ut
415 491 480 534 cnm
495 490 549 555 per
567 466 672 534 isaiam
685 469 727 532 ita
740 468 885 553 loquitur:
914 472 990 530 Eece
1005 471 1142 548 cistelliga't
1151 489 1226 548 parer
1235 470 1379 569 ffltpqlh

69 591 141 632 meua
161 573 290 634 deleatur.
338 569 423 654 Quae
451 571 542 657 patris
566 571 658 657 ipsius
678 571 771 635 verha
796 581 877 635 sunt.
924 566 976 634 Sic
1004 567 1128 648 Daniel,
1163 573 1230 631 Vrdr'
1292 555 1331 581 ”

68 678 208 754 ana'qauan
224 678 352 751 adrerum,-
377 676 451 758 quod
467 675 563 740 visunt
582 673 672 760 putris
688 673 835 758 proprium
854 673 919 736 luit.
965 669 1135 754 Quinetiam
1151 674 1225 758 apnd

68 776 151 840 alium
169 776 354 862 prophetam,
377 779 461 856 Ego,
485 777 597 860 inquil,
629 780 750 840 ohannes
767 780 968 857 multiplicavi,
1001 787 1032 837 et
1045 780 1074 837 ιἰι
1093 777 1285 838 manttusoae·
1299 781 1333 838 1².
1346 781 1378 826 ll

65 883 260 960 prophetorum
273 882 534 942 osminr'lntusram.
567 876 611 942 Ea
627 899 687 942 vox
703 888 750 942 est
767 878 817 941 filii
834 879 963 963 propria.
995 878 1081 964 Apud
1099 875 1227 941 Ezechi-

69 981 139 1044 elem
165 1001 257 1059 vero,
289 984 332 1043 Et
350 987 502 1062 assumpsit
525 1003 583 1056 me,
615 979 726 1064 inquit,
757 985 878 1061 ophitas
901 986 961 1056 dei,
993 993 1023 1043 et
1040 985 1180 1042 ceretae
1195 985 1378 1086 tirssaqqhglodt

68 1103 207 1165 eampum
231 1085 308 1168 quud
324 1085 359 1146 ad
377 1083 510 1167 spiritum
526 1094 659 1147 sanctum
673 1083 811 1167 pertinet.
858 1081 1010 1146 Eiusmodi
1025 1083 1080 1147 alia
1099 1084 1225 1168 prolerri
1334 1069 1341 1084 ⁶

68 1207 148 1270 quam
164 1185 287 1271 plurima
306 1197 446 1272 possuntq
470 1206 487 1248 e
504 1185 609 1270 quihus
626 1205 719 1269 pauca
735 1185 878 1269 quaedam
894 1185 991 1249 dhiter
1006 1186 1224 1271 proposuimus.

67 1287 160 1372 Atque
187 1299 218 1352 nt
245 1288 389 1373 propriam
416 1288 561 1353 ecclesiae
590 1289 712 1352 formam
733 1309 769 1351 ao
787 1297 873 1352 notas
891 1289 1135 1366 ostenderemus,
1166 1287 1224 1350 duo
1314 1343 1322 1352 .

68 1390 157 1454 triave
182 1390 275 1454 verha
297 1391 328 1453 in
346 1390 475 1454 inedium·
491 1389 641 1454 attulimus
665 1410 705 1453 ex
720 1390 842 1454 infinitis
866 1391 939 1454 locis
958 1411 1035 1476 quaa
1050 1391 1167 1453 illorum
1184 1389 1225 1452 si·

67 1493 142 1556 milia
166 1492 195 1556 in
220 1493 375 1579 scripturis
398 1513 434 1556 ac
453 1503 510 1555 tam
535 1503 639 1556 vetere
661 1513 745 1576 qnam
772 1514 850 1557 novo
870 1503 1047 1560 testamento
1073 1493 1223 1576 leguntur.

68 1592 134 1660 lllud
151 1616 223 1659 vero
241 1596 363 1682 insuper
379 1594 504 1658 ecclesia
518 1595 682 1680 profitetur,
707 1595 855 1659 dominum
872 1596 964 1681 ipsum
982 1616 1089 1682 eorpus
1108 1595 1224 1658 Adanao

68 1697 243 1778 fabricasse,
275 1711 305 1761 et
327 1703 482 1780 cooperasse
502 1701 550 1760 itta·
567 1691 698 1778 spiritum
720 1703 810 1774 natue,
845 1720 910 1762 cnm
933 1697 1082 1763 uirentem
1106 1697 1133 1761 ei
1152 1718 1221 1782 pro·
1260 1708 1351 1755 caat

68 1812 178 1865 crearet
198 1803 337 1866 animam.
384 1799 463 1864 Tum
480 1797 581 1886 Moysi
598 1800 693 1884 legem
712 1800 868 1866 tradidisse
885 1803 970 1866 deum
985 1802 1079 1887 ipsum
1096 1811 1222 1886 patrem,

67 1903 150 1967 hlium
168 1915 199 1967 et
211 1905 345 1988 spiritum
361 1915 508 1982 sanctam,
532 1911 667 1986 quaeest
682 1923 739 1966 ona
754 1903 904 1967 divinitas.
936 1902 1050 1968 [leinde
1066 1903 1103 1967 ah
1121 1904 1223 1966 eadem

67 2005 215 2070 divinitate
240 2005 397 2091 prophetas
421 2025 488 2068 esse
507 2005 625 2069 missos.
672 2006 719 2069 Ad
736 2005 808 2070 haec
825 2016 957 2070 nostrum
976 2006 1055 2070 illum
1074 2005 1159 2070 deum
1177 2000 1225 2067 ln·

67 2107 202 2172 dacorum
218 2128 253 2170 ae
268 2104 504 2172 Christianorum
520 2127 589 2172 esse
603 2128 799 2186 communem,
824 2107 872 2192 qui
889 2105 1015 2172 ludaeos
1030 2108 1066 2170 ad
1081 2106 1223 2170 iustitiam

66 2229 115 2274 eos
142 2211 277 2290 vocarit,
312 2211 360 2294 qui
383 2209 616 2274 incarnationem
640 2211 733 2295 ipsam
762 2211 870 2274 domini
897 2210 991 2274 nostri
1017 2205 1086 2274 lesu
1109 2205 1222 2273 Christi

65 2333 241 2398 nequaqnam
267 2313 468 2396 abnegarent,
500 2312 607 2396 quique
629 2311 695 2377 illos
722 2334 825 2378 omues
847 2325 967 2392 servat,
1001 2312 1110 2397 quiex
1133 2331 1222 2375 verae

65 2414 151 2496 ipsias
167 2416 233 2479 lidei
250 2415 431 2501 praescripto
447 2413 536 2478 uitam
552 2415 718 2493 instituunt,
744 2437 838 2500 neque
854 2417 971 2480 sineere
986 2427 1016 2479 et
1030 2414 1222 2500 evengelistae

65 2517 137 2580 illins
154 2518 307 2582 doctrinae
332 2518 529 2603 praedicatum
555 2517 665 2604 ubique
686 2518 791 2602 dogma
814 2530 968 2603 respuunt.
1015 2515 1107 2582 Venit
1128 2515 1220 2595 eninr,

65 2620 142 2683 uenit
157 2620 346 2705 unigenitus,
379 2620 479 2704 itaque
504 2631 598 2683 mater
623 2620 750 2685 eeclesia
767 2622 931 2706 profitetur.
977 2619 1064 2705 Quae
1079 2617 1221 2704 tranquil·

65 2721 106 2786 lus
128 2724 208 2809 pacis
229 2733 331 2809 portus
350 2733 412 2800 est,
448 2732 478 2786 ct
494 2722 625 2788 suavitas
641 2724 783 2807 quaedam
801 2723 870 2789 vitis
889 2745 1006 2806 cyprum
1021 2727 1166 2797 redolens,
1191 2733 1298 2787 etnam
1311 2737 1373 2794 tte

65 2827 170 2888 honum
194 2825 279 2890 nohis
306 2825 520 2889 benedictionis
542 2827 716 2910 proterens,
748 2847 803 2890 nec
822 2847 880 2890 non
900 2839 930 2890 ct
949 2826 1221 2913 praesentissimum

64 2925 128 2992 illud
147 2929 346 3014 abstergendo
371 2928 500 2992 moerori
521 2939 636 3012 putum,
668 2949 781 2992 moram
799 2927 913 2992 seilicet
929 2950 965 2993 ac
987 2949 1088 2992 verum
1108 2923 1221 2991 Christi

65 3031 252 3115 sanguinem,
277 3031 407 3115 quotidie
430 3029 570 3114 largiens.

44 3121 45 3124 ¹
143 3131 303 3196 Praeterea
323 3129 505 3198 Christusne
521 3129 618 3195 Maria
636 3152 754 3218 semper
772 3132 887 3218 uirgine
907 3151 1013 3196 revera
1030 3141 1130 3196 uatum
1150 3151 1220 3195 esse

64 3235 172 3310 credit,
196 3235 331 3319 espiritu
346 3246 448 3300 saneto
464 3255 521 3298 uon
540 3255 578 3298 ex
602 3234 678 3298 virili
696 3235 826 3315 semiue,
850 3235 902 3299 sed
919 3257 958 3300 ex
975 3236 1099 3320 ipsamet
1118 3255 1219 3298 sauro·

64 3348 160 3402 sancta
174 3338 301 3422 virgine,
325 3360 360 3402 ac
376 3337 473 3423 reipsa
490 3358 609 3423 corpus,
634 3359 692 3400 uon
709 3338 808 3422 speeie
826 3339 969 3402 duntaxat
986 3337 1128 3416 induisse,
1154 3359 1220 3400 car-

63 3457 142 3518 uem,
167 3441 304 3526 inquam,
329 3460 494 3526 corpusque
510 3460 630 3518 uerum,
656 3461 721 3504 oum
736 3441 853 3505 ossibus
871 3462 906 3504 ae
923 3441 1024 3506 neruis
1040 3439 1219 3525 reliquisque

64 3561 132 3622 quae
151 3543 236 3606 nohis
250 3543 352 3607 insunt
373 3541 527 3621 omnihus,
561 3542 632 3606 nihil
657 3552 686 3605 nt
705 3563 722 3605 a
740 3542 825 3606 nohis
848 3543 921 3628 ipsis
943 3555 1147 3629 praeterquam
1163 3564 1219 3606 ex·

62 3642 175 3708 callenti
193 3646 315 3730 quadam
332 3645 499 3710 sanctitatis
517 3665 551 3708 ac
571 3644 733 3708 divinitatis
749 3645 844 3729 gloria
866 3643 1030 3732 discrepet,
1062 3656 1123 3709 tura
1142 3645 1219 3729 quod

63 3747 224 3812 sanctitatis
250 3770 285 3812 ac
309 3748 438 3812 institiae
462 3769 516 3810 vas
539 3747 589 3811 sit.
636 3745 735 3811 liahet
758 3758 854 3812 antem
881 3750 979 3814 omnia
1006 3747 1220 3834 perfectissime

63 3847 130 3913 citra
148 3863 310 3936 peecatum.
357 3847 458 3935 Quare
477 3851 602 3914 hnmana
618 3870 725 3914 reuera
744 3861 790 3914 est
808 3853 906 3916 anima
926 3851 1091 3937 praeditus,
1117 3850 1218 3913 huma·

63 3969 153 4035 taque
169 3965 289 4032 mente;
319 3975 377 4017 noo
395 3954 472 4038 quod
491 3963 618 4016 mentem
637 3951 808 4038 hypostasin
828 3975 897 4018 esse
915 3953 1063 4033 dicamas,
1094 3964 1127 4016 ut
1143 3953 1218 4017 affir-

62 4157 126 4208 eodd.
142 4173 199 4210 mss.
216 4165 319 4223 uterque.
687 4155 727 4210 31.
736 4156 792 4225 τὴν,
807 4161 870 4222 quod
883 4161 955 4222 uutpo
969 4161 1034 4209 obeat
1047 4161 1077 4209 ct
1091 4159 1167 4222 editis,
1180 4173 1218 4210 re·

92 4225 131 4277 ¹27.
148 4221 168 4291 τῖ
187 4231 265 4278 mutas.
283 4231 309 4278 tn
325 4229 380 4279 edit.
398 4229 480 4279 Petro.
651 4229 718 4278 stitut
733 4241 763 4277 ec
778 4229 845 4278 codd
863 4241 918 4278 rum

93 4293 132 4345 ta.
159 4297 253 4359 hepone
271 4293 318 4360 niu
345 4292 435 4362 κύπριν
460 4309 490 4347 es
513 4297 620 4349 Ponurlo
687 4295 730 4346 3‘2.
746 4292 835 4354 ausu:
857 4288 928 4348 ἄλλοι
950 4293 1051 4363 λέγουσι
1073 4292 1139 4348 κατὰ
1162 4298 1218 4347 edit.

61 4373 113 4424 tap-
128 4363 200 4414 1096.
653 4367 751 4426 Percu,
775 4367 855 4415 inuitis
878 4367 944 4416 libris
966 4379 1023 4415 rusa.
1064 4366 1219 4416 scribendum

93 4429 132 4479 29.
152 4433 226 4496 Vulgo
241 4434 295 4482 libri
307 4425 436 4497 ἀληθινὸς.
652 4437 710 4495 puto
735 4431 779 4484 eal
795 4429 828 4484 rol
849 4429 929 4486 πάντα
950 4435 988 4484 aet
1012 4429 1046 4486 τὰ
1061 4430 1142 4486 πάντα
1161 4436 1215 4488 κτλ.

92 4496 131 4552 30.
150 4493 164 4554 d
183 4503 259 4552 omtso.
278 4502 304 4552 ιἰι
321 4503 375 4552 edit.
393 4503 476 4555 rano.
657 4501 694 4566 cs.
710 4501 804 4554 Penur.
818 4501 917 4572 (sepes
932 4502 998 4576 tid)
1015 4517 1071 4570 pop.
1083 4503 1156 4558 1097.
