3058 5014
302 263 438 315 rannac
456 261 572 316 maru.
590 263 675 318 nour.
686 265 704 316 1.
721 261 823 316 anan.
837 264 944 318 nxxv.
1139 249 1201 317 179

130 381 191 450 sed
211 403 277 448 cum
294 383 404 448 nnllum
421 381 614 450 succensendi
634 384 749 447 modum
770 385 880 448 laceret
898 383 1027 464 Aerios,
1060 385 1146 448 rixae
1165 405 1199 448 ac
1224 399 1285 470 cap.
1303 402 1333 453 tt.

52 487 140 572 iurgia
163 486 194 549 ia
218 485 282 549 dies
304 488 514 571 ingravescere
532 507 567 550 ae
591 497 708 550 mutuae
723 487 888 552 simultates
905 487 1020 571 augeri.
1066 487 1114 550 Ad
1133 486 1205 551 haee

52 589 164 675 pessimi
181 589 297 674 quidam
315 609 449 654 rumores
466 600 497 653 et
509 589 671 652 calumniae
693 588 837 653 adversus
853 585 1041 653 Eustatbium
1062 589 1098 652 ab
1110 589 1206 654 Adria

52 673 162 776 spargi.
216 687 336 754 luterim
366 688 539 756 Eustathius
563 692 719 776 episcopus
745 701 898 755 evocatum
926 692 961 756 nd
989 711 1057 756 sese
1081 691 1204 756 Adrium

52 793 188 872 mulcere,
213 794 375 872 adhortari,
400 795 584 872 comminari,
609 793 709 873 irasci,
734 793 911 878 supplicare,
936 815 1032 878 neque
1051 795 1205 878 quicquam

53 905 144 960 tanen
172 893 218 959 bis
244 896 334 960 rebus
355 897 484 961 efficere.
530 894 608 960 Nam
624 897 700 980 quod
719 894 756 960 ab
776 893 860 960 initio
878 897 1067 960 coustitutum
1087 896 1207 960 inchoa-

52 1009 166 1083 tumque
199 1001 315 1077 luerat,
346 999 497 1083 ingentem
525 1001 555 1062 iu
585 998 651 1062 mali
679 997 736 1060 vim
761 999 868 1084 erupit.
920 995 1076 1062 Postremo
1104 997 1208 1061 relicto

52 1101 247 1164 mendicorum
273 1100 401 1186 bospitio
426 1101 549 1165 discedit
573 1101 693 1164 Aerios.
740 1097 809 1182 Quo
834 1121 874 1165 ex
895 1112 1027 1186 tempore
1043 1100 1073 1164 in
1091 1119 1208 1164 omnem

52 1201 236 1267 occasionem
261 1203 393 1267 intentus
420 1203 502 1267 velut
529 1202 577 1287 qni
603 1203 716 1266 bostem
743 1203 908 1287 opprimere
931 1223 965 1266 ac
985 1203 1051 1266 telis
1070 1214 1208 1288 appetere

51 1309 155 1384 studet,
182 1305 322 1369 versabat
338 1325 371 1370 se
390 1306 419 1369 in
438 1325 541 1370 omnes
558 1315 656 1390 partes
673 1316 704 1368 et
718 1306 792 1390 apud
809 1325 912 1368 omnes
929 1305 1110 1370 calumniose
1127 1297 1209 1369 dein-

51 1429 116 1493 ceps
134 1406 292 1472 Eustatbio
309 1407 480 1472 detrabeus.
512 1406 584 1472 Nou
598 1407 624 1471 is
639 1417 696 1487 ast,
717 1406 880 1494 inquiebat,
904 1407 1029 1493 amplios
1043 1408 1091 1492 qai
1109 1409 1208 1471 bacte-

51 1531 102 1574 nos
126 1511 200 1588 luit,
232 1510 284 1574 sed
307 1511 343 1573 ad
367 1531 430 1574 rem
447 1519 578 1574 attentus
601 1518 664 1589 est,
698 1521 728 1572 et
746 1509 928 1573 cumulandis
946 1508 1050 1595 opibus
1067 1517 1145 1574 tolus
1164 1511 1209 1574 io·

52 1613 168 1676 cambit.
204 1609 290 1695 Quae
305 1613 423 1696 quidem
438 1633 490 1697 per
504 1633 647 1676 summam
663 1611 838 1676 calumniam
855 1611 892 1676 ab
907 1612 1001 1676 Adrio
1013 1612 1206 1678 iactabantur.

52 1711 223 1779 Eustatbios
238 1735 328 1794 vero,
362 1713 412 1799 qui
431 1714 576 1779 ecclesiae
594 1715 712 1799 negotia
730 1713 892 1793 tractabat,
927 1717 1027 1780 lacere
1045 1715 1131 1779 aliter
1149 1734 1209 1780 non

52 1827 183 1902 poterat,
207 1816 331 1901 ideoque
355 1817 545 1901 probabiliter
567 1816 639 1880 bace
659 1815 697 1880 ab
719 1815 813 1880 Adria
835 1817 1018 1881 dicebantur.

132 1916 278 1984 Ceteram
302 1918 445 1982 dubitabit
462 1919 585 1982 lncsitan
605 1918 728 2002 aliquis,
755 1919 892 2003 quoniam
912 1921 996 1984 Adrii
1013 1919 1099 1985 istius
1122 1939 1209 1983 oeca-

51 2022 132 2085 siooe
157 2021 339 2085 mentionem
356 2019 502 2085 llustutbii
521 2021 660 2099 lecimus,
691 2041 758 2084 num
777 2022 871 2106 ipsum
888 2022 1004 2085 tandem
1021 2020 1209 2087 Eostatbium

51 2125 226 2190 laudandum
246 2122 433 2187 arbitremur.
476 2121 557 2190 Nam
582 2123 658 2208 quod
676 2121 793 2188 adeius
811 2125 890 2187 vitae
909 2125 1073 2187 institutum
1091 2125 1208 2204 attinet,

52 2247 106 2289 non
130 2227 234 2312 paneis
252 2225 475 2290 admirationem
500 2225 623 2311 peperit.
670 2223 729 2308 Qui
746 2226 857 2289 utinam
876 2224 913 2289 ad
932 2236 1044 2290 rectam
1060 2245 1094 2288 ac
1112 2226 1209 2290 since-

51 2349 110 2391 ram
128 2329 217 2392 lidem
236 2327 436 2392 adhaesissetl
483 2325 594 2392 Verum
619 2327 665 2391 bio
685 2327 716 2391 in
741 2327 805 2391 Arii
825 2327 962 2412 dogmate
979 2349 995 2390 a
1012 2327 1155 2412 principio
1174 2328 1209 2391 ed

51 2430 132 2494 linem
165 2451 262 2515 usqne
291 2429 512 2516 perseveravit,
547 2428 695 2513 nihiloque
726 2431 962 2515 persecutionum
995 2428 1209 2493 calamitatibus

51 2534 152 2597 melior
168 2524 263 2598 lactus
278 2543 337 2597 est.
383 2529 534 2616 Siquidem
553 2553 618 2597 oum
642 2529 754 2595 basilio
774 2542 805 2595 et
820 2531 943 2596 Eleusin
964 2553 1000 2596 ac
1016 2533 1124 2598 ceteris
1144 2551 1210 2618 per·

50 2637 203 2700 secutione
227 2637 354 2699 iactatus
372 2645 436 2712 ests
468 2655 502 2697 ac
520 2635 636 2698 ridetur
657 2635 738 2698 etad
758 2631 911 2698 Liberium
929 2636 1034 2699 beatae
1050 2635 1210 2699 memoriae

51 2735 217 2802 Romanum
234 2738 401 2824 episcopum
416 2758 480 2800 eum
498 2736 565 2800 aliis
578 2735 724 2822 episcopis
739 2736 915 2820 legationem
930 2738 1053 2816 obiisse,
1071 2749 1102 2800 et
1116 2757 1210 2822 expo-

51 2839 156 2904 sitione
174 2841 260 2918 lidei,
290 2860 364 2924 quae
387 2837 417 2901 in
438 2837 573 2903 Nicaeae
598 2840 712 2925 synodo
732 2839 881 2924 proposita
899 2841 1011 2919 luerat,
1042 2860 1078 2904 ac
1100 2839 1212 2904 sinceri

51 2943 197 3028 dogmatis
210 2941 388 3028 professioni
403 2942 626 3024 subscripsisse.
672 2939 780 3005 Postea
798 2961 888 3020 vero,
913 2941 1026 3006 reluta
1044 2961 1158 3006 sonrno
1178 2959 1211 3006 se

51 3065 198 3112 mroews
212 3066 248 3109 ac
265 3044 394 3129 priorum
416 3043 601 3122 recordatus,
626 3044 661 3107 ad
680 3043 822 3114 Arionem
838 3044 1000 3128 perfidiam,
1023 3063 1109 3127 qnam
1127 3043 1212 3107 initio

52 3157 242 3233 susceperat,
271 3145 447 3231 respiciendi
474 3145 559 3208 boam
585 3145 694 3210 nullum
723 3145 834 3210 babuit.
880 3143 993 3209 Verum
1019 3147 1055 3213 ad
1073 3143 1211 3225 Adrium,

52 3248 165 3334 dequo
190 3249 342 3312 institutus
363 3268 380 3311 a
403 3247 489 3311 nobis
511 3268 611 3311 sermo
634 3245 705 3325 luit,
729 3248 898 3312 revocanda
921 3258 969 3311 est
990 3249 1098 3312 oratio.

134 3351 196 3416 llio
216 3351 306 3437 igitar
323 3361 443 3436 propter
457 3350 601 3414 eiusmodi
626 3349 758 3415 rationes
774 3349 902 3414 omnium
929 3371 1028 3413 rerum
1053 3349 1213 3415 abdiectio·
1231 3359 1291 3430 cap.
1304 3361 1347 3410 tlt.

53 3475 115 3518 nem
130 3451 220 3519 initio
236 3473 306 3538 prae
320 3473 353 3516 se
373 3453 449 3516 tulit.
496 3449 611 3516 Deinde
636 3451 859 3536 ptochotrophio
876 3452 980 3516 relicto
998 3473 1135 3537 magnam
1152 3451 1212 3518 uim

53 3579 149 3622 secum
176 3557 331 3640 utriusque
357 3575 450 3620 sasas
475 3554 623 3620 bominum
646 3553 787 3634 abduxit,
819 3555 868 3638 qui
889 3575 992 3619 onmes
1010 3555 1047 3618 ab
1064 3555 1211 3634 ecclesiis,

52 3661 140 3744 egris,
166 3657 252 3744 pagis
268 3668 299 3720 et
314 3657 427 3742 oppidis
441 3657 629 3721 arcebantur.
674 3655 722 3720 Ac
744 3677 958 3742 saepenumero
981 3668 1061 3724 totus
1079 3657 1127 3721 ille
1144 3675 1213 3720 coe·

55 3773 97 3826 tus
114 3761 188 3826 nive
211 3761 345 3846 perlusus
363 3759 470 3846 passim
487 3779 540 3845 per
554 3779 673 3845 campos
692 3760 747 3824 sub
765 3759 813 3824 dio
833 3761 975 3844 degebat,
1005 3770 1057 3823 aut
1073 3760 1108 3822 ad
1128 3775 1214 3844 prce·

54 3877 134 3951 rupta
151 3883 298 3930 saxorum
311 3862 460 3947 siluasque
478 3862 677 3946 conlugiebat.
722 3859 779 3926 Est
794 3872 893 3925 autem
909 3863 988 3927 illius
1003 3863 1108 3944 dogma
1124 3879 1213 3944 supra

55 3965 180 4031 bominis
197 3971 314 4051 captum
331 3966 472 4030 loriosum
486 3974 517 4027 et
532 3963 670 4028 immane.
716 3960 853 4049 inprimis
868 3965 966 4044 eninr,
991 3960 1144 4046 Quanam,
1168 3959 1214 4024 in·

55 4069 125 4152 quit,
149 4069 182 4134 in
200 4090 233 4133 re
251 4068 424 4156 presbytero
441 4067 595 4154 episcopus
615 4066 783 4130 antecellit?
826 4063 947 4130 Nullum
963 4065 1042 4128 iuter
1059 4074 1214 4149 utrumque

55 4241 123 4304 rslpo
142 4242 257 4303 praebent
272 4233 378 4304 ’deplem
649 4238 677 4286 eit
694 4251 749 4286 cum
768 4233 846 4285 multa
867 4251 911 4286 sue
933 4233 1007 4285 turbe
1031 4233 1162 4303 uigilantes
1183 4251 1214 4287 ae

86 4307 110 4360 'l-
127 4305 287 4374 impensior
304 4309 355 4360 cod.
375 4308 473 4372 emata.
650 4303 728 4354 sobrii
744 4302 770 4353 in
788 4302 853 4370 agris
869 4303 1002 4370 degebant.

88 4374 148 4427 Car.
165 4379 209 4426 tlt.
224 4403 259 4414 -
295 4377 316 4427 l.
343 4378 379 4427 lto
404 4377 477 4426 edtdlt
499 4375 618 4426 Pelcoius.
684 4373 756 4422 2.llc
771 4371 839 4423 codd.
855 4386 911 4424 mss.
928 4376 950 4422 el
963 4373 1000 4422 ed.
1013 4375 1088 4435 prlne.
1103 4374 1215 4424 Petoolus

56 4441 197 4510 νιφόμενοι
211 4445 296 4494 babent
309 4445 378 4494 codd.
388 4457 442 4494 mss.
461 4445 533 4494 eled
543 4445 619 4504 prino.
653 4441 727 4492 estun
743 4435 829 4492 αὐτοῦ.

57 4509 195 4578 tntpo'pttroc
207 4514 319 4576 coptmutt
336 4513 479 4574 Gomoarium
495 4515 554 4562 mle
567 4524 619 4560 oer-

936 4597 975 4660 12
992 4595 1011 4634 *
