3068 5008
294 343 356 410 538
714 359 836 414 amem
854 357 1023 411 ιιειεειιειιι

295 481 434 562 βιβλίων,
456 477 576 564 πράτου
592 479 644 543 κοιλ
658 478 798 564 δευτέρου
812 477 863 542 καλ
879 479 989 559 τρίτου,
1012 469 1099 541 άτινα
1116 476 1182 558 τρία
1200 476 1301 556 βιβλία
1320 475 1366 552 είς
1383 469 1453 540 ἑκτά

294 580 405 664 νόμους
418 584 574 662 διείλομεν·
597 582 630 646 έν
644 580 676 646 δέ
688 578 802 668 έκάσιρο
816 576 897 669 τόμφ
908 577 1039 661 άριθμός
1053 603 1097 653 τις
1110 577 1251 662 αίρέσεων
1265 578 1318 641 κοιλ
1334 577 1456 660 σχισμιί·

294 709 354 748 των
371 685 512 769 ἔγκειται·
543 679 621 766 δμοῦ
637 682 669 748 δί
686 685 780 746 πᾶσαί
798 683 870 746 εἰσιν
886 678 1084 767 ὀγδοήκοντα,
1116 670 1160 745 οἷν
1177 681 1211 744 αι’
1226 675 1388 762 ὀνομασίαι
1407 681 1455 744 καλ

296 788 330 850 αἱ
350 783 515 870 προφάσεις
536 777 635 850 αῦκαι·
670 782 896 870 Βαρβαρισμδς,
924 781 1119 866 Σκυθισμδς,
1148 778 1357 864 Ἑλληνισμός,
1383 782 1456 848 Ἰου-
1522 769 1523 848 ί

295 887 436 971 δαϊσμδς,
469 886 715 972 Σαμαρειιισμάς.
757 883 807 951 Ἐκ
825 884 939 952 τούτων
956 889 990 950 αί
1004 889 1148 968 καθεξῆς,
1178 881 1238 970 πρδ
1256 885 1310 965 μέν
1325 892 1383 969 τῆς
1399 887 1455 950 ἔτει·
1522 863 1523 900 ί

294 994 402 1074 δημίας
421 997 567 1076 Χριστοῦ,
597 987 659 1056 άπδ
683 990 716 1054 δέ
737 995 792 1054 τοῦ
807 993 1022 1076 Βαρβαρισμοῦ
1046 989 1096 1054 καί
1119 995 1173 1070 τῆς
1187 993 1350 1070 Σκυθικῆς
1373 991 1457 1053 δεισν

294 1097 449 1176 δαιμονίας
461 1095 510 1159 καί
527 1099 581 1159 τοῦ
598 1089 789 1175 Ἑλληνισμοῦ
805 1095 857 1156 καί
868 1097 929 1157 τοῦυ
943 1097 1055 1156 λοιποῦν
1070 1089 1204 1170 φάσασαι
1218 1081 1324 1154 αῦται·
1348 1095 1456 1154 Ποθε-

293 1195 423 1283 γόρειοι,
456 1199 553 1262 είκουν
573 1196 807 1280 Περιπατητικοί
814 1245 823 1274 ,
849 1194 1052 1274 Πλατωνικοί,
1074 1193 1224 1271 Στωϊκοί,
1240 1191 1456 1276 Ἐπικούρειοι

294 1296 373 1364 Εἶτα
387 1296 408 1382 ἡ
420 1295 624 1383 Σαμαρειτικῆ
641 1287 718 1363 οὖσα
734 1300 853 1382 α’ίρεσις,
872 1294 893 1380 ἦ
911 1298 944 1362 ίκ
961 1303 1016 1361 τοῦ
1028 1293 1226 1376 Ἰουδαϊσμοῦ.
1272 1296 1335 1358 Kal
1349 1292 1456 1376 ταῦιης

292 1403 419 1487 τέσσαρα
438 1403 530 1484 ἔθνη,
566 1401 779 1486 οΓοροθηνολ,
808 1403 986 1482 Σεβουαῐοι,
1008 1401 1169 1475 Δοσίθεον,
1190 1395 1336 1480 Ἐσσηνολ
1384 1393 1457 1460 Etru

293 1501 420 1580 δαῦτδς
454 1503 666 1588 προειρημένος
683 1500 872 1584 Ἰουδαϊσμδς
895 1499 956 1568 άπδ
976 1507 1032 1565 τοῦ
1054 1487 1189 1586 Ἀβραάμ
1214 1499 1265 1566 τδν
1286 1505 1457 1584 χαρακτῆρι

294 1603 433 1689 είληφιδς,
447 1608 497 1670 καλ
514 1605 565 1671 διά
579 1611 634 1671 τοῦ
649 1605 793 1680 δοθέντος
808 1601 903 1688 νόμον
918 1611 960 1692 τῷ
976 1609 1098 1692 Μωῦσῇ
1113 1603 1302 1678 πλατννθείς,
1327 1603 1382 1667 καλ
1398 1598 1455 1666 άιιδ

294 1715 348 1774 τοῦ
362 1705 462 1773 Ἰούδα
479 1714 534 1773 τοῦ
550 1710 619 1772 υἱοῦ
637 1704 759 1790 Ἰακοδβ,
780 1713 837 1772 τοῦ
850 1707 899 1772 καλ
914 1702 1045 1792 Ἰσραὴλ,
1067 1704 1118 1771 διά
1133 1707 1233 1787 Δαβλδ
1252 1709 1306 1769 τοῦ
1322 1701 1457 1787 βασιλεῦ·

294 1832 401 1887 συντος
417 1810 517 1877 αῦτοῦν
535 1811 569 1876 έκ
586 1816 640 1892 τῆς
655 1808 763 1876 τοῦτον
779 1815 875 1892 φυλῆς
891 1807 924 1875 εδ
941 1807 1100 1890 ίποάνυμον
1114 1814 1168 1874 τοῦ
1182 1803 1377 1888 ’ίονδαῖσμοῦ
1393 1813 1457 1888 κλη-

294 1917 411 1998 ρωθείς.
459 1914 520 1978 Χαλ
541 1909 594 1978 ἀπ’
608 1909 702 1978 αῦτοῦ
717 1937 747 1978 τε
769 1919 825 1978 νῦν
840 1918 895 1977 τοῦ
914 1907 1102 1992 Ἰουδαίσμοῦ
1117 1907 1192 1976 ἑπτά
1207 1911 1339 1996 αἱρέσεις
1356 1900 1457 1974 αῦται·

295 2016 510 2102 Γρομμιιτέων,
535 2019 719 2098 Φαρισαίων,
742 2017 970 2094 Σαδδουκαίων,
990 2009 1279 2098 Ἡμεροβαπτισεοῦν,
1296 2010 1456 2084 Ὀσσιίιιν,

296 2122 512 2203 Νασσαραίοεν,
532 2115 732 2204 Ἧρωδιοινοῦν.

376 2218 426 2286 Ἐκ
439 2219 554 2287 τοῦτον
570 2226 631 2286 τοῦν
647 2221 787 2306 αἱρέσεων
804 2221 856 2284 καί
873 2220 1026 2302 μετέπειτα
1043 2216 1120 2284 κατά
1140 2214 1282 2300 διαδοχὴν
1305 2223 1370 2282 τιῦν
1393 2213 1456 2300 χρά-

187 2319 191 2324 ’
293 2350 354 2391 νων
369 2321 503 2405 ἐπεφάνη
519 2320 541 2407 ἦ
556 2321 700 2409 σωτήριος
722 2329 777 2389 τοῦ
792 2325 900 2408 κυρίου
920 2318 1006 2405 ἡμῶν
1021 2317 1118 2404 Ἰησοῦ
1138 2324 1271 2406 Χριστοῦ
1294 2325 1331 2366 ¹⁰
1342 2321 1456 2384 οίαονο·

294 2431 363 2510 μία,
391 2423 525 2512 ἤγουνῆ
547 2428 689 2510 ένσαρκος
713 2424 808 2491 αὐτοῦ
829 2428 994 2510 παρουσία,
1023 2425 1075 2488 καλ
1090 2418 1262 2508 εῦοιγγελική
1279 2423 1455 2488 διδασκαλία
1522 2425 1523 2496 3

293 2553 324 2594 τε
343 2529 396 2594 καί
415 2526 552 2614 κήρυγμα
566 2531 730 2611 βασιλείας,
760 2526 826 2611 ἥτις
840 2525 917 2610 μάνη
936 2527 998 2592 ἐστὶ
1012 2523 1094 2612 πηγὴ
1109 2528 1270 2610 σωτηρίας,
1294 2526 1349 2590 καλ
1364 2527 1456 2597 τείσεις

293 2627 436 2713 άληθείας
459 2637 513 2712 τῆς
536 2637 701 2713 καθολικῇς
723 2632 775 2695 καλ
797 2627 998 2711 άποσιολικῆς
1022 2631 1182 2712 ἐκκλησίας.
1225 2624 1276 2692 Ἐκ
1294 2627 1328 2691 δέ
1350 2623 1455 2706 κοάτης
1522 2689 1523 2718 ρ

293 2731 592 2820 περιεκλάσθησάντε
607 2735 658 2798 καί
674 2735 853 2816 ἐσχίσθησαν
868 2729 964 2814 ὄνομα
983 2728 1077 2815 μόνον
1093 2735 1227 2816 Χριστοῦ
1242 2731 1378 2812 ἔχουσαι,
1400 2723 1456 2792 ἄλλ’
1522 2721 1523 2730 ’

293 2836 361 2919 οῦηλ
381 2835 437 2919 τήν
453 2841 559 2902 πίστιν.
604 2837 676 2902 Είσλ
703 2835 735 2901 δδ
762 2826 864 2902 αὗται·
896 2835 1098 2917 Σιμωνιοινολ,
1129 2832 1378 2918 Μενανδριανολ,
1399 2835 1455 2894 Σι-

165 2972 218 3018 m.
236 2961 280 3006 ιιι
293 2940 487 3024 κορνιλιανοὶ,
511 2939 728 3017 Βασιλιδιανολ,
754 2943 945 3014 Νικολαῖκαι,
968 2937 1148 3014 Γνωστικολ,
1169 2937 1201 3000 οί
1212 2936 1265 3000 καλ
1280 2941 1455 3018 Στροτιιτι-

293 3042 359 3124 κολ,
387 3048 419 3088 ¹¹
433 3044 465 3108 οἱ
475 3041 562 3107 αιἰτολ
577 3041 610 3106 δὲ
627 3045 819 3124 Φιβιωνῖτοιι,
841 3037 924 3126 παρά
942 3040 975 3104 δέ
989 3060 1047 3104 τισι
1065 3038 1250 3104 Χονδδιοινολ
1265 3033 1455 3119 καλούμενοι,

294 3145 346 3208 καλ
362 3145 572 3231 Βορβοριανολ,
590 3140 660 3229 παρ’
673 3139 770 3219 ἄλλοις
782 3142 815 3208 δὲ
828 3149 1024 3226 Σωκροτῖται,
1043 3138 1113 3227 παρ’
1127 3141 1236 3221 ἑτέροις
1251 3139 1284 3204 δέ
1300 3144 1455 3220 Ζακηαῑοι·

296 3252 554 3332 Καρποκραιῖται,
586 3246 805 3329 Κηρινθιανολ,
837 3249 869 3311 οί
890 3246 940 3310 κοιλ
964 3245 1191 3331 Μηρινθιοινολ,
1226 3247 1455 3326 ι’Ναζωραῖος

289 3348 480 3431 Ἐβιωναῖοι,
506 3355 540 3396 ¹⁸
554 3346 758 3428 Οῦαλεντῑνοι,
785 3348 1017 3424 Σεκοννδιοινολ,
1045 3343 1093 3420 οίς
1108 3342 1309 3411 συνάπτονται
1326 3339 1456 3422 Ἐπιφὶ·

293 3475 360 3526 νιος
371 3450 598 3537 καλἸσίδωρος·
623 3457 819 3534 Πτολεμαῖοι,
843 3450 1036 3534 Μαρκοίσιοι,
1060 3445 1276 3534 Χολορβάσιοι,
1295 3442 1455 3530 Ἡρακλει-

294 3561 386 3632 κῖται,
425 3549 559 3633 Ὀφῖται,
601 3555 751 3631 Καϊανολ,
793 3555 966 3635 Σηθιανολ,
998 3552 1201 3637 ’Λρχοντικολ,
1242 3547 1454 3635 memmi,

294 3659 491 3742 Μαρκίωνες,
529 3657 765 3735 Λουκιοινιστοιλ,
797 3655 1025 3738 Ἀπελληϊανολ,
1063 3651 1265 3738 Σενηριανολ,
1308 3649 1454 3724 Ίλπιιινολ,

288 3756 487 3844 Ἐγκρειτῑται,
508 3755 584 3823 κεινοί
604 3757 726 3842 Φρύγας
742 3765 802 3824 νῦν
816 3758 866 3824 καλ
883 3762 1098 3824 Μοντανιστοῦν
1111 3757 1162 3820 κοιλ
1183 3755 1454 3837 Τασκοδρονγικόν,

296 3862 507 3940 Πεπουζιανολ,
530 3861 622 3927 οἱκαὶ
638 3861 871 3944 Πρισκιλλιανοί,
892 3861 945 3925 καί
964 3858 1208 3936 14λίυιιτιλιανολ,
1229 3851 1277 3931 οίς
1291 3853 1454 3922 συνάπτον·

295 3991 342 4030 ται
355 3965 575 4049 Ἀριοκνρῖται,
602 3966 957 4045 Ἰεσσαρεςκαιδεκοιτῖται,
979 3958 1057 4027 οί
1024 3986 1058 4028 το
1073 3958 1180 4042 Πάσχα
1193 3961 1264 4041 μίαν
1276 3953 1391 4042 ημέραν
1404 3961 1453 4021 τοῦ

294 4067 381 4141 ίκονς
402 4073 573 4146 ποιοῦντες,
611 4072 643 4111 ¹⁶
650 4064 783 4151 Ἅλογοι,
814 4067 846 4131 οί
868 4091 902 4131 το
893 4062 1092 4150 εῦοηγέλιον
1114 4059 1236 4142 κοίτην
1246 4057 1453 4138 Ἀινοκάλνψιν

289 4161 433 4233 Ἰωάννου
452 4195 494 4250 μη
517 4166 681 4251 δεχόμενοι·
704 4167 897 4250 ’Λδαριιινολ,
927 4174 1103 4250 Σαμψοιῖοι,
1125 4167 1156 4232 οί
1169 4165 1221 4230 καί
1243 4159 1452 4236 Ιθ’δὶλκεσιιῖοι,

194 4283 198 4292 “
296 4272 503 4348 Θεοδοτιανολ,
527 4272 805 4354 Μελχεσεδεκιανολ,
835 4270 1101 4356 Βαρδησιονισταλ,
1125 4267 1308 4350 Νοηειονοι,
1340 4260 1452 4344 Οάαλιξ·

295 4393 365 4450 σιοι,
389 4373 542 4462 Καθαροί,
564 4398 593 4437 οι
585 4375 655 4438 καλ
671 4371 819 4454 Ναυάτοι,
840 4371 1009 4460 Ἀγγελικοί,
1026 4370 1245 4450 Ἀποστολικολ,
1263 4367 1373 4435 οίκολ’
1371 4375 1451 4431 Ακα-

293 4475 442 4552 ταιιιικολ,
464 4477 674 4557 Σαβελλιανολ,
695 4473 884 4561 Ὦριμένειοι,
913 4479 946 4542 οί
958 4478 1009 4541 καλ
1027 4476 1231 4559 Λίσχροποιοί
1274 4471 1450 4560 ’.Ωριηένειοα

328 4609 352 4664 9.
372 4613 446 4674 λυιςο
461 4610 626 4680 Γοργοθηνολ
926 4615 966 4670 10.
984 4611 1095 4683 οίιιοιομλ
1111 4616 1147 4666 ειλ
1165 4615 1258 4677 Ρελιινι,
1273 4617 1361 4668 αλλλοιι.
