3044 5018
369 314 454 365 τοιιν
471 312 599 364 νινοιινε
617 313 700 364 ms
719 313 910 369 νοετεενσιι.
1158 301 1217 366 631

35 451 40 482 :
63 427 185 498 Ἰωάννην
201 433 346 500 διηγοῦνται
360 426 490 503 άκριβυίς,
517 431 644 500 λέγοντες,
670 425 799 494 Ἀκούσας
810 431 841 488 δέ
858 427 990 499 ύἸηοοῦς
1006 427 1046 486 ὅτι
1058 429 1191 500 παρεδίθη
1207 429 1221 487 ὰ

63 510 199 583 Ἰωάννης,
217 515 373 572 καταλειπιίν
392 517 451 584 (sie)
465 515 512 582 τήν
529 515 652 585 Ναζαρέθ
668 516 820 588 κατῴκησεν
836 517 873 579 είς
887 514 1064 585 Καφαρναούμ
1079 515 1127 584 τήν
1139 535 1221 586 παρα-

35 625 38 654 :
64 597 208 656 θαλάσσιον.
241 601 295 656 Καί
313 598 376 672 ύρᾷς
393 595 433 655 άτι
449 600 514 656 κατὰ
530 596 653 669 α’λήθειαν
669 599 702 658 τὰ
724 599 807 657 πάντα
822 609 875 664 τοῖς
891 603 1006 668 τέτρασιν
1029 596 1222 669 εύαγγελισταῖς

63 685 208 754 συμφώνως
233 689 336 754 είρηται.
371 686 425 739 Καί
440 683 489 754 γὰρ
511 687 555 740 καί
572 687 688 754 φαίνεται
701 685 748 754 τήν
766 683 915 743 άκολουθίαν
932 684 1005 742 πάλιν
1023 685 1189 755 διηγούμενος
1206 684 1220 745 0⁸

61 768 197 840 Ἰωάννης,
221 765 262 828 ίτι
281 769 346 838 μετὰ
362 768 390 825 τί
408 773 515 838 ποιήσαι
530 769 558 828 τὰ
577 774 673 839 πρῶτον
696 779 801 839 σημεῖον
817 771 860 827 τὰν
878 775 1000 838 σωτῆρα,
1024 772 1069 826 καί
1085 771 1236 836 έλθεῖν“είς“

63 855 251 924 Καφαρναούμ,
269 857 375 923 ποιῆσαί
389 873 418 910 τε
435 855 491 910 ἐκεῖ
502 875 557 910 τινα
574 863 687 924 σημεῖα,
712 855 836 928 ἀναβῆναί
851 874 879 911 τε
896 857 932 918 είς
947 855 1083 925 Ναζαρέτ,
1100 857 1145 911 καί
1160 851 1220 912 α’να-

62 943 154 1010 γνῶναι
169 939 199 998 τὰ
218 942 327 1012 βιβλίον,
344 940 529 1009 παραδοθέντος
543 941 627 996 λοιπὸν
644 945 688 996 τοῦ
707 942 843 1012 βαπτιστοῦ
861 931 940 1009 ήλθεν
957 941 1001 996 καί
1017 937 1168 1012 κατῴκησεν
1184 941 1221 1006 είς

61 1025 237 1094 Καφαρναούμ
256 1025 350 1087 πολλὰς
374 1025 482 1096 ήμέρας.
517 1019 597 1081 λύπαι
612 1027 643 1084 δέ
660 1027 721 1082 είοιν
740 1028 767 1081 αί
783 1025 847 1094 μετὰ
867 1025 914 1094 τήν
928 1023 1028 1095 ήμέραν
1044 1027 1094 1080 τῶν
1109 1020 1220 1094 Ἐπιφα-

60 1114 117 1166 νίων
134 1111 238 1180 καλιήν
255 1111 297 1166 ἐπί
311 1110 489 1182 Καφαρναούμ
505 1112 550 1166 καί
567 1111 609 1168 ἐπί
623 1109 746 1178 Ναζαρὲθ
763 1111 859 1167 έλευσιν
878 1107 970 1174 αύτοῦ,
999 1111 1044 1168 καί
1056 1109 1104 1178 τήν
1120 1110 1156 1171 είς
1169 1106 1220 1166 Ἰε-

60 1195 189 1264 ροσόλυμα
205 1195 248 1252 διὰ
261 1195 289 1252 τὰ
308 1195 406 1266 Πάσχα
420 1192 521 1258 ὰνοδου,
538 1197 583 1252 καί
597 1196 670 1252 πάλιν
685 1197 766 1251 ἐλθεῖν
783 1195 847 1266 πρὰς
863 1195 907 1252 τὰν
922 1191 1059 1264 Ἰωάννην,
1077 1191 1139 1251 ὅπου
1155 1194 1220 1266 ἐβά-

59 1287 142 1346 πτιζεν
150 1322 158 1350 ,
177 1283 214 1344 είς
229 1283 308 1336 λίνιῦν
325 1285 368 1337 τοῦ
386 1283 475 1348 Σαλίμ
492 1283 561 1349 (εἰσ).
596 1275 673 1335 Ούτω
690 1280 738 1350 γάρ
755 1281 839 1350 λέγει,
857 1280 931 1336 Μετὰ
947 1283 1021 1337 τοῦτο
1037 1283 1166 1348 κατῆλθεν
1182 1281 1219 1343 είς

59 1366 237 1436 Καφαρναούμ
254 1364 331 1428 αύτὰς
347 1367 390 1420 καί
407 1364 426 1433 ή
444 1363 530 1438 μήτηρ
552 1361 646 1430 αύτοῦ,
669 1367 715 1422 καί
732 1369 754 1422 σί
769 1365 877 1436 άδελφοί
894 1361 987 1428 αύτού,
1014 1365 1059 1420 καί
1081 1366 1134 1420 έκει
1151 1365 1219 1433 ἐμει·

58 1472 100 1508 ναν
117 1447 147 1508 σύ
164 1451 258 1515 πολλὰς
271 1449 379 1520 ήμέρας.
416 1447 496 1505 Ούπω
513 1449 561 1520 γὰρ
579 1448 671 1518 ἐδήλου
688 1449 735 1518 τήν
749 1453 845 1506 τελείαν
862 1449 1006 1520 καταμονήν
1020 1451 1078 1520 περί
1095 1442 1129 1519 ής
1144 1446 1220 1504 ῦστε-

59 1557 99 1604 ρον
123 1535 190 1592 εἶπεν
216 1536 280 1604 μετὰ
297 1535 326 1592 τὰ
345 1538 522 1604 παραδοθῆναι
539 1533 582 1591 τίν
597 1531 734 1604 Ἰωάννην,
761 1533 862 1590 Ἐλθών
886 1532 1037 1608 κατῴκησεν
1057 1537 1093 1598 είς
1111 1537 1218 1606 Καφαρ

57 1621 139 1690 ναούμ
153 1623 200 1690 τήν
213 1618 429 1689 παραθαλάσσιον,
448 1621 493 1674 καί
507 1618 583 1689 ἐγγύς
597 1611 630 1689 ήν
645 1619 674 1675 τὰ
694 1619 793 1691 Πάσχα
804 1623 855 1676 τῶν
868 1618 1014 1676 Ἰουδαίων·
1034 1617 1070 1682 είς
1084 1621 1152 1690 λέγει
1163 1621 1218 1684 καί,

58 1703 150 1779 ’Δνέβη
169 1709 206 1769 είς
219 1704 386 1774 Ἰεροσόλυμα
404 1703 418 1761 ά
435 1701 554 1774 Ἰησοῦς,
582 1705 626 1760 καί
642 1698 713 1772 εύρεν
737 1705 796 1768 τούς
819 1707 965 1767 πωλοῦντας
986 1705 1011 1760 ἐν
1026 1709 1063 1776 τῷ
1080 1707 1142 1776 ίερῷ
1159 1705 1219 1769 τούς

58 1793 121 1863 βύας
148 1793 193 1848 καί
214 1791 247 1848 τὰ
271 1791 389 1862 πρόβατα
405 1792 449 1845 καί
465 1789 627 1860 περιστερὰς,
653 1791 697 1845 καί
714 1789 773 1853 τούς
788 1790 960 1860 κερματιστὰς
973 1791 1147 1860 καθημένους,
1173 1791 1219 1846 καί

58 1876 122 1944 μετὰ
141 1877 169 1932 τὰ
187 1878 303 1948 ἐκβαλεῖν
320 1877 379 1939 τούς
394 1873 489 1938 αύτούς
511 1875 681 1944 κερματιστὰς
703 1877 748 1930 καί
770 1875 828 1938 τούς
849 1879 984 1937 πιλοῦντας
998 1874 1045 1937 τὰς
1057 1875 1216 1945 περιστερὰς,

57 1963 100 2016 καί
116 1961 151 2018 τὰ
166 1957 246 2030 ὰλλα,
270 1962 315 2017 καί
329 1961 472 2030 εἰρηκέναι,
493 1955 590 2029 Ἀρατε
606 1962 687 2015 ταῦτα
702 1960 786 2024 ἐνθεν,
813 1960 857 2016 καί
872 1959 909 2028 μή
926 1964 1016 2028 ποιῆτε
1031 1960 1074 2016 τὸν
1089 1960 1155 2014 οίκον
1172 1959 1217 2016 τοῦ

56 2046 153 2116 πατρός
168 2066 216 2115 μου
234 2045 300 2102 οίκον
315 2046 449 2115 ἐμπορίου,
466 2049 510 2100 καί
526 2040 663 2112 άκηκοέναι
676 2041 735 2113 παρ’
751 2041 851 2106 αύτιύν,
870 2046 905 2099 Τί
922 2038 1025 2112 σημεῖον
1040 2043 1165 2106 δεικνύεις
1181 2042 1217 2114 ή-

57 2140 111 2198 μῖν,
132 2129 173 2187 ὅτι
187 2135 268 2188 ταῦτα
284 2138 377 2196 ποιεῖςς
395 2132 439 2186 καί
455 2126 640 2197 είπενάύτοῖς,
658 2129 764 2184 Λύσατε
775 2127 818 2184 τὰν
833 2127 892 2184 ναὰν
907 2126 1007 2193 τούτου,
1034 2128 1078 2184 καί
1093 2129 1120 2182 ἐν
1136 2131 1216 2197 τρισίν

55 2215 166 2285 ήμέραις
189 2218 278 2286 ἐγείραι
303 2213 395 2270 αύτὰν·
423 2211 467 2271 ὅτε
486 2212 637 2282 Νικόδημος
655 2205 722 2282 ήλθε
743 2212 806 2282 πρύς
829 2209 922 2281 αύτὰυ,
948 2215 992 2268 καί
1009 2212 1074 2282 μετὰ
1089 2213 1118 2270 τὰ
1138 2216 1215 2271 εἰπεῖν

55 2299 133 2356 πολλά
155 2319 247 2370 φησιν,
271 2296 369 2356 Ἦλθεν
394 2299 408 2358 ὰ
430 2299 533 2369 Ἰησοῦς
557 2301 601 2354 καί
624 2302 647 2354 οἱ
665 2299 780 2368 μαθηταί
799 2295 877 2354 αύτοῦ
894 2299 931 2360 είς
953 2297 1000 2366 τήν
1015 2295 1139 2354 Ἰουδαίαν
1155 2301 1214 2368 γῆν,

55 2386 98 2439 καί
114 2386 172 2440 ἐκεῖ
185 2386 307 2456 διέτριβεν
324 2382 378 2454 μετ’
393 2383 477 2443 αύτιίν
491 2385 535 2438 καί
549 2383 695 2456 έβάπτιζενι
721 2375 753 2452 ήν
769 2384 799 2440 δὲ
814 2384 858 2438 καί
872 2380 995 2452 Ἰωάννης
1019 2383 1044 2438 ἐν
1063 2385 1142 2438 Αίνιίν
1153 2385 1213 2454 (εἰσ)

55 2469 133 2538 ἐγγύς
149 2472 193 2525 τοῦ
215 2469 328 2539 Σαλήμ,
355 2462 396 2526 ὅτι
414 2461 496 2522 ύδατα
510 2468 589 2524 πολλὰ
605 2461 638 2537 ήν
655 2469 724 2526 ἐκεῖ·
749 2466 819 2525 οῦπω
836 2467 884 2539 γὰρ
900 2459 932 2537 ήν
948 2469 1102 2540 βεβλημένος
1115 2469 1152 2530 τίς
1166 2467 1214 2536 τήν

55 2554 172 2624 φυλακήν
188 2553 201 2610 ὰ
218 2551 352 2622 Ἰωάννης·
372 2555 416 2608 τοῦ
432 2553 461 2610 δὲ
475 2549 593 2609 Ἰωάννου
614 2553 694 2611 πολλὰ
712 2553 840 2618 είπύντος,
865 2549 918 2618 ὅτι,
948 2551 980 2608 ‘0
997 2553 1061 2625 έχων
1083 2553 1130 2622 τήν
1146 2552 1214 2622 νύμ-

55 2659 105 2707 φην
120 2641 228 2710 νυμφίος
243 2639 326 2703 ἐστίν,
352 2636 406 2694 εἶτα
422 2639 490 2707 λέγει
506 2637 534 2695 τὰ
555 2635 717 2708 εύαγγέλιον,
734 2637 785 2701 Ὧς
798 2631 840 2694 ούν
856 2640 920 2708 ἐγνω
937 2634 1122 2706 ι’Ἰησούςάτι
1136 2633 1214 2708 ήκου·

54 2743 98 2778 σαν
114 2727 138 2779 σί
155 2726 291 2794 Φαρισαῖοι
307 2719 346 2780 ὅτι
360 2720 463 2792 Ἰησοῦς
479 2725 594 2786 πλείονας
607 2723 727 2793 μαθητὰς
742 2732 811 2780 ποιεῖ
825 2726 869 2779 καί
882 2725 997 2794 βαπτίζει
1010 2721 1140 2792 Ἰωάννης,
1158 2743 1213 2780 και·

53 2812 135 2878 τοίγε
153 2806 256 2877 Ἰησοῦς
270 2803 351 2870 αύτὰς
368 2806 415 2865 ούκ
431 2807 580 2880 ἐβάπτιζεν,
610 2806 664 2865 ἀλλ’
681 2812 705 2865 οί
722 2811 836 2879 μαθηταί
853 2806 945 2876 αύτοῦ,
970 2805 1071 2878 άφήκεν
1086 2807 1133 2877 τήν
1146 2805 1213 2864 Ἰου-

53 2896 125 2950 δαίαν
151 2897 199 2964 γῆν
215 2897 259 2951 καί
274 2891 376 2963 άπῆλθε
391 2893 463 2950 πάλιν
478 2895 514 2955 είς
529 2893 578 2963 τήν
592 2895 737 2951 Γαλιλαίαν.
766 2890 845 2950 Ἔδει
861 2894 890 2950 δὲ
906 2891 983 2952 αύτὰν
1004 2895 1150 2964 διέρχεσθαι
1170 2895 1214 2958 διὰ

52 2981 100 3046 τῆς
114 2983 275 3048 Σαμαρείας,
293 2975 337 3036 ύτε
351 2980 393 3034 ἐπί
405 2981 442 3050 τῷ
457 2982 548 3050 φρέατι
563 2980 695 3048 ἐκαθέσθη
711 2981 756 3034 καί
771 2982 804 3051 τῇ
820 2981 989 3048 Σαμαρείτιδι
1001 2981 1132 3050 διελέχθη.
1158 2981 1213 3036 Καὶ

53 3061 233 3133 ὰνήγγειλενή
252 3067 410 3134 Σαμαρεῖτις
424 3065 481 3132 περί
496 3061 574 3120 αύτοῦ
591 3067 617 3120 έν
637 3067 670 3135 τή
688 3064 776 3127 πόλει,
793 3067 838 3120 καλ
853 3055 932 3132 ήλθον
947 3063 1012 3132 πρὰς
1028 3063 1103 3120 αύτὰν
1120 3067 1143 3120 σί
1156 3068 1212 3120 Σα-

54 3159 172 3216 μαρεῖται
185 3152 229 3205 καί
244 3150 399 3220 παρεκάλουν
413 3148 491 3205 αύτὰν
508 3158 590 3217 μοῦναι
606 3149 664 3218 παρ’
678 3145 764 3211 αύτοίς
772 3191 779 3217 ,
798 3151 842 3205 καί
857 3150 953 3217 ἔμεινεν
970 3149 1027 3204 ἐκεῖ
1040 3145 1087 3205 δύο
1101 3147 1211 3220 ήμέρας,

53 3236 95 3288 καί
120 3238 205 3305 πολλῷ
223 3237 322 3296 πλείους
344 3235 494 3290 ἐπίστευσαν
519 3233 562 3289 διὰ
582 3233 625 3288 τάν
641 3233 714 3303 λόγον
730 3231 816 3290 αύτοῦ.
850 3231 925 3289 Μετὰ
941 3233 970 3290 δὲ
989 3232 1035 3294 τὰς
1048 3234 1095 3290 δύο
1111 3231 1212 3304 ’ήμέρας

52 3310 130 3385 ήλθεν
156 3320 192 3382 είς
209 3319 256 3388 τήν
278 3321 423 3375 Γαλιλαίαν.
460 3321 512 3373 Καί
529 3311 562 3388 ήν
578 3337 616 3381 τις
635 3317 766 3390 βασιλικὰς
783 3312 813 3374 ού
830 3316 845 3374 ὰ
861 3316 916 3380 υίὸς
937 3315 1042 3387 η’σθένει
1058 3319 1083 3374 ἐν
1100 3322 1210 3390 Καφαρ-

52 3403 149 3470 ναούμ,
177 3399 221 3460 ’άτε
246 3403 312 3461 εἶπεν
329 3402 399 3476 αύτῷ
416 3400 561 3472 ὰἸηοοῦς,
588 3403 718 3472 Πορεύου,
744 3402 827 3465 οὐίύς
845 3422 889 3459 σου
914 3408 962 3475 ζῇ,
988 3406 1033 3460 καί
1055 3405 1211 3476 ἐπίστευσεν,

52 3489 95 3544 καί
113 3489 177 3557 ίάθη
194 3487 208 3544 ὰ
223 3498 292 3552 παῖς.
327 3491 380 3546 Καί
398 3491 464 3558 λέγει
481 3487 509 3545 τὰ
530 3485 689 3558 εύαγγέλιον,
716 3487 836 3558 Δεύτερον
853 3489 927 3546 πάλιν
945 3498 1049 3559 σημεῖον
1064 3491 1180 3559 ἐποίησεν
1196 3488 1210 3548 ά

51 3573 154 3644 Ἰησοῦς
179 3575 259 3630 ἐλθαλν
278 3576 307 3630 ἐκ
323 3579 373 3644 τῆς
393 3571 520 3636 Ἰουδαίας
543 3575 580 3640 είς
597 3574 644 3643 τήν
657 3575 802 3630 Γαλιλαίαν.
837 3573 911 3631 Μετὰ
928 3579 1000 3632 τοῦτο
1016 3567 1048 3645 ήν
1066 3575 1141 3645 ἑορτή
1160 3578 1210 3632 τῶν
1234 3579 1252 3616 '¹

51 3658 195 3724 Ἰουδαίων,
221 3658 292 3728 οἶμαι
308 3661 337 3716 δὲ
352 3657 392 3716 ὅτι
407 3661 464 3728 περί
487 3655 568 3728 άλλης
590 3659 681 3728 ἐορτῆς
702 3656 832 3714 Ἰουδαίων
850 3661 932 3730 λέγει,
958 3656 977 3730 ή
996 3655 1209 3730 Πεντεκοστήςή

53 3748 252 3815 Σκηνοπηγιῶν,
271 3775 303 3790 -
328 3747 372 3802 καί
394 3744 473 3816 άνέβη
497 3741 601 3814 Ἰησοῦς
619 3746 655 3806 είς
670 3741 851 3814 Ἱεροσόλυμα,
878 3742 921 3803 ύτε
934 3747 977 3801 έπί
991 3748 1040 3814 τῆς
1053 3748 1210 3817 προβατικῆς

53 3828 235 3902 κολυμβήθρας
250 3829 331 3886 ίλθιίν
345 3832 370 3886 ἐν
387 3830 509 3905 σαββάτῳ
525 3829 614 3886 ίοίσατο
626 3828 669 3885 τύν
682 3831 881 3898 τριακονταοκτιί
897 3833 977 3887 ἐτεσιν
990 3831 1016 3885 ἐν
1028 3827 1149 3902 άσθενείᾳ
1162 3849 1209 3887 τια-

54 3918 224 3984 ραλελυμένον.
259 3913 422 3972 Ἀπεντεῦθεν
445 3915 528 3972 λοιπὰν
544 3917 720 3984 πληρωθέντος
737 3919 781 3971 τοῦ
800 3919 891 3987 δεκτού
908 3917 1020 3972 ἐνιαυτοῦ
1041 3913 1150 3986 ἤρξαντο
1164 3914 1209 3973 αύ-

53 3999 93 4056 τὰν
109 4000 229 4064 διώκειν,
256 4002 329 4066 ἐξότε
345 4002 387 4057 τὰν
406 4003 447 4058 ἐπί
462 4007 513 4070 τῆς
535 3999 717 4074 κολυμβήθρας
740 4001 907 4070 παραλύτικον
928 3999 1019 4056 ίάσατο
1034 4001 1058 4056 έν
1076 4002 1208 4074 σαββάτῳ.

53 4084 119 4142 Είτα
135 4085 206 4142 πάλιν
221 4088 302 4155 λέγει,
329 4085 473 4144 Ἐπιπλεῖον
489 4089 548 4157 (sic)
573 4086 678 4142 ἐδίωκον
696 4089 720 4140 οἱ
735 4082 855 4142 Ἰουδαῖοι
867 4085 909 4142 τὰν
921 4083 1038 4155 Ἰησοῦν,
1062 4082 1101 4144 ὅτι
1117 4083 1146 4142 ού
1162 4087 1209 4157 μά·

52 4191 89 4226 νον
106 4172 163 4226 έιυε
177 4171 206 4228 τὰ
225 4172 365 4244 σάββατον,
391 4169 454 4228 άλλὰ
474 4174 518 4228 καί
539 4173 636 4238 πατέρα
657 4173 719 4228 ίδιον
736 4171 819 4240 ἔλεγεν
836 4170 878 4227 τὸν
895 4171 967 4236 θεὸν,
992 4171 1046 4228 ίσον
1068 4174 1115 4242 (ita
1132 4175 1207 4228 etiam

52 4259 140 4308 Vener„
165 4259 266 4327 ubique)
292 4257 379 4313 ἑαυτὸν
402 4259 479 4312 ποιῶν
501 4258 539 4328 τῷ
555 4259 617 4330 θεῷ.
652 4259 718 4318 Παίς
735 4247 777 4311 ούν
800 4252 829 4312 ού
851 4257 1042 4326 καταγνωστέαι
1056 4261 1082 4313 αἱ
1097 4261 1208 4328 αἱρέσεις

53 4341 153 4410 ἐλλειπῆ
178 4347 293 4398 ποιοῦσαι
311 4342 353 4400 τὸν
376 4343 429 4400 υἱὸν
452 4341 517 4410 τρίς
532 4343 575 4398 τὰν
592 4345 703 4412 πατέρας
735 4333 804 4398 Ἰσον
819 4343 883 4412 γὰρ,
908 4343 1001 4412 φασίν,
1026 4343 1114 4400 ἐαυτὰν
1129 4347 1206 4402 ποιάν

52 4430 87 4498 τῷ
105 4430 167 4498 θεῷ.
198 4417 281 4497 ΙΛέγει
303 4427 331 4482 τὰ
356 4425 513 4498 εὐαγγέλιον,
537 4427 612 4484 Μετὰ
634 4429 761 4485 δὲταῦτα
783 4426 898 4497 άπήλθεν
914 4425 927 4485 ὰ
942 4425 1045 4496 Ἰησοῦς
1064 4430 1140 4498 πέραν
1155 4433 1206 4498 τῆς

52 4510 184 4580 θαλάσσης
204 4516 252 4582 τῆς
267 4513 404 4575 Γαλιλαίας
419 4516 468 4580 τῆς
484 4511 649 4584 Τιβεριάδος,
677 4511 814 4582 ήκολούθει
829 4513 859 4570 δέ
874 4511 943 4584 αύτῷ
965 4509 1038 4586 ύχλος
1055 4513 1147 4578 πολύς,
1174 4513 1205 4570 ὰ-

53 4598 144 4662 ριῦντες
156 4597 188 4652 τὰ
205 4605 300 4668 σημεῖα
317 4593 334 4653 ά
350 4597 428 4654 ἐποίει
441 4597 483 4653 έπί
498 4599 549 4654 τῶν
563 4593 744 4656 ὰσθενούντων.
778 4599 901 4670 Ἀνήλθεν
918 4590 960 4660 σύν
977 4599 991 4655 α’
1006 4597 1109 4670 Ἰησοῦς
1124 4601 1161 4666 είς
1175 4602 1208 4660 τὰ·
