3072 5002
294 331 432 387 raanan
450 331 515 386 mo.
530 331 958 388 nonantulanensis
1169 320 1206 388 81

52 465 131 519 eatur
146 473 222 540 qnae
239 475 278 519 ex
298 454 379 518 buxo
396 454 536 518 labrioata
557 465 621 530 est,
654 465 685 519 et
705 467 802 519 tamen
827 453 974 520 communi
994 455 1116 541 quadam
1140 455 1213 520 abu·

48 557 128 621 sione
155 558 238 624 noeis
262 558 329 621 lriuo
355 560 390 621 ad
417 557 526 642 reliqna
555 557 582 622 id
610 579 704 643 geraus
733 579 806 622 rasa
835 561 1030 638 transfertur,
1068 581 1145 646 quae
1173 581 1213 624 ex

50 662 179 746 plumbo,
211 682 300 739 aere,
333 661 428 724 aliave
456 661 578 724 materia
605 664 680 725 laeta
707 672 787 726 sont.
835 658 984 745 Qurooiroa
1008 683 1066 725 non
1093 663 1213 748 perinde

49 765 74 826 io
93 767 139 828 dei
157 766 216 829 lilio
232 764 433 850 accipiendum
452 763 521 827 illud
540 773 604 842 est,
637 775 669 827 nt
685 785 749 828 onan
774 763 898 843 dieitur,
932 769 990 844 (lui
1001 771 1105 846 genuit
1119 769 1214 828 stillae

47 873 134 942 rorat,
169 868 246 952 quod
272 867 391 930 minime
407 869 442 930 ad
462 867 657 930 substantiam
676 865 767 952 ipsam
789 867 916 952 pertinet
935 869 1056 954 (qnippe
1073 889 1127 953 per
1142 869 1214 932 abu·

47 989 106 1033 snm
124 971 211 1034 roris
228 970 284 1034 hoe
304 970 370 1034 loon
390 979 491 1054 partus
509 991 544 1033 ao
561 969 764 1054 generationis
786 991 893 1034 unomen
918 972 954 1033 ad
980 971 1114 1036 effoetum
1139 993 1213 1054 opus

47 1075 257 1152 transfertur),
289 1092 384 1156 neque
401 1084 432 1136 ut
449 1073 479 1136 in
496 1071 554 1135 illis
575 1073 691 1152 verbis,
723 1075 814 1135 Fatuos
832 1079 925 1154 genua·
936 1085 966 1135 et
978 1077 1108 1136 exaltavi
1127 1075 1211 1158 (nam
1226 1089 1290 1134 aaut.
1305 1090 1353 1148 t,a

47 1185 73 1237 et
90 1176 143 1238 bne
162 1177 191 1240 in
209 1177 276 1239 loeo
295 1173 416 1258 perinde
443 1175 586 1240 abusione
613 1175 695 1240 vocis
712 1176 748 1239 ad
768 1175 1004 1240 bonaevaleatiam
1025 1186 1054 1239 et
1071 1177 1213 1240 bonorem

47 1279 266 1362 siguilieandum
284 1278 458 1342 rouabnlum
475 1277 544 1340 illud
562 1277 748 1359 adhibetur),
773 1298 868 1364 araque
885 1289 915 1341 ut
933 1279 962 1341 in
981 1277 1036 1342 boo
1054 1279 1132 1358 loeo,
1157 1283 1212 1341 De-
1237 1296 1316 1394 apsqq

47 1383 84 1441 dit
97 1386 139 1443 er's
152 1394 321 1464 potestatem
336 1383 422 1462 filabo
442 1385 492 1442 dea·
503 1382 581 1461 stem·
599 1381 691 1465 (qtaod
713 1380 828 1464 quidem
847 1382 881 1445 ad
901 1391 1055 1446 creaturae
1074 1382 1212 1444 virtutem
1262 1382 1270 1406 ’

47 1493 71 1546 et
88 1486 235 1569 quandam
254 1484 300 1548 dei
318 1484 508 1548 imitationem
526 1484 633 1546 reterri
651 1483 822 1564 uorrreuit)a
848 1505 906 1547 aon
925 1485 1048 1563 eodem,
1081 1485 1212 1568 inquam,

48 1588 127 1650 nodo
146 1588 184 1651 de
200 1588 289 1651 nnieo
312 1586 357 1650 dei
370 1577 443 1649 'sulio
462 1585 690 1650 existimandum
710 1585 795 1648 nobis
812 1597 874 1666 est,
908 1588 960 1650 sed
985 1587 1102 1672 proprie
1123 1587 1213 1650 lilium

47 1709 109 1753 esse
125 1691 251 1768 dietum,
272 1699 371 1773 utpote
389 1689 437 1774 qui
454 1691 536 1753 solus
555 1709 593 1752 ex
608 1688 673 1751 solo
693 1697 788 1773 patre,
814 1688 967 1774 eidemque
986 1699 1090 1752 natura
1109 1689 1213 1754 similis

47 1792 80 1855 sit
100 1791 243 1878 genitus,
267 1793 352 1856 euius
375 1803 405 1856 et
427 1793 541 1855 dicatur
564 1800 594 1854 et
615 1791 798 1877 intelligatur
820 1813 888 1857 esse
912 1793 1003 1858 lilius.

126 1961 192 2027 lam
209 1964 235 2028 si
254 1974 408 2050 propterea
425 1964 500 2050 qnod
518 1984 555 2027 eo
572 1973 728 2047 penetrare
744 1962 867 2028 burmann
885 1962 962 2028 ratio
979 1973 1125 2048 nequeat,
1150 1985 1215 2028 eam
1228 1969 1290 2038 cap.
1310 1969 1352 2021 vl.

46 2066 156 2131 lasese
173 2066 373 2148 eograitionem
391 2064 531 2129 informet
546 2065 689 2150 quispiam
709 2075 740 2129 ut
758 2065 937 2150 passionem,
962 2077 1012 2130 aul
1025 2064 1213 2142 divisionem,

47 2181 93 2232 aut
117 2169 296 2254 profluuium
321 2169 438 2254 aliquod
468 2169 541 2253 patri
565 2168 749 2232 tribuendum
775 2177 875 2251 potet,
908 2168 935 2231 si
959 2178 1126 2253 contempta
1148 2167 1218 2232 lidei

48 2272 162 2354 regula,
198 2291 274 2358 qnae
290 2270 336 2358 pie
355 2271 391 2334 de
411 2283 493 2357 patre
510 2293 544 2335 ao
565 2270 628 2334 lilio
645 2270 772 2354 cogitat,
803 2271 947 2334 rationem
965 2291 982 2334 a
1000 2269 1085 2333 nobis
1101 2270 1214 2353 exigat,

50 2375 176 2438 vicissim
203 2375 296 2438 abeo
315 2376 497 2460 reposoernla
524 2373 600 2438 ratio
620 2383 684 2452 est,
720 2373 866 2458 quomodo
884 2373 913 2435 in
931 2393 1018 2437 eruoe
1038 2372 1161 2436 suffixos
1178 2370 1217 2436 sit

50 2477 134 2556 deus,
169 2488 315 2562 tamquo
341 2488 427 2563 panto
451 2475 617 2561 evangelici
641 2475 789 2561 praeconii
811 2475 952 2556 stultitia,
985 2496 1061 2560 quae
1085 2476 1165 2538 rudis
1182 2496 1217 2538 ae

52 2582 122 2644 nulla
151 2580 384 2644 ratiocinatione
403 2579 473 2644 aian
499 2581 573 2666 apnd
599 2578 666 2644 illos
685 2589 826 2641 cerasetur
850 2578 948 2662 quiin
970 2578 1025 2642 bon
1044 2579 1151 2641 araride
1171 2598 1219 2640 sa·

52 2683 161 2764 pientes
183 2703 253 2746 esse
270 2683 425 2760 videntur,
459 2681 622 2767 sapientior
643 2681 680 2746 sit
706 2679 883 2744 homiuibus.
931 2677 1014 2763 Quos
1032 2682 1120 2743 etiam
1140 2681 1221 2742 arrrllo

53 2785 77 2846 iu
96 2787 162 2850 laoo
182 2784 265 2848 dueit
281 2785 452 2870 apostolus,
484 2786 532 2870 qai
551 2785 658 2848 virtute
682 2804 716 2846 ae
735 2781 864 2869 potentia
880 2782 917 2845 ab
935 2783 1014 2846 omani
1033 2781 1221 2867 syllogismo·

53 2909 110 2952 rnna
129 2889 233 2953 aliena
260 2889 326 2951 loeo
349 2887 568 2951 dialecticorum
594 2885 722 2950 omnium
741 2886 915 2969 sapientiam
937 2885 1077 2948 stultitiae
1101 2885 1221 2949 damna·

53 2989 100 3053 nit.
146 2989 205 3056 sie
222 2991 300 3054 enaim
318 2991 464 3075 loquitor=
491 2994 562 3052 Veaa'
576 2994 739 3070 mysterium
753 2991 802 3048 dei
813 2989 890 3048 voba‘a
905 2992 1058 3062 nuntians,
1083 3009 1139 3050 non
1154 3009 1217 3050 anm
1231 2995 1375 3050 tenram.

52 3099 189 3174 aapr‘eatala
212 3097 368 3168 emensi,
401 3105 434 3154 nt
451 3114 506 3156 aaa
525 3101 677 3155 evacuetur
692 3112 769 3152 erno
786 3093 904 3152 Cdrr’rtr‘.
953 3087 1152 3173 Quamobrem
1170 3090 1219 3173 qni

54 3197 201 3260 sermonis
228 3195 373 3281 sapientia
400 3197 492 3260 lretus
517 3194 651 3280 mysterii
676 3193 755 3258 illius
781 3191 925 3256 rationem
949 3191 1096 3278 postulat,
1130 3203 1161 3254 et
1182 3193 1218 3254 ad

54 3299 192 3362 stultitiae
212 3298 378 3362 convictam
396 3297 474 3361 illam
494 3297 668 3381 sapientiam
691 3295 857 3380 adscriptos
875 3306 938 3372 est,
965 3293 1115 3380 mysterio
1133 3293 1219 3358 tidem

54 3399 186 3488 abroget.
236 3397 482 3485 Quandoquidem
498 3396 609 3464 Paulus
626 3397 773 3462 sermonis
792 3395 955 3481 sapientiae
971 3395 1080 3460 diffisus
1100 3405 1163 3473 est,
1189 3407 1221 3460 ot

54 3523 86 3566 oe
103 3501 221 3568 Christi
238 3523 314 3568 arax
329 3524 422 3567 vaona
436 3503 622 3566 redderetur.
668 3498 755 3584 Quod
779 3499 804 3562 si
821 3497 928 3582 aliquid
943 3519 978 3562 ea
995 3498 1031 3562 de
1048 3518 1082 3562 re
1097 3519 1221 3584 respon·

53 3605 114 3685 det,
139 3627 201 3670 noo
221 3605 250 3668 id
268 3625 308 3668 ex
327 3606 384 3670 ista
399 3603 547 3670 sermonis
563 3601 707 3689 sapientia
724 3600 809 3680 taeta,
841 3602 892 3666 sed
911 3601 939 3664 vi
959 3601 1083 3686 quadam
1102 3599 1221 3663 ratioci-

54 3711 179 3774 nationis
201 3719 327 3794 experte
346 3706 530 3772 dialecticam
551 3727 666 3770 oomem
687 3703 820 3791 peritiam
843 3703 1014 3768 stoliditatis
1038 3702 1220 3766 convincens

54 3813 85 3874 ad
101 3833 209 3876 eorum
227 3811 276 3897 qui
294 3811 496 3894 evangelicum
515 3808 704 3895 praeconium
725 3805 881 3870 admittunt
897 3806 1022 3870 salutem
1042 3804 1112 3868 nibil
1138 3821 1222 3888 prae·

56 3922 96 3976 ter
112 3914 204 3978 tudem
224 3913 418 3977 adhibendum
444 3922 536 3998 potat.
581 3909 688 3995 Neque
710 3929 784 3972 vero
803 3907 970 3992 quaestioni
989 3907 1029 3970 illi
1048 3904 1219 3990 respondet,

56 4037 174 4098 quonam
202 4026 289 4101 paolo
312 4016 403 4080 filium
427 4025 510 4101 pater
528 4013 602 4078 eitra
625 4012 792 4098 passionem
816 4011 935 4094 gignat,
970 4028 1008 4072 ne
1033 4006 1222 4092 proprietatis

57 4117 120 4197 atii,
150 4139 241 4204 quam
267 4115 444 4202 Unigenitus
467 4127 587 4201 epatre
611 4114 717 4192 trabit,
751 4113 924 4198 mysterium
949 4111 1038 4173 iraaoe
1062 4110 1218 4188 reddatnre

57 4239 153 4285 rernm
178 4221 367 4308 prudentium
395 4219 544 4284 bominum
566 4216 684 4282 stultam
707 4213 899 4300 sapientiam,
933 4213 985 4294 (de
1004 4232 1060 4295 qna
1079 4211 1220 4298 seriptum

87 4391 109 4442 5·
134 4409 174 4460 γρ.
198 4387 304 4446 dms-ret
323 4390 371 4462 τῷ.
406 4393 524 4443 Patauina.
552 4391 627 4442 lteete.
661 4385 784 4438 habeatnr
798 4383 859 4435 fides
873 4382 943 4433 velat
957 4389 1076 4450 suspecto
1090 4383 1155 4435 eirea
1167 4397 1225 4450 my-

59 4461 181 4513 ammam
201 4465 270 4514 uertit
291 4459 341 4522 Qui
364 4457 441 4526 igitur
460 4458 485 4510 ia
503 4457 626 4526 sapientia
659 4455 778 4514 sterium,
805 4451 906 4534 quando
921 4451 997 4502 etiam
1015 4451 1058 4501 ille
1077 4469 1127 4503 non
1145 4449 1227 4530 eonti-

58 4529 172 4580 sernaonis
197 4529 274 4596 exigit
290 4527 454 4597 mysterium,
479 4545 535 4579 enm
551 4525 618 4577 inla-
657 4524 694 4574 dit
717 4523 743 4574 in
767 4521 889 4590 rapientia
912 4520 1049 4583 sermonis,
1077 4519 1165 4572 l’aulaa
1184 4535 1226 4568 rn-

59 4607 121 4649 taata
142 4597 267 4667 sapientia
289 4606 388 4666 partem
411 4595 519 4660 habena,
548 4595 572 4647 ei
590 4611 622 4646 ne
658 4609 730 4662 quam
747 4597 799 4644 ortt.

104 4697 196 4760 Carpus
211 4695 347 4743 tauma
356 4693 415 4742 lla.
729 4767 731 4773 ,
1003 4699 1022 4760 6
