3060 5026
300 336 439 390 seuseu
455 337 575 389 nisum
592 337 674 392 nou.
693 338 725 388 u.
743 336 843 390 nunu.
856 338 991 392 nnsis.
1163 325 1224 390 373

8 501 10 540 ς
70 456 251 522 anathemate
275 457 381 522 damno
402 457 450 542 qui
472 458 650 544 propositam
673 477 708 522 ac
728 468 876 543 receptam
901 458 930 522 in
951 457 1087 524 Nieeena
1110 461 1226 548 syuodo

8 599 11 634 ;
70 559 152 624 hdem
177 570 337 646 respuunt,
370 581 465 645 neque
490 561 578 624 lilium
604 560 729 643 epatris
754 560 918 626 substantia
942 563 1144 646 processisse,
1175 578 1226 631 aut

8 701 11 730 s
69 663 161 726 eidem
183 663 463 728 consubstantialem
483 683 550 727 esse
568 663 756 727 conlitentur.
803 660 912 728 Sedet
930 663 996 728 illus
1017 665 1140 752 iusuper
1155 688 1226 732 eou-

8 823 10 838 ,
67 766 171 831 demuo
195 767 244 851 qui
269 767 402 852 spiritum
422 776 556 830 sanctum
580 775 744 830 ereaturam
767 785 836 830 esse
862 787 916 852 per
938 767 1027 831 hlium
1056 771 1225 855 productam

65 880 214 934 asserunt.
259 866 415 933 Postremo
440 865 561 933 Sabellii
586 889 621 932 ae
644 865 779 945 Photini,
811 869 945 954 adeoque
967 871 1096 957 reliquas
1120 893 1224 937 omues

66 973 206 1037 haereses
224 972 329 1036 damno
346 971 432 1056 eique
455 971 520 1036 fidei
542 971 713 1049 subscribo,
748 991 822 1056 quae
840 971 870 1035 iu
888 971 1023 1037 Nicaena
1039 975 1154 1060 syuodo
1173 975 1224 1040 de·

64 1088 144 1140 creta
168 1087 229 1155 est,
254 1095 290 1140 ac
308 1075 434 1158 denique
457 1095 492 1137 ea
508 1074 669 1159 amplector
691 1074 789 1138 omnia
812 1095 887 1158 qnae
910 1096 999 1161 supra
1014 1076 1124 1162 scripta
1139 1089 1221 1142 suut.

395 1193 576 1246 HACTENUS
594 1193 683 1244 FlDEl
702 1193 889 1245 Puosessto.

148 1375 315 1448 Secundum
332 1383 405 1446 haec
420 1381 550 1448 Vitalem
563 1382 684 1466 eiusque
701 1381 798 1446 socies
813 1382 856 1446 sic
868 1382 987 1447 oblocuti
1001 1403 1120 1448 sumus:
1142 1373 1222 1468 Quid
1268 1392 1329 1461 cap.

57 1493 205 1547 autemst
225 1506 279 1549 ros
303 1485 420 1550 dicitis?
464 1482 583 1570 Siquid
606 1485 732 1549 invicem
759 1483 870 1549 dissidii
898 1485 1030 1566 hahetis,
1063 1487 1221 1552 conciliata
1254 1461 1354 1514 xxm·

57 1606 133 1669 paee
159 1587 275 1671 penitus
296 1588 402 1652 tollite.
446 1588 487 1652 ht
507 1589 575 1666 ille,
608 1585 734 1666 Dicant,
769 1587 874 1672 inquit.
919 1585 1221 1656 Tumobiicientibns

57 1688 127 1750 aliis
144 1709 253 1774 negare
268 1690 349 1776 ipsos
365 1687 515 1755 Christum
535 1691 682 1755 homiuem
698 1711 765 1756 esse
783 1692 964 1776 perlectum,
988 1702 1092 1755 contra
1112 1690 1221 1758 Vitatis

55 1792 231 1876 respondit,
256 1790 320 1857 lmo
334 1814 407 1857 vero
423 1791 573 1860 Christum
591 1796 717 1859 latemur
735 1796 896 1880 perlectum
911 1794 1059 1858 huminem
1074 1795 1219 1861 induisse.

57 1890 147 1976 Quod
171 1896 235 1960 eins
260 1917 434 1982 responsum
460 1919 518 1961 uon
544 1896 688 1962 minorem
715 1895 901 1961 audientibus
928 1895 1107 1982 voluptatem
1133 1919 1220 1982 quam

53 1997 282 2063 admirationem
303 1999 410 2064 attulit.
458 2000 589 2077 Atnos,
623 1999 671 2084 qui
692 1999 861 2064 callidorum
881 1997 1048 2078 homiuum,
1080 2000 1220 2084 aquibus

51 2100 165 2164 fratres
185 2101 278 2165 nostri
291 2102 320 2165 iu
338 2122 469 2166 errorem
488 2101 724 2180 abducebantur,
754 2100 874 2165 intimos
892 2121 999 2165 sensus
1019 2123 1055 2165 ac
1075 2103 1220 2186 tergiuer-

50 2203 191 2267 sationes
208 2205 343 2290 cognitas
357 2204 552 2282 habebamus,
577 2203 674 2269 aenos
689 2205 719 2268 iu
734 2203 944 2288 interrogando
958 2203 1151 2289 perstitimus,
1175 2216 1217 2287 et,

50 2301 261 2386 Christumue‚
286 2306 426 2386 diximus,
451 2306 568 2392 proprie
583 2327 702 2370 caruem
719 2305 915 2390 assumpsisse
932 2305 1100 2392 profiteris?
1142 2303 1219 2371 Pro·

46 2409 159 2488 liteor,
192 2409 297 2494 inquit.
351 2407 522 2474 Easdemne
545 2410 581 2473 de
602 2405 700 2473 blaria
728 2407 843 2494 virgine
867 2408 932 2472 sine
958 2408 1038 2474 virili
1064 2419 1149 2490 satu,
1182 2431 1218 2474 ac

45 2511 267 2596 perspiritum
293 2522 425 2576 sanctum
453 2512 624 2598 accepisse?
665 2509 715 2575 Ne
738 2511 816 2574 istud
842 2511 956 2596 quidem
983 2510 1130 2576 inficiatus
1157 2521 1215 2577 est.

43 2611 231 2679 Utrnmoam
246 2615 364 2700 proprie
382 2615 467 2679 deum
490 2615 611 2680 verbum
634 2613 738 2699 deique
755 2614 844 2678 lilium
862 2615 1016 2678 existimas
1033 2635 1049 2677 e
1065 2615 1150 2679 coelo
1168 2615 1218 2680 de·

42 2716 245 2781 scandentem
269 2735 387 2780 monem
413 2717 572 2802 sumpsisse
598 2717 789 2801 devirginat
830 2713 941 2800 Magna
966 2717 1016 2780 ille
1035 2737 1099 2780 cum
1118 2716 1218 2801 gravi-

40 2829 113 2882 tate
141 2839 283 2883 assensus
306 2831 363 2882 est.
411 2818 454 2883 Ea
477 2841 524 2882 res
551 2820 635 2884 uobis
660 2839 791 2884 summae
819 2818 959 2905 voluptati
986 2817 1052 2883 luit.
1099 2815 1217 2906 Quippe

38 2943 61 2983 a
85 2919 242 3006 discipulis
258 2921 334 2999 illis,
359 2943 433 3007 quos
451 2922 480 2986 in
498 2918 629 3008 Cyprum
645 2923 680 2986 ad
699 2943 753 2986 uos
769 2922 890 2986 venisse
908 2931 993 2985 autea
1016 2922 1214 3002 narravimus,

37 3024 199 3088 eiusmodi
217 3043 285 3087 esse
305 3025 409 3108 dogma
432 3024 549 3090 illorum
570 3025 773 3103 audieramus,
809 3020 920 3088 Christi
946 3045 1063 3087 earnem
1084 3022 1217 3088 eMaria

35 3126 134 3190 nullo
152 3125 239 3189 modo
259 3146 325 3190 esse
345 3137 523 3212 susceptam.
571 3125 672 3211 Quare
690 3149 754 3191 cnm
772 3126 1012 3211 religiosissimus
1031 3127 1087 3190 iste
1105 3125 1216 3192 Vitalis

33 3227 204 3293 dominum
228 3239 358 3293 nostrum
378 3225 476 3292 lesum
495 3226 646 3294 Christum
666 3251 784 3293 caruem
803 3249 820 3292 e
837 3227 933 3293 Maria
954 3229 1082 3294 traxisse
1099 3229 1215 3314 praedi·

32 3341 155 3408 caret,
191 3331 295 3395 iterum
321 3353 336 3394 a
363 3331 448 3396 nobis
474 3331 674 3416 interrogatus
698 3342 760 3410 est,
796 3353 863 3396 uum
887 3341 918 3394 et
937 3331 1062 3396 animam
1086 3331 1215 3396 indidem

26 3432 230 3518 accepisset.
275 3432 328 3497 llle
352 3435 414 3518 pari
440 3434 588 3518 gravitate
607 3455 643 3498 ao
664 3433 830 3498 constantia
853 3433 1004 3518 accepisse
1030 3436 1128 3499 lassus
1155 3445 1213 3514 est,

24 3556 149 3621 neque
170 3535 257 3600 aliter
283 3536 493 3615 asserendum,
527 3536 626 3601 sedin
646 3535 780 3600 omnibus
805 3536 880 3620 quod
899 3557 1002 3600 rerum
1020 3549 1064 3601 est
1085 3558 1215 3622 pronuu·

24 3639 185 3706 tiandnm
206 3658 273 3702 esse
290 3638 375 3702 dixit.
420 3637 582 3702 Enimvero
605 3659 729 3704 necesse
751 3649 797 3702 est
815 3657 881 3702 eum
899 3638 1001 3723 quide
1019 3639 1143 3703 veritate
1161 3638 1214 3702 bo·

20 3740 181 3809 minibus
208 3740 318 3804 scribat
344 3751 406 3805 toto
423 3740 510 3806 animi
535 3751 641 3806 conatu
657 3742 687 3805 in
704 3742 732 3805 id
752 3761 840 3805 unum
859 3739 1029 3805 incumbere
1047 3751 1079 3804 ut
1093 3741 1139 3804 dei
1157 3738 1213 3805 sihi

19 3849 50 3912 ti
56 3861 189 3910 morem
206 3841 243 3906 ob
260 3841 360 3906 oculos
378 3854 537 3929 proponat,
562 3863 656 3928 neque
672 3843 775 3908 falsum
793 3843 944 3928 quicquam
963 3861 997 3906 ac
1013 3852 1125 3907 minere
1142 3863 1213 3906 cou-

17 3954 150 4016 fietum
175 3944 210 4007 ed
233 3956 399 4030 susceptam
421 3945 611 4031 scriptionem
635 3947 804 4011 admisceat.

138 4045 232 4131 lgituu
248 4045 357 4112 Vitatis
376 4048 529 4112 humanam
545 4069 561 4112 a
579 4045 700 4113 Christo
719 4051 845 4114 animam
869 4057 1034 4132 susceptam
1053 4067 1120 4110 esse
1140 4068 1211 4112 cou—
1264 4063 1325 4132 cap.

12 4161 151 4222 fessus
175 4161 231 4212 est.
279 4145 331 4214 Sic
348 4150 425 4212 euim
451 4149 564 4214 aiebate
590 4147 719 4216 Omnino
736 4153 883 4235 perlectus
900 4150 987 4213 homo
1003 4145 1141 4215 Christus
1156 4171 1211 4215 ex·
1243 4133 1343 4214 qulv.

10 4258 120 4326 titia.
169 4248 285 4315 Deinde
307 4261 458 4337 postquam
484 4253 519 4316 de
540 4253 637 4316 anima
664 4263 695 4316 et
717 4273 806 4317 earne
830 4253 972 4317 sciscitati
998 4273 1118 4332 snmus,
1150 4263 1209 4318 tum

8 4368 168 4428 demum
185 4353 263 4418 istud
281 4355 317 4417 ab
337 4375 374 4418 eo
393 4355 604 4438 quaesivimus,
627 4353 800 4420 Mentemue
819 4352 957 4422 Christus
974 4355 1108 4421 dominus
1126 4377 1210 4420 acce-

8 4461 110 4560 pit?
158 4451 232 4524 Sine
248 4457 304 4523 ulla
320 4457 506 4522 cunctatione
520 4458 650 4546 negavit.
694 4441 773 4524 Tum
790 4479 845 4524 nos
862 4480 900 4524 ex
919 4461 1057 4542 adverso,
1083 4457 1209 4547 Quinam
