3082 5006
327 329 603 383 renuntiarant.
620 329 990 383 sensumsensurn.
1192 317 1241 382 ‘cs

67 457 98 510 nt
115 447 267 511 eiusmodi
291 447 454 516 habeantur
477 451 557 515 iicet.
604 448 658 516 Sin
678 451 707 514 in
726 451 779 514 bac
796 450 859 537 ipse
875 450 1071 515 exornatione
1086 471 1122 514 ac
1142 449 1241 534 dispu-

65 549 186 614 tatione
206 551 360 616 titubatnm
376 554 412 617 ab
429 554 486 618 illis
502 553 633 617 norrniiril
649 565 706 632 est,
728 577 762 618 aa
779 577 879 640 parum
898 564 978 618 reete
995 553 1132 640 pesitum,
1154 575 1239 619 surtran

67 653 143 738 apud
171 655 306 718 eruditos
331 657 425 720 locum
451 658 642 742 ordinemque
668 667 798 720 teneant.
845 653 1002 720 Postremo
1020 677 1085 720 erran
1102 657 1138 719 de
1156 642 1240 721 Mar·

66 758 144 820 cello
161 757 350 843 superiorem
374 779 490 823 ornnem
517 761 716 824 narrationem
735 757 851 822 abunde
870 759 1101 838 instituerimus,
1130 760 1167 824 ab
1185 760 1240 826 lrue

67 859 103 922 ad
127 859 207 924 abias
231 861 373 926 haereses
393 863 596 926 transibimus.

199 1101 560 1181 ADVERSUS
610 1101 1111 1196 sustentasse,

272 1248 355 1320 quae
383 1231 435 1300 est
459 1225 610 1302 haeresis
635 1224 753 1318 Luta,
778 1223 852 1299 sire
877 1222 1043 1298 Lxxttl.

149 1371 353 1460 Posteaquam
373 1375 534 1461 opitulante
552 1377 609 1439 deo
627 1375 711 1456 Arii,
744 1395 905 1460 coriumque
921 1375 968 1460 qui
989 1374 1066 1439 Ario
1083 1395 1237 1442 strecesse·
1266 1385 1328 1455 cip.
1346 1387 1365 1438 ι.

67 1486 151 1554 nant,
188 1478 320 1541 infelicia
347 1479 483 1562 dogmata
508 1480 708 1565 perrupimus,
748 1477 940 1562 inprimisque
968 1475 1102 1557 Ριιιιιίιιὶ,
1133 1480 1240 1544 sedet

66 1575 207 1643 Marcelli
232 1581 329 1665 priora
354 1582 402 1644 illn
422 1581 633 1661 discussimus,
666 1583 695 1645 in
723 1581 828 1666 quibos
851 1580 982 1644 nourruibil
1009 1579 1136 1646 titubare
1156 1583 1238 1646 uisus

68 1693 128 1760 est,
162 1704 301 1768 quaeque
318 1684 400 1746 initio
416 1685 537 1770 perinde
556 1696 643 1770 atqrre
659 1683 802 1748 ebrietate
821 1695 975 1769 correptus
992 1685 1122 1748 eunnrtrit
1138 1691 1237 1771 (atque

68 1787 177 1849 utinam
197 1785 279 1848 iliius
294 1796 470 1865 sectatores,
495 1787 637 1872 siqnidem
654 1787 716 1850 lieri
735 1797 843 1872 potest,
868 1787 1088 1866 enuntientur),
1112 1791 1148 1852 nd
1166 1789 1238 1854 toea

70 1909 130 1950 riam
151 1899 262 1952 exerta
279 1888 316 1952 ab
333 1890 457 1974 ipsomet
476 1891 551 1954 Ario
566 1889 682 1953 nicetetia
700 1890 809 1969 verbe,
833 1893 910 1970 qued
924 1901 968 1951 est
981 1894 1170 1972 emnr'gladie
1186 1914 1237 1954 un·
1251 1897 1389 1956 testeam

70 1994 150 2071 epiri
174 1993 400 2073 penetrabilius,
433 1992 649 2068 ceciderimus,
681 1993 927 2056 considerandum
956 1995 1043 2056 modo
1074 1992 1159 2056 nubis
1190 2004 1239 2057 est
1306 2066 1311 2080 ⁸

71 2095 332 2176 quemadmodum,
364 2095 522 2181 pullulante
549 2095 622 2158 ninia
648 2095 696 2158 itta
715 2095 781 2158 Arii
799 2094 1002 2171 irruticatieus,
1034 2115 1128 2178 genus
1146 2097 1237 2180 qnod·

72 2195 130 2258 darn
147 2197 310 2260 emerserit
322 2208 423 2261 sectae
437 2219 523 2282 quarn
541 2195 793 2262 Seminrinnorum
813 2207 932 2260 vuuttttl.
958 2193 1016 2280 Qrui
1034 2197 1150 2282 quidem
1167 2199 1238 2262 licet

70 2295 142 2362 iilius
160 2320 272 2362 nornen
286 2299 413 2379 eiureut,
438 2303 562 2364 earundem
581 2300 673 2386 ipsum
695 2311 809 2378 tamen,
834 2320 869 2362 nc
884 2299 1058 2362 sceleratam
1077 2299 1155 2363 illins
1173 2299 1236 2386 opi·

72 2399 183 2465 aionem
212 2403 355 2481 induunt,
387 2413 416 2466 et
430 2401 570 2467 ementita
594 2403 717 2487 qondam
741 2403 841 2488 specie
860 2423 894 2465 aa
921 2403 1002 2466 larva
1028 2403 1235 2468 tentonicam

73 2501 218 2568 obducunt
236 2525 271 2569 ac
287 2505 482 2570 bissinruinut.
509 2503 682 2572 Cuiusmodi
701 2505 874 2569 histrionum
893 2505 924 2569 in
944 2505 1066 2569 theatris
1081 2525 1148 2569 esse
1164 2527 1235 2569 corr·

73 2609 162 2670 suerit
179 2608 279 2686 actio,
305 2609 353 2693 qui
369 2609 424 2672 snb
441 2609 546 2673 aeliensis
565 2609 694 2673 vrrltibus
713 2609 920 2672 delitescentes
940 2629 975 2670 nra
992 2607 1141 2694 personati
1159 2627 1235 2694 quae

72 2705 97 2770 in
119 2709 283 2774 cemoediis
309 2711 475 2795 turpissima
502 2722 533 2774 et
557 2711 710 2776 ebrietatis
735 2712 819 2798 piena
843 2713 1032 2775 scrutinentur
1052 2711 1233 2790 edisserunt,

73 2811 129 2873 sire
147 2824 284 2876 ueterum
303 2820 454 2900 petitarum
474 2815 587 2879 sabatius
603 2825 688 2894 pestn
711 2816 775 2900 ipso
797 2825 827 2877 et
847 2815 1082 2878 roailorrnatinue
1100 2813 1235 2899 eorporis
1323 2870 1328 2880 .

74 2915 247 2999 exprimant.
280 2913 332 2980 Sic
345 2927 376 2979 et
392 2915 439 2981 isti
457 2916 683 3002 simplicioribus
701 2918 823 2981 illudere
840 2917 1004 3003 cupientes,
1022 2937 1087 2979 cnm
1106 2927 1135 2981 et
1152 2917 1233 2981 cntra

73 3013 129 3098 ipso
146 3029 177 3082 ct
195 3017 328 3083 muribus
347 3030 375 3082 et
395 3020 484 3106 irupio
503 3022 639 3104 dogmate
658 3019 693 3084 ab
715 3019 789 3084 Ario
809 3021 988 3104 sinistrisque
1007 3040 1064 3083 riou
1083 3019 1231 3098 «liberant,

74 3119 255 3185 nibilominus
278 3123 403 3206 quodam
427 3123 603 3186 arlulutiouis
625 3123 749 3186 artificio
769 3122 995 3208 perditissimam
1014 3121 1143 3185 omnium
1163 3143 1234 3184 con-

76 3219 195 3288 fessione
220 3224 336 3288 illerum
359 3225 520 3289 doctrinam
545 3228 644 3289 turture
666 3248 701 3288 uc
721 3225 908 3289 dissimulare
926 3225 1097 3310 cupientes,
1129 3225 1167 3288 ita
1186 3225 1233 3288 dei

64 3321 152 3388 dilium
172 3338 340 3390 serenturam
361 3337 405 3390 cst
424 3328 558 3392 dictitent
575 3338 618 3403 ιιι,
642 3349 700 3412 qno
720 3327 833 3391 lucilius
854 3327 1019 3412 decipiant,
1044 3348 1078 3389 nc
1096 3327 1234 3390 videlieet

77 3425 115 3488 dei
133 3429 191 3493 tilio
209 3431 430 3513 gratificentur,
460 3431 484 3492 si
502 3449 576 3514 ques
598 3429 725 3493 uiderint
743 3430 780 3492 ob
797 3428 939 3492 eiusrnntli
958 3451 1112 3494 serruones
1130 3442 1234 3495 extras-

75 3525 141 3609 bari,
159 3533 462 3595 circumieraurornm
480 3553 562 3596 more
578 3532 676 3596 statim
692 3531 867 3595 binrnlicudo
883 3532 1053 3610 subiiciunt,
1078 3531 1147 3598 Non
1167 3553 1233 3618 per·

76 3627 133 3696 inde
152 3647 320 3698 ereaturam
345 3635 424 3698 illrnn
453 3636 576 3700 iacimus
605 3657 639 3700 ae
663 3647 827 3699 ceterarum
853 3635 977 3720 aliquam
999 3657 1094 3722 neque
1123 3639 1231 3699 inetttm

78 3745 233 3801 ceterorum
249 3739 344 3802 instar
362 3739 490 3802 ieetunm
510 3759 578 3803 esse
596 3739 732 3802 dicimus.
780 3735 838 3801 bam
855 3741 1111 3802 Ceresubstentrirlie
1126 3759 1230 3801 s'ncern

79 3843 203 3923 tanquam
222 3863 238 3903 a
254 3842 349 3905 saeris
363 3841 457 3905 literis
473 3841 596 3904 alienum
614 3843 729 3926 penitus
744 3842 915 3927 explodunt.
959 3839 1018 3906 Sed
1035 3843 1071 3905 de
1086 3843 1142 3919 bis,
1165 3861 1230 3903 crire

80 3939 209 4008 adsersus
232 3943 337 4006 Arium
353 3964 521 4028 ageremus,
557 3943 780 4009 accuratissime
804 3945 1026 4030 disputavimus.
1073 3939 1229 4024 Ceterrrrn,

81 4049 105 4100 ιιι
118 4047 189 4111 alind
207 4047 286 4109 illius
303 4046 400 4110 simile
418 4069 524 4111 ruorneu
541 4047 701 4124 obiiciant,
727 4044 855 4112 Basilius
871 4047 1001 4132 inprimis
1014 4067 1048 4111 nc
1067 4044 1229 4130 Georgius,

83 4137 321 4213 Srninriannrum
342 4149 427 4214 istius
445 4161 544 4213 sertae
563 4149 727 4235 principes,
754 4147 880 4228 Filium,
904 4148 1056 4232 inquiunt,
1082 4171 1139 4213 ιιιιιι
1161 4143 1232 4230 ὅμο-

82 4241 183 4325 eiures,
218 4251 274 4315 boc
292 4265 357 4331 est,
387 4255 672 4329 consubstantialem,
705 4253 756 4316 sed
775 4245 968 4331 όμοιούσιον,
999 4253 1054 4316 line
1080 4263 1126 4317 est
1143 4257 1235 4317 simili

83 4377 137 4435 tinne
155 4387 187 4438 sd
210 4405 255 4439 ens
277 4387 319 4458 qni
345 4407 391 4458 per
408 4405 548 4442 sermonem
566 4389 631 4441 berne
700 4387 724 4440 5.
740 4383 835 4442 reiron
852 4389 901 4439 ced.
924 4389 1019 4454 liberiiq.

83 4457 175 4522 omnpn
191 4469 251 4508 sunt
266 4459 486 4526 praestigiatorum
504 4475 572 4512 more
589 4457 631 4509 ui·
699 4454 723 4508 6.
742 4456 852 4526 καὶτῆς
870 4461 953 4509 uitium
970 4465 1003 4513 est
1019 4461 1055 4511 ιιι.
1078 4463 1159 4514 Peleu.
1183 4461 1228 4512 Ge·

84 4533 143 4582 ιιιι,
159 4533 212 4577 cett.
664 4528 710 4576 lea.
728 4531 801 4592 repet.

110 4585 129 4642 i·
142 4593 185 4648 aut
203 4609 249 4646 em.
267 4595 318 4648 cod.
335 4597 433 4661 libadtp.
