3042 5016
301 323 439 378 rsnsnu
457 323 521 376 mn
541 325 585 376 ur.
602 325 685 376 rou.
700 324 721 375 1.
738 324 838 376 unna.
854 323 974 378 cxxvi.
1145 311 1208 376 tot

50 455 81 510 ut
94 465 161 510 esse
177 443 305 529 possetis
322 443 441 512 indulsi.
489 441 542 510 Sic
561 445 638 508 enim
657 445 796 530 scriptum
817 455 880 508 este
911 447 997 506 netu
1010 447 1069 506 altis
1081 455 1208 525 potestn-
1221 455 1361 512 tomeun.

51 549 192 628 tnnfltr'os
206 549 341 628 der'fiere'.
387 541 551 634 Propterea
567 537 633 611 cum
649 547 697 610 illc
715 549 789 634 apud
806 547 887 630 ipsos
902 545 1060 624 existeret,
1085 548 1208 610 lormam

48 650 127 718 servi
143 650 292 734 suscepit,
317 671 382 713 oum
398 651 557 714 recentiori
573 671 680 714 recens
697 649 931 714 communionem
950 648 1133 734 suscipiens3
1165 651 1209 714 sic

49 765 80 819 ut
95 754 212 818 interim
230 762 332 816 vetera
350 753 453 816 eodem
469 751 500 816 in
519 764 597 817 statu
616 751 850 838 permanserint,
885 771 980 836 neque
1004 753 1207 816 confusionem

46 857 135 921 ullam
155 876 239 942 passa
263 856 383 918 luerint.
430 854 588 919 Hominum
612 856 716 940 qnippe
740 855 790 918 lilii
810 853 955 918 eiusmodi
984 854 1208 940 participatione

46 961 81 1023 ad
99 959 300 1042 incorruptum
324 968 433 1022 statum
458 957 592 1022 translati
617 969 702 1037 sunt,
739 979 796 1022 non
821 957 922 1020 eadem
948 956 1111 1021 substantia
1138 979 1209 1021 con·

44 1061 151 1126 iuncti.
187 1060 229 1124 At
246 1081 310 1124 cum
327 1063 408 1126 servi
427 1062 548 1124 formam
566 1059 643 1124 lilius
660 1061 813 1146 accepisse
829 1059 947 1138 dicitnr,
970 1059 1039 1123 illud
1054 1063 1213 1141 cem'pe'eadr‘

44 1163 220 1230 vocabulum
236 1184 345 1228 novum
361 1163 470 1248 aliquid
487 1185 523 1227 ac
537 1184 642 1227 recens
656 1164 733 1228 istud
750 1161 886 1228 extitisse
902 1163 1095 1227 demonstrat.
1121 1161 1208 1246 Quod

44 1277 144 1331 antem
160 1266 287 1330 additum
307 1277 371 1344 est,
401 1288 463 1328 oum
481 1269 620 1350 informo
637 1270 789 1341 delesset,
824 1265 1014 1329 mutationem
1034 1265 1141 1330 nullam
1166 1265 1209 1328 in·

45 1370 224 1434 ter-cessisse
240 1368 398 1452 significat.
446 1364 532 1452 Quae
550 1355 615 1434 oum
633 1369 673 1433 ita
691 1389 758 1432 sese
778 1369 920 1446 labeant,
946 1389 980 1431 ac
997 1389 1061 1431 cnm
1081 1369 1210 1454 perlecta

44 1473 90 1535 dei
111 1469 282 1555 cognitione
308 1472 465 1536 coniuncta
489 1472 583 1557 palam
602 1472 638 1536 ab
660 1471 697 1535 iis
714 1482 887 1535 asserentur
902 1469 950 1555 qui
968 1470 1107 1536 divinitus
1126 1471 1211 1535 insti·

44 1574 99 1638 tuti
117 1587 205 1653 sunt,
238 1593 333 1658 neque
348 1575 421 1638 haec
438 1575 547 1654 verba,
579 1579 656 1638 Dens
673 1577 875 1637 meuaetdcus
890 1585 998 1649 emtor,
1024 1594 1119 1658 neque
1138 1575 1207 1654 ista,

43 1681 132 1739 Pater
148 1699 226 1739 meus
240 1689 270 1738 et
282 1689 368 1758 poter
384 1689 493 1752 cester,
526 1697 627 1761 param
652 1676 730 1740 illem
750 1697 786 1740 ao
803 1675 949 1740 sinceram
972 1675 1019 1740 dei
1038 1687 1172 1741 naturam
1192 1696 1210 1741 a

43 1789 267 1857 consentanea,
293 1799 349 1842 nec
363 1779 427 1866 ipso
445 1779 580 1864 indigna,
613 1779 818 1844 commuuione
834 1791 954 1866 propter
967 1778 1050 1844 vocis
1069 1779 1210 1865 ambigni-

44 1893 137 1946 tatem
161 1901 301 1968 separare
326 1893 482 1967 poterunt,
514 1892 564 1946 aut
583 1881 736 1966 quicquam
762 1883 799 1945 de
824 1881 1010 1967 proprietatis
1034 1882 1210 1948 excellentia

42 1984 220 2064 detrahent,
245 2005 299 2069 qua
319 1996 403 2070 pater
417 2006 483 2048 cum
499 1985 575 2065 lilio,
600 1986 676 2050 lilius
694 2006 760 2049 cum
778 1997 877 2070 patre,
903 2007 938 2050 ac
955 1986 1076 2071 spiritns
1092 1996 1210 2050 sanctus

41 2089 173 2172 denique
195 2097 414 2172 comparantur.
1202 2133 1205 2136 -

133 2189 216 2254 Aetii
232 2187 331 2278 Caput
345 2192 450 2254 XVlll.
479 2187 512 2258 si
533 2189 664 2275 ingenita
679 2189 843 2254 substantio
857 2189 1043 2274 generationi
1063 2199 1206 2276 praestat,
1254 2177 1260 2187 ¹

39 2291 167 2357 insitam
195 2293 224 2357 in
241 2314 309 2358 sese
330 2293 441 2358 habens
461 2292 670 2358 excellentiam
689 2303 792 2377 suapte
811 2303 916 2357 natura
931 2291 1063 2377 ingenita
1080 2303 1126 2357 est
1141 2295 1210 2358 snb·

40 2395 168 2460 stantia.
215 2393 321 2480 Neque
339 2397 417 2459 enim
439 2397 484 2460 cui
511 2393 623 2461 libitum
642 2408 688 2460 cst
703 2417 757 2480 pro
775 2417 812 2462 eo
828 2397 905 2480 qnod
923 2395 1035 2460 libitum
1054 2407 1101 2460 est
1118 2417 1209 2480 gene·

39 2499 157 2562 rationi
174 2499 342 2578 antecellit,
375 2499 428 2562 sed
445 2500 521 2584 qnod
539 2499 578 2564 ita
596 2509 700 2563 natura
718 2509 904 2584 comparatus
924 2510 981 2564 est.
1027 2497 1130 2584 Quare
1144 2521 1210 2564 cum

40 2604 120 2666 deus
140 2621 192 2688 per
209 2623 277 2666 sese
302 2601 434 2686 ingenita
455 2601 494 2665 sit
513 2601 695 2680 substantia,
727 2602 833 2666 rationi
853 2601 923 2666 nulli
944 2603 1086 2687 permittit
1107 2601 1163 2666 sibi
1179 2613 1212 2667 ut

37 2705 272 2788 generationem
291 2705 427 2788 affingat,
459 2706 511 2769 sed
529 2704 748 2790 inquisitionem
773 2725 889 2770 omnem
909 2714 939 2770 et
954 2703 1209 2770 ratiocinationem

38 2809 75 2870 ad
101 2828 158 2871 res
178 2807 296 2892 genitas
318 2807 455 2872 amandat
476 2829 510 2872 ac
533 2808 640 2872 reiicit.

137 2905 261 2974 Coniot.
286 2906 408 2974 XVlll.
456 2908 489 2974 ln
510 2912 627 2975 easdem
652 2931 707 2976 nos
731 2911 883 2976 molestias
903 2909 985 2975 nerii
1006 2909 1212 2996 importunitas

35 3012 182 3077 immisit.
229 3009 288 3095 Qui
316 3011 382 3076 dum
402 3013 503 3080 eadem
526 3014 645 3100 saepius
662 3013 699 3078 ab
718 3012 804 3080 initio
819 3015 855 3078 ad
874 3015 960 3076 linem
979 3033 1072 3098 usque
1089 3014 1208 3100 repetit,

34 3117 181 3181 ciusdem
201 3115 287 3179 nobis
303 3114 427 3180 laciendi
448 3117 655 3182 necessitatem
673 3116 823 3203 imposuit.
855 3113 1018 3182 Enimvero
1034 3117 1117 3196 fides,
1135 3135 1209 3200 quae
1291 3094 1297 3114 ⁸

34 3217 213 3283 catholicos
238 3239 341 3282 omnes
364 3220 400 3284 ad
423 3219 547 3284 salntem
572 3220 722 3306 perducit,
758 3219 948 3284 humanorum
972 3230 1211 3304 argumentorum

33 3323 215 3386 subtilitate
231 3343 289 3384 non
305 3331 432 3386 constat.
478 3320 724 3408 Quandoquidem
745 3320 856 3385 lubrica
876 3331 905 3384 et
918 3321 947 3385 in
968 3341 1100 3388 errorem
1119 3343 1212 3408 prona

31 3437 111 3490 sunt
133 3425 287 3488 hominum
306 3425 441 3509 ingenia,
476 3445 571 3510 neque
591 3447 655 3490 cum
673 3424 786 3488 induite
804 3425 851 3488 dei
867 3424 1031 3489 substantia
1053 3426 1211 3512 adaequari

31 3537 186 3612 possunt.
233 3525 274 3590 Et
289 3549 360 3592 vcro
384 3537 475 3592 totum
501 3527 571 3592 illud
591 3528 694 3592 salutis
713 3538 834 3592 nostrae
852 3548 868 3590 a
885 3522 1007 3594 Christo
1028 3529 1214 3593 administre-

31 3642 95 3695 tnm
115 3629 320 3716 mysterium,
357 3632 433 3714 qnod
462 3630 628 3694 homiuibus
655 3630 742 3694 vitam
767 3630 881 3709 attulit,
915 3635 1029 3694 ludoer's
1045 3636 1366 3708 scandatumacornaa.

26 3737 108 3814 scr't,
136 3733 280 3814 gentibus
295 3736 434 3807 stultiut,
458 3735 540 3796 nodas
556 3755 622 3796 nero
638 3738 745 3795 uocatas
758 3737 872 3796 Iudaeis
886 3745 915 3796 et
926 3737 1062 3814 gerendam
1080 3739 1211 3798 Clm'snen

28 3841 80 3900 da·
103 3839 212 3900 virtus
228 3847 257 3898 et
271 3839 319 3898 det
332 3841 489 3917 sapientae.-
520 3842 651 3918 pecatum
675 3841 751 3918 quod
775 3839 893 3899 stultum
917 3850 961 3899 est
984 3843 1033 3901 ded
1055 3843 1211 3918 sapientius

28 3954 75 4002 eat
91 3941 283 4014 dommilus,
319 3951 350 4001 et
363 3943 439 4021 quod
452 3942 594 4020 nostrarum
618 3951 661 4002 eat
681 3944 729 4002 dei
738 3943 845 4021 sertim
865 3941 1088 4002 estdcmt'm'dua.
1135 3937 1212 4023 Quis

28 4044 132 4128 igitur
154 4041 280 4106 Attium
300 4063 358 4106 non
380 4043 474 4128 primo
492 4039 610 4106 ludaeis
632 4051 823 4120 annumeret,
857 4042 933 4126 quod
953 4039 1132 4126 syllogismis
1149 4042 1212 4107 suis

29 4149 100 4211 aliis
121 4143 308 4210 offensionis
330 4166 462 4209 caussam
479 4146 640 4232 praebeat?
662 4155 722 4210 tum
742 4165 816 4208 vero
833 4141 973 4227 gentilem
992 4163 1058 4206 esse
1077 4158 1210 4226 censeat,

28 4254 111 4338 quod
143 4269 224 4336 prae
249 4248 384 4312 affectata
411 4269 464 4314 sua
484 4249 628 4332 sapientia
652 4247 781 4310 divinam
803 4245 956 4310 veritatem
982 4246 1123 4311 stultitiae
1141 4271 1213 4312 oon·

28 4351 193 4420 damnet?
246 4347 365 4414 Etenim
394 4373 469 4416 unus
495 4352 544 4416 ille
568 4349 703 4416 conditor
728 4346 855 4412 omnium
878 4361 967 4434 atque
997 4350 1106 4416 artilex
1132 4353 1212 4418 omni

28 4525 89 4650 mg.
103 4520 359 4654 ἑνῖζωιῳιιιᾶηᾱοκ
371 4525 455 4587 tentor
468 4526 493 4576 to
507 4525 561 4576 adit
570 4527 615 4575 t’e-
683 4521 706 4574 8.
726 4524 833 4574 l'ortnast
849 4513 909 4575 eliac
925 4518 971 4590 ad,
989 4519 1083 4593 Πατήρ
1102 4541 1158 4592 μω.

71 4635 78 4651 .
126 4611 143 4647 o
198 4605 235 4641 -r
286 4624 293 4640 ι
