3068 5008
472 337 799 391 maouauuoaoosss.
1084 331 1091 337 '
1155 327 1219 394 5⁹19

53 459 323 546 lytidaaquasdnm
341 458 489 538 offerunt,
512 459 619 544 quibus
635 469 866 524 consentaneum
885 479 924 524 ex
943 479 977 524 ea
998 481 1030 526 oe
1045 481 1154 526 nomen
1173 461 1219 527 in·

52 562 200 642 didimus,
224 563 291 626 dum
316 557 533 648 Collysidiauos
555 561 623 626 illos
645 563 867 649 appellavimus.

139 764 329 844 lllassaliaui,
352 787 428 852 quos
442 767 631 853 intsnpnotani
650 789 805 852 possumus
823 767 996 832 Preoantes.
1042 767 1098 833 llis
1116 766 1220 835 adiuu-

52 880 166 954 guntur
181 890 200 932 e
213 870 367 954 gentilium
392 869 484 934 asotia
505 891 578 954 quos
597 869 789 957 Eupbemitas
812 881 842 935 et
863 869 1067 958 Martytianos
1083 883 1114 936 et
1132 870 1220 938 Sata·

52 973 161 1038 niauot
183 971 348 1036 nominant.

141 1071 263 1140 Summa
287 1073 360 1138 haee
384 1085 431 1140 eat
453 1075 523 1138 tomi
542 1074 658 1160 septimi
676 1096 711 1138 au
728 1074 816 1140 trium
842 1075 983 1141 librorum
1005 1077 1082 1141 dois.
1130 1073 1222 1142 Colli·

51 1187 165 1262 guutur
179 1177 319 1243 batesses
337 1174 477 1240 LXXX.
524 1173 587 1244 Sub
604 1179 690 1242 linem
705 1178 785 1242 tertii
800 1178 866 1242 libai
881 1179 1057 1264 septimique
1073 1180 1143 1243 tomi
1162 1182 1222 1244 lot·-

52 1280 135 1343 mula
158 1279 225 1344 fidei
241 1299 325 1363 quam
343 1280 468 1344 eeclesia
487 1279 629 1344 oatlnolioo
649 1276 803 1365 profitetur
817 1279 949 1345 subieota
967 1293 1030 1361 est,
1062 1303 1097 1346 ae
1111 1282 1222 1348 vetita-

54 1383 95 1446 tis
120 1381 254 1446 dolentia
270 1393 303 1445 et
326 1381 474 1466 evangelii
491 1379 604 1447 Christi
627 1383 826 1468 praedieatio,
858 1405 893 1448 ao
909 1384 1035 1468 donique
1056 1383 1222 1449 catholicae

52 1483 329 1562 acclamandum,
355 1505 429 1568 quae
445 1506 510 1548 oum
527 1484 564 1547 ab
580 1494 703 1548 aeterno
720 1485 826 1566 luerit,
850 1487 1041 1551 successione
1059 1497 1222 1573 temporum

51 1596 124 1673 pest
144 1585 376 1652 internetionem
401 1583 511 1652 Christi
534 1586 756 1651 evidentissima
778 1585 926 1673 patelaota
947 1600 1004 1653 est.

144 1790 241 1876 Qua·
258 1793 347 1856 multa
367 1813 440 1856 vero
459 1793 495 1856 ab
514 1791 647 1857 humanis
664 1793 792 1876 ingeniis
809 1792 907 1878 oolligi
927 1804 1050 1878 possunt
1066 1794 1102 1857 de
1120 1790 1158 1858 iis
1174 1794 1224 1879 qui

54 1893 134 1957 tanti
148 1915 183 1958 ao
199 1906 257 1960 taut
273 1896 457 1960 excellentes
474 1894 637 1974 habentur,
672 1907 702 1958 et
723 1894 772 1978 qui
800 1897 834 1958 ad
856 1895 1041 1960 laudabilium
1061 1899 1223 1959 adoloscen-

54 2000 186 2060 aaaron
203 2019 300 2083 gauno
318 1997 444 2064 adscribi
464 1997 571 2060 debent
585 2018 705 2078 quorum
722 2019 778 2059 non
794 2010 839 2059 est
854 2005 1008 2062 nummus!
1050 1997 1128 2062 Nam
1146 1999 1223 2063 aliua

52 2101 309 2165 commendandae
323 2110 411 2179 suut,
442 2099 518 2164 aliae
536 2099 750 2184 vituperatione
769 2097 886 2183 dignae.
932 2098 1011 2164 Nam
1027 2100 1159 2164 nonnulli
1175 2119 1224 2164 re·

53 2201 213 2287 perluatur
229 2202 279 2287 qui
295 2223 334 2268 ax
358 2202 473 2288 privato
490 2202 609 2285 ingenio
625 2219 762 2265 neumam
780 2203 925 2286 quandam
944 2203 1021 2268 vitae
1040 2202 1222 2288 disciplinam

52 2326 94 2369 ao
111 2305 207 2388 legem
229 2305 420 2390 sibimetipsis
444 2303 655 2384 condiderunt,
679 2325 715 2368 ae
733 2303 895 2388 prolixione
916 2325 1000 2368 eoma
1022 2305 1115 2390 palam
1141 2316 1172 2369 et
1193 2307 1224 2368 in

52 2407 189 2471 omnium
207 2408 300 2471 oeulis
317 2407 490 2504 procedunt.
535 2405 597 2494 ntjt
622 2427 694 2470 vero
718 2407 815 2470 saneti
840 2409 948 2471 fratres
969 2407 999 2471 in
1016 2407 1113 2471 oilioio
1135 2419 1165 2471 et
1182 2409 1224 2472 oi-

53 2529 134 2574 nene
161 2511 241 2599 domi·
257 2529 329 2574 >sese
353 2509 524 2586 continent,
558 2507 608 2572 alii
624 2507 749 2593 denique
767 2509 929 2594 asperrimo
948 2505 1067 2574 vivomli
1090 2509 1224 2574 instituto

54 2632 99 2676 ao
114 2611 279 2678 durissimis
302 2609 420 2676 ieiuniis
442 2623 474 2676 et
488 2610 637 2675 laboribus
652 2609 698 2674 dei
721 2631 827 2676 oaussa
849 2613 994 2697 suseeptia
1013 2612 1135 2676 iuvenili
1154 2633 1225 2696 qua·

54 2717 127 2779 dam
148 2713 318 2778 fortitudine
336 2724 367 2778 et
383 2715 512 2797 peoleota
528 2733 601 2798 erga
616 2735 757 2798 sponsam
774 2712 956 2778 oonsoientia
971 2713 1107 2778 omnibus
1121 2733 1227 2778 nume-

54 2818 105 2880 ris
122 2816 286 2880 absolutam
310 2816 401 2880 vitam
419 2816 601 2902 exprimunt.
632 2815 692 2880 atti
715 2817 843 2896 demum,
863 2817 938 2900 quod
960 2817 1045 2902 paulo
1062 2828 1131 2884 aute
1148 2817 1224 2898 dixi,

55 2939 123 2983 nou
140 2919 274 2996 sineere,
298 2919 351 2982 sod
369 2919 566 2983 obstinatione
584 2920 708 3004 quadam
726 2919 827 2997 animi,
852 2918 934 2982 velut
952 2919 1116 3004 tyrannico,
1141 2939 1226 3003 prae·

56 3033 111 3086 ter
135 3021 291 3084 veritatem
315 3020 479 3085 insolenter
500 3021 675 3086 efferuntur.
722 3019 873 3085 Eiusmodi
895 3019 1068 3086 Zaoobaeus
1088 3021 1137 3086 ille
1158 3022 1224 3101 luit,

54 3123 113 3209 qui
128 3143 224 3208 nuper
240 3121 271 3186 iu
288 3133 427 3187 montana
440 3123 563 3206 nogione
579 3123 615 3187 ad
631 3121 839 3209 Hierosolyma
859 3130 992 3186 mortuus
1012 3135 1069 3204 est,
1093 3123 1142 3209 qui
1159 3145 1225 3204 oum

55 3225 183 3290 nomine
207 3245 335 3311 unquam
362 3224 502 3310 poetandi
523 3225 933 3310 conmunioneoouiungise
950 3237 1135 3310 passusne,
1167 3227 1226 3291 imo

57 3341 140 3393 vana
162 3349 203 3392 ex
220 3329 327 3392 eodem
352 3328 486 3392 instituto
506 3326 606 3392 divina
622 3329 781 3414 mysteria,
813 3350 878 3392 oum
901 3328 995 3392 laicus
1022 3339 1114 3408 esset,
1138 3328 1228 3392 attin·

55 3451 139 3516 gere
156 3451 192 3494 ao
206 3431 353 3496 saonilioia
369 3430 521 3496 celebrare
540 3431 655 3494 melanio
673 3451 747 3495 ausu
765 3451 800 3494 ao
816 3431 975 3496 onomate
989 3443 1036 3494 ost
1051 3451 1226 3516 aggressus.

56 3533 211 3599 Inventus
228 3544 275 3598 est
288 3544 318 3597 et
331 3534 425 3612 alius,
447 3532 621 3617 quieumquo
637 3531 688 3596 ille
703 3535 818 3597 tandem
838 3533 903 3613 luit,
927 3533 1087 3598 exoollenti
1102 3535 1227 3619 quodam

57 3639 149 3702 vitae
164 3657 292 3722 genere,
315 3636 363 3720 qui
379 3636 410 3699 in
425 3635 555 3721 Aegypti
572 3634 730 3700 solitudine
747 3637 777 3700 in
796 3635 976 3702 monasterio
991 3637 1134 3722 degebat3
1157 3636 1228 3699 item

57 3741 144 3806 alius
167 3740 203 3802 ad
219 3736 322 3804 Sinam
346 3748 476 3804 montom
492 3737 639 3802 babitans.
686 3735 744 3820 Qui
760 3737 845 3802 ambo
864 3738 966 3804 uesoio
982 3739 1087 3823 quibus
1104 3737 1228 3801 somniis

58 3865 104 3908 eo
124 3841 298 3904 lanositatis
321 3841 437 3906 adduoti
456 3851 526 3904 suut
546 3851 578 3905 at
600 3851 739 3926 suscepta
761 3843 796 3904 od
814 3839 944 3927 opisoopi
969 3841 1148 3909 lunationem
1167 3859 1229 3904 ma-

58 3963 159 4011 nuum
173 3943 360 4028 impositione
375 3943 480 4007 sedere
494 3953 523 4007 et
539 3943 742 4028 episcoporum
758 3964 864 4008 munus
881 3942 964 4008 obire
977 3964 1036 4007 uon
1056 3943 1228 4006 dubitarint.

58 4044 145 4124 Atti,
161 4055 193 4109 et
208 4045 237 4109 ti
254 4045 369 4130 quidam
386 4065 444 4109 nou
461 4045 559 4130 pauci,
583 4055 716 4110 oastnare
733 4046 909 4132 semetipsos
924 4054 1029 4108 eontra
1045 4045 1127 4130 leges
1146 4045 1230 4108 iuve-

58 4183 123 4252 des)
140 4197 196 4246 pop.
208 4178 281 4234 tout.
666 4185 748 4234 aueo.
783 4179 924 4248 detonantia
941 4173 971 4234 ου’
985 4183 1109 4233 mactator
1125 4184 1230 4233 Petouto.

103 4250 147 4304 97.
165 4247 244 4314 ψαύει
258 4250 304 4304 aul
317 4249 444 4318 ἱιρουργῑα
458 4253 528 4304 oodd.
541 4265 597 4303 oasa.
613 4256 635 4303 tt
704 4248 758 4304 100.
769 4246 901 4316 ἑπισκόπῳ
914 4251 982 4300 oodd·
996 4253 1044 4301 lon.
1061 4256 1081 4300 et
1097 4251 1194 4314 Rtodtp.
1209 4255 1231 4300 et

58 4324 127 4377 edit,
142 4322 217 4382 priato.
667 4321 721 4370 adit.
741 4321 818 4383 prino.
838 4314 982 4371 ἐπισκόπων
996 4319 1051 4368 adit
1069 4320 1152 4370 Petne.

104 4386 148 4440 98.
164 4403 204 4447 τις
224 4380 254 4448 ἔς
273 4403 336 4441 ποτε
354 4389 424 4438 oodd.
438 4403 493 4440 msa.
529 4381 559 4448 ‘te
574 4403 636 4441 noas
704 4387 784 4439 100⁸.
803 4389 839 4437 lto
854 4387 922 4438 oodd.
937 4399 993 4436 ansa.
1012 4391 1154 4450 uterqunet
1176 4387 1231 4437 adit.

59 4459 127 4511 edit.
143 4458 220 4518 prino.
666 4458 743 4518 prins.
777 4453 1071 4507 matemautensem
1088 4447 1160 4508 adusi
1175 4451 1232 4507 dna·

105 4521 148 4575 99.
167 4518 312 4576 ἐπισκόπων
324 4525 378 4575 eod.
393 4526 441 4575 lea.
455 4529 476 4575 at
490 4526 544 4575 edit.
559 4526 635 4587 poton.
668 4521 775 4592 palpans.

60 4592 217 4650 ἐπισκοπῶν
231 4593 391 4656 wdflbedtp.
426 4589 567 4657 immun-dc
582 4593 659 4642 adlt-

956 4676 1027 4744 37*
