3044 5018
308 253 371 322 δίε
657 265 820 320 monum
837 267 883 320 ιτ
901 265 1129 318 conmotam.

306 387 325 440 ί.
338 387 370 440 Ἡ
392 396 418 438 εί
434 403 502 454 seqq.
531 388 643 437 Venetus
667 385 731 437 haec
752 381 850 453 plenius
872 385 906 436 ἰεε
930 395 1053 454 conceptu
1074 385 1165 436 habet:
1193 379 1348 456 ἀρχόμενος
1369 379 1472 444 dn&

307 471 372 526 ίτιίν
388 471 534 538 τριάκοντα,
561 469 644 524 λοιπάν
667 468 771 539 ίλῆιρθη
796 470 834 531 είς
849 469 897 539 τῆν
916 469 1017 538 ίρημον.
1051 467 1219 524 ’Δπεντεῦθεν
1245 459 1292 524 οιίν
1311 467 1471 536 αίτεασαρά-

306 575 382 612 κοντα
399 554 496 625 ῆμέραι
517 556 561 610 τοῦ
575 558 717 623 πειρασμοῦ
732 551 882 616 α’κολοάθως
896 555 1026 624 φαίνονται
1038 553 1146 610 καὶδύο
1162 555 1216 625 ίβδ
1234 556 1277 623 (αἱ
1292 555 1384 622 deest)
1400 556 1470 622 γωρε·

305 637 535 710 πλέονκαίῆμέραι
549 635 605 706 δύο,
622 631 655 700 ἃς
668 640 784 708 διέτριψε
793 638 938 694 έπανελθων
947 635 998 694 άπά
1008 641 1053 694 τοῦ
1062 642 1204 708 πειρασμοῦ
1213 639 1259 694 έπί
1270 638 1325 708 τῆν
1334 640 1469 697 Γαίελοίει

305 723 432 780 τουτέστιν
451 725 488 788 είς
503 723 551 792 τῆν
568 723 691 791 Ναζαρὲθ
714 723 759 779 καί
780 724 837 792 περί
854 721 886 779 τά
905 717 962 792 ὅρια
977 720 1076 792 αὐτῆς,
1103 725 1147 779 καί
1164 725 1211 792 μία
1227 720 1325 794 ῆμέρα
1342 721 1391 782 ’ὅτε
1404 716 1471 794 η’·ὰι

304 809 369 879 πράς
385 808 523 878 Ἰωάννην,
549 804 593 864 άτε
611 807 661 878 ἔφη
679 805 694 864 ά
709 805 846 877 Ἰωάννης,
859 803 918 864 Ἰδε
933 805 948 864 ά
963 805 1045 876 α’μνάς
1059 811 1104 865 τοῦ
1121 810 1183 864 θεοῦ
1196 805 1212 864 ά
1226 811 1311 877 αίρων
1328 808 1381 878 τῆν
1396 808 1470 878 άμαρ·

304 896 359 950 τίαν
373 896 417 950 τοῦ
434 893 549 962 κάομου,
576 895 620 948 καί
636 892 656 961 η’
675 891 791 963 ἐπαύριον
807 893 889 949 πάλιν.
925 891 1053 964 Είστῆκει
1071 891 1085 950 ά
1100 891 1223 962 Ἰωάννης
1240 895 1288 948 καί
1312 895 1346 950 ίκ
1361 896 1414 950 τοῖν
1428 915 1469 964 μα-

304 982 392 1049 θητῶν
406 977 485 1035 αὐτοῦ
499 977 561 1043 δῦο,
586 980 632 1034 καί
647 977 779 1050 ἐμβλέψας
793 982 831 1051 τῷ
849 976 937 1047 Ἰησοῦ
951 981 1126 1044 περιπατοῦντι
1143 979 1226 1047 λέγει,
1246 973 1311 1035 Ἰδε
1330 977 1347 1034 ά
1365 981 1470 1048 Χριστὸς

303 1062 317 1120 ά
335 1061 416 1133 άμνάς
430 1068 475 1120 τοῦ
493 1067 562 1119 θεοῦ.
596 1061 664 1119 Εἶτά
678 1057 919 1133 φησιν,Ἠκουσιιν
937 1063 1020 1119 οίδῦο
1037 1065 1152 1133 μαθηταί
1165 1061 1245 1120 αῦτοῦ
1259 1065 1308 1119 καί
1326 1063 1469 1134 η’νιολοῦθη·

304 1166 351 1204 σαν
363 1151 401 1221 τῷ
415 1147 518 1218 Ἰησοῦ·
542 1144 609 1218 αῦτη
627 1148 657 1204 δί
671 1140 704 1218 ῆν
720 1143 931 1218 ὀκτωκαιδεκάτη
947 1148 1014 1218 μετά
1033 1147 1074 1205 τάν
1093 1147 1234 1218 πειραομάν
1249 1146 1360 1218 ῆμέρα,
1389 1149 1470 1212 mk

303 1236 474 1304 προείπαμεν,
498 1235 587 1303 πρώτη
606 1233 635 1290 δί
651 1229 701 1288 άπὸ
717 1229 851 1299 Ἰωάννου,
879 1229 922 1290 άτε
935 1231 1116 1302 η’κολοάθησαν
1130 1236 1169 1306 τῷ
1184 1231 1275 1302 Ἰησοῦ
1297 1237 1324 1290 οἱ
1340 1237 1402 1303 περὶ
1417 1233 1467 1290 Ἰν-

302 1320 377 1386 δρέαν
392 1320 437 1374 καί
451 1315 511 1388 παρ’
528 1315 599 1388 αῦτῷ
618 1318 717 1388 έμειναν
736 1317 783 1387 τῆν
801 1316 899 1388 ῆμέραν
918 1318 1025 1387 έκείνην.
1052 1313 1128 1387 ’Ὦρα
1142 1309 1177 1389 ῆν
1195 1315 1240 1375 άτε
1257 1320 1306 1375 καί
1323 1319 1370 1378 τάν
1386 1321 1468 1376 ἑαυτοῦ
1518 1377 1519 1390 γ

301 1399 414 1474 άδελφάν
430 1405 539 1472 Σίμωνα
553 1402 634 1472 εῦριίν
652 1401 667 1460 ά
682 1399 804 1473 Ἀνδρέας
820 1399 907 1473 ῆγαγε
921 1402 986 1474 πρὸς
998 1403 1041 1460 τάν
1055 1402 1166 1473 Ἰησοῦν.
1202 1401 1272 1460 Εἶτα
1289 1407 1363 1474 λέγει
1379 1407 1410 1462 τά
1429 1405 1467 1462 εί-

302 1489 430 1558 αγγέλιον,
449 1491 491 1560 Τῇ
508 1487 624 1558 ίπαιίριον
640 1486 769 1558 η’θίλησεν
785 1489 896 1554 ἐξελθεῖν
910 1489 947 1550 είς
959 1488 1007 1557 τῆν
1020 1490 1171 1552 Γαλιλαίαν,
1190 1490 1235 1545 καὶ
1250 1487 1373 1557 εῦρίσκει
1385 1493 1468 1546 Φίλα-

301 1593 362 1638 πον,
389 1576 434 1630 καί
451 1575 520 1642 λέγει
534 1569 606 1645 ου’τῷ
624 1571 639 1629 ά
656 1572 755 1643 κύριος,
779 1569 930 1630 ’Δκολοῦθει
946 1593 1002 1643 μοι·
1028 1570 1094 1642 αῦτη
1109 1573 1139 1631 δί
1154 1565 1188 1643 ῆν
1204 1575 1426 1644 έννεακαιδειιάτη
1439 1575 1467 1642 ῆ-

304 1659 370 1729 μέρα
392 1658 459 1728 μετά
478 1658 522 1715 τάν
546 1659 705 1728 πειρασμὸν,
729 1661 774 1715 καί
792 1659 845 1731 ίχει
860 1658 879 1729 η’
895 1656 1034 1716 άκολουθία
1053 1663 1097 1715 τοῦ
1113 1655 1263 1728 εὐαγγελίου
1279 1661 1414 1718 Φιλίππου
1428 1661 1467 1729 τῆν

302 1745 393 1811 κλῆσιν
419 1743 464 1798 καί
478 1745 524 1800 τοῦ
538 1743 698 1813 Ναθαναήλ,
724 1745 769 1800 καί
785 1743 868 1800 λοιπίν
885 1749 937 1800 κτλ
956 1775 987 1786 -·
1023 1746 1041 1798 ί.
1056 1746 1097 1799 θίί
1122 1746 1209 1815 ῆμέρα
1224 1745 1295 1814 λέγει
1308 1745 1397 1816 γάμος
1412 1751 1467 1800 ἵει

301 1857 333 1871 -·
353 1829 418 1882 lbid.
444 1831 555 1882 venetus
571 1831 662 1882 iterum
686 1831 759 1900 ρίοιιε
782 1831 870 1882 differt
884 1831 947 1884 ίνεεσ
964 1841 990 1884 εί
1003 1847 1072 1900 seqq.
1096 1831 1131 1882 ἰίε
1146 1831 1240 1883 habens
1258 1847 1403 1902 conceptu:
1428 1833 1468 1892 τάς

300 1915 485 1983 προειρημένας
495 1913 547 1971 άπά
559 1910 678 1971 Ἰωάννου
692 1913 800 1984 ῆμέρας.
824 1915 1034 1985 Προετιθεμένων
1044 1915 1122 1970 τοίνυν
1135 1916 1185 1970 τιάν
1200 1917 1283 1971 είκοσι
1292 1915 1407 1986 ῆμερῦν
1419 1925 1467 1978 τοίς
1519 1919 1520 1946 ¹

300 1997 492 2070 τεσσαράκοντα
504 2002 549 2056 τοῦ
567 2002 709 2070 πειρασμοῦ
723 1998 771 2058 δῦο
791 2003 872 2069 μῆνες
887 2005 1054 2063 τελειοῦνται,
1071 2001 1160 2062 οἵτινες
1173 2007 1226 2062 τοῖς
1239 2001 1309 2058 δέκα
1329 2005 1400 2072 μησί
1414 2021 1467 2058 ουν·

301 2084 440 2153 απτάμενοι
454 2084 567 2142 ένιαυτάν
580 2088 707 2151 τελοῦσιν,
735 2081 750 2141 ά
767 2085 822 2141 ἐστι
835 2087 962 2155 πλῆρωμα
977 2083 1110 2153 τριάκοντα
1126 2085 1190 2141 ίτιῦν
1206 2083 1257 2140 άπὸ
1272 2087 1326 2154 τῆς
1349 2090 1468 2155 γενέσεως

300 2173 344 2226 τοῦ
362 2173 457 2240 κυρίου.
491 2172 546 2226 Καὶ
560 2169 705 2241 εῦρίακεται
720 2171 749 2228 τά
763 2173 862 2239 πρῶτον
879 2177 983 2240 σημεῖον
997 2173 1047 2240 τῆς
1060 2171 1105 2225 τοῦ
1119 2165 1212 2233 ῦδατος
1226 2171 1264 2233 είς
1278 2169 1348 2228 οἶνον
1365 2179 1467 2244 μετορο

300 2257 349 2321 λῆς
363 2255 390 2311 έν
406 2257 444 2328 τῷ
462 2258 529 2312 τέλει
543 2259 588 2314 τοῦ
604 2261 752 2326 τριακοοτοῦ
769 2256 840 2319 έτονς
854 2254 965 2323 ποιῆοας
981 2254 995 2310 ά
1011 2253 1137 2323 Χριστὸς,
1155 2253 1193 2317 τίς
1209 2255 1278 2311 eam
1293 2261 1468 2326 καταληατέι

298 2347 355 2402 ταῖς
370 2343 421 2396 τῶν
438 2338 592 2412 ενίαγγελίων
616 2340 777 2403 ἀκολουθίας
792 2340 928 2413 προσχάντι
950 2336 1071 2411 άκριβιῦς.
1106 2339 1200 2396 Λοιπὸν
1216 2339 1247 2396 ak
1262 2338 1316 2396 α’πά
1335 2346 1384 2400 τοῦ
1401 2343 1467 2410 ερύ-

298 2443 342 2482 του
358 2427 467 2495 σημείου
481 2423 570 2482 τοῦτου
588 2432 641 2483 κτλ.
659 2457 692 2468 -
727 2429 780 2482 1.3.
795 2428 827 2479 αδ
844 2428 890 2479 ἰοί.
916 2429 1027 2478 Venetus
1044 2443 1126 2478 ουινον
1142 2425 1244 2478 diffen:
1273 2435 1380 2495 σημεῖα
1395 2429 1467 2496 ‘'w'‘

301 2515 386 2577 ζεται,
403 2512 447 2567 καί
464 2511 495 2568 τά
512 2510 634 2582 κῆρυγμα
656 2512 789 2574 διδάσκει,
815 2511 981 2581 δεικνυμένης
997 2513 1034 2572 είς
1049 2505 1160 2572 ἅπαντας
1175 2506 1330 2578 άνθράιοους
1344 2517 1398 2582 τῆς
1413 2517 1458 2568 θεν

300 2599 403 2668 μαστῆς
417 2597 462 2652 καὶ
483 2593 593 2667 άρρῆτον
611 2593 688 2652 αῦτοῦ
710 2597 900 2668 φιλανθρωπίας
922 2597 967 2651 καί
988 2593 1158 2665 ιῦαγγιλικῆς
1180 2599 1412 2666 θανματουργίις,
1437 2595 1468 2658 ὥς

299 2683 419 2745 πολλάκις
437 2677 606 2750 η’ναγκάοθην
628 2684 712 2752 φῆσαι
728 2681 772 2740 διά
789 2682 836 2750 τῆν
855 2685 907 2737 τῶν
923 2680 1095 2750 η’πατημένων
1118 2677 1245 2748 άγνωοίαν
1262 2683 1309 2750 (ιιι
1329 2687 1467 2736 τούτου·

299 2767 359 2820 dum
375 2769 426 2836 τοι)
449 2768 499 2822 τῶν
516 2763 650 2836 άντιλέγειν
672 2767 821 2836 τολμώντων
836 2769 870 2838 τῆ
885 2771 936 2822 τῶν
953 2761 1107 2836 εῦαγγελίων
1122 2763 1241 2836 άκριβείρ
1255 2771 1290 2836 τῆ
1304 2765 1361 2824 ῦπά
1380 2773 1426 2824 ταῦ
1439 2767 1465 2822 ά-

298 2852 354 2921 γίου
369 2849 514 2921 πνεύματος
528 2849 676 2915 άκολοιίθως
689 2852 834 2923 έκτεθείσγγ.
869 2847 927 2908 ου’κ
942 2851 1014 2907 έάσει
1029 2849 1079 2920 γάρ
1094 2849 1178 2921 χώραν
1191 2848 1211 2921 ῆ
1225 2852 1345 2921 τοοαῦτη
1361 2851 1468 2925 Q<

299 2933 429 3002 ἀπόδειξις
446 2944 500 2999 τοῖς
516 2937 709 3008 ἐναντιουμένοις
724 2938 831 3000 ίαυτοίς.
866 2933 907 2992 Οῦ
921 2936 972 3005 γάρ
988 2937 1068 3005 λέγων
1083 2937 1139 3006 (εἰσ)
1156 2937 1190 3007 τῆ
1207 2933 1340 3007 άληθείρ,
1358 2939 1420 2994 em}
1432 2939 1466 3007 μῆ

299 3023 454 3078 δεδῦνανται
488 3025 609 3078 Δελοῦται
631 3021 680 3092 γάρ
702 3019 741 3078 άτι
757 3019 808 3079 άπά
823 3026 868 3078 τοῦ
885 3023 1057 3094 βαπτίσματος
1070 3019 1092 3089 ῆ
1106 3017 1176 3092 άργῆ
1199 3023 1248 3089 τῆς
1272 3026 1369 3093 λοιπῆς
1387 3043 1465 3092 ψη-

299 3109 406 3175 ματείας
424 3109 531 3178 γέγονεν.
566 3103 644 3163 Οῦτω
665 3106 714 3177 γάρ
738 3109 865 3164 δείκνυται
883 3105 920 3170 ω“ς
936 3104 950 3164 ά
968 3105 1056 3175 κάρτος
1072 3103 1136 3175 μετά
1160 3105 1207 3173 τῆν
1230 3105 1332 3174 ῆμέραν
1359 3111 1407 3164 τοῦ
1422 3115 1465 3179 ρα-

298 3192 439 3261 πτίσματος
453 3193 479 3248 έν
494 3194 532 3263 τῷ
549 3193 606 3261 (εἰσ)
624 3193 712 3262 γέγονε
727 3196 778 3248 τῶν
794 3191 985 3262 τεσσαράκοντα
1001 3190 1106 3261 ῆμεριῦν
1122 3190 1148 3245 ίν
1164 3193 1198 3262 τῆ
1219 3191 1327 3262 έρῆμῳ,
1357 3195 1419 3260 ιιρί
1434 3183 1467 3246 εἶν

300 3278 349 3346 (εἰσ
367 3277 549 3331 restituendum
565 3280 591 3330 in
608 3279 694 3346 oditis)
718 3279 756 3349 τῷ
778 3278 902 3346 πνεύματι
917 3279 955 3348 τῷ
972 3274 1041 3348 άγίῳ
1055 3275 1099 3333 διά
1115 3272 1233 3331 Ἰωάννου
1251 3273 1282 3332 σά
1296 3278 1466 3346 πεφράειοτιι

300 3360 421 3432 οημάναι.
450 3357 527 3432 Ἤδη
545 3363 593 3434 γάρ
611 3355 644 3434 ῆν
660 3364 734 3418 τοῦτο
750 3361 794 3419 διά
811 3365 861 3419 τιῦν
877 3366 953 3431 τριῶν
971 3360 1156 3430 εῦαγγιλιατιῦν
1175 3360 1305 3430 σημανθλν
1322 3367 1384 3417 κτλ.

365 3449 447 3520 ἧς.
460 3450 514 3507 78.
547 3450 564 3500 l.
579 3451 616 3504 11.
643 3444 692 3504 άπά
709 3448 818 3506 ἑκάστου
836 3447 1056 3520 βοηθεῖσθαι.ιιαί
1080 3445 1128 3516 γάρ
1144 3443 1214 3514 παρά
1230 3445 1331 3504 πάντων
1351 3451 1419 3502 Vn.
1436 3477 1464 3490 -

297 3534 366 3587 1.15.
385 3528 471 3596 ὅντως.
506 3535 539 3588 Κ.
557 3534 609 3605 ίργ.
625 3533 689 3603 πρὸς
704 3533 746 3590 τίν
759 3530 879 3603 ’Ἰωάννην
893 3536 957 3588 Van.
971 3563 1002 3574 -
1037 3533 1054 3584 ί.
1067 3533 1105 3588 Π.
1123 3529 1146 3594 ά,
1165 3543 1224 3585 unte
1238 3532 1399 3602 Ναθανωῆλ,
1419 3551 1463 3586 οι

297 3621 362 3674 ven.
380 3649 413 3661 -
447 3621 464 3672 l.
478 3619 515 3674 18.
541 3621 639 3687 πρῶτος
662 3621 746 3690 παρῆν
762 3619 821 3675 τότε
837 3621 874 3692 τῷ
891 3614 980 3687 Ἰησοῦ
994 3620 1056 3672 ven.
1076 3645 1108 3658 -
1143 3617 1160 3668 l.
1171 3617 1213 3670 ἳίλ
1236 3613 1349 3688 Ἀνδρέᾳ
1373 3619 1463 3686 κρότῳ

296 3723 363 3775 γεγ,
381 3705 522 3774 μικροτέρῳ
539 3699 593 3760 άντι
608 3706 672 3758 λίνα.
686 3735 717 3746 -
753 3705 822 3758 m
838 3702 889 3760 άπά
906 3705 1006 3773 Πέτρου
1021 3696 1257 3772 γέγονε.άρηγείτο
1270 3701 1323 3770 γάρ
1335 3703 1388 3760 τοῦ
1405 3705 1463 3760 wa·

298 3785 351 3858 άδ.,
369 3791 414 3846 καί
430 3785 471 3846 ’ὅτι
485 3788 515 3846 δί
529 3787 596 3844 κατά
611 3791 685 3844 τοῦτο
700 3792 810 3842 Vem-
843 3790 914 3844 1.·26.
933 3785 970 3851 ιῦς
983 3789 1110 3859 πανταχοῦ
1129 3790 1221 3858 σαφῶς
1237 3789 1302 3840 Vn.
1321 3817 1356 3830 —
1394 3789 1461 3842 [22

302 3872 388 3932 αὐτῶν
405 3893 454 3930 om.
471 3878 535 3928 Ven.
572 3875 640 3926 Idem
655 3875 730 3944 μυοίο
745 3885 802 3944 Ρθῡῑ
817 3893 872 3928 cum
886 3875 954 3944 vulg.
968 3878 1001 3946 τῆ
1018 3873 1132 3944 δευτέρη.
1148 3899 1183 3913 -·
1217 3873 1235 3924 Ι.
1247 3872 1272 3927 7.
1289 3874 1323 3924 ab
1337 3875 1391 3926 ἰεῦ.
1408 3867 1462 3928 οὔτε

297 3962 344 4016 τοῦ
361 3958 495 4030 Ἰωάννου,
522 3955 580 4016 οὔτε
597 3961 641 4014 τοῦ
657 3956 714 4014 Ἰακ
748 3961 830 4030 (quod
853 3960 1034 4014 restituendum
1057 3961 1123 4028 εει),
1149 3953 1214 4013 άλλά
1230 3960 1281 4014 τάν
1295 3959 1356 4028 περί
1370 3959 1461 4014 Mt

299 4045 365 4116 ναῆλ
382 4049 427 4103 καί
441 4048 566 4103 Φίλιππον
580 4045 624 4100 καί
637 4041 720 4100 άλλων
737 4047 824 4110 τινοῖν,
843 4042 881 4107 νίς
897 4045 951 4101 ίστι
966 4045 1089 4108 συνιέναι,
1107 4042 1168 4112 ίξῆς
1186 4041 1269 4099 λοιπὸν
1286 4041 1355 4112 μετά
1372 4043 1405 4100 τά
1421 4045 1460 4098 n-

298 4131 352 4188 θεῖν
369 4129 446 4188 αῦτάν
471 4132 508 4193 τίς
522 4129 699 4201 Καφαρναοὺμ
715 4150 740 4185 κ.
761 4127 847 4186 άνελθ.
863 4149 891 4186 π.
908 4131 946 4192 είς
962 4128 1085 4199 Ναζαρὲθ
1105 4129 1154 4196 (ita
1168 4129 1328 4196 constanter)
1344 4129 1414 4182 Vn.
1431 4157 1460 4168 -

296 4216 348 4270 ί.5.
363 4219 395 4270 εδ
409 4219 457 4270 ἰοί.
476 4217 590 4285 σημείων
606 4213 716 4284 ἀνῆλθεν
732 4213 806 4272 πάλιν
822 4217 859 4279 είς
872 4213 1007 4284 Ναζαρίθ,
1024 4215 1069 4270 καί
1085 4209 1182 4282 άνίγνω
1196 4211 1227 4268 τά
1242 4213 1338 4284 βιβλίαν
1349 4211 1459 4268 Ἠσαίου

297 4301 401 4370 (denunt
421 4302 496 4356 rerba
512 4303 556 4356 τοῦ
573 4299 620 4370 τῆν
635 4299 713 4370 ξηράν
726 4329 761 4343 -
775 4299 823 4372 τῆν
838 4303 918 4370 ίασιν)
935 4299 1079 4372 προφῆτου,
1104 4293 1164 4354 ὅθεν
1179 4297 1262 4366 λέγει,
1286 4299 1401 4366 Πνεῦμα
1415 4319 1458 4352 κε-

298 4385 351 4454 ρίου
368 4382 407 4442 ίπ’
422 4385 485 4456 ίμί,
512 4378 542 4442 οῦ
555 4387 649 4442 είλεκεν
667 4387 764 4458 ίγρισίν
781 4405 828 4456 με,
854 4382 1071 4456 εάεγγελίοαοθαι
1096 4389 1222 4453 πτωχοῖς,
1247 4381 1293 4437 καί
1307 4383 1381 4452 ίξῆς.
1412 4373 1458 4436 Ἧι

297 4470 328 4526 δί
344 4469 409 4538 μετά
422 4470 470 4538 τῆν
484 4468 584 4540 ῆμέραν
600 4473 650 4527 τιῦν
666 4469 824 4542 Ἔπιφαυίων
846 4475 920 4528 τοῦτο
941 4469 1069 4542 γινόμενον
1090 4465 1156 4539 μετά
1180 4465 1282 4536 ἡμέρας
1305 4467 1393 4538 τινάς,
1418 4467 1458 4522 πί

298 4554 363 4623 μετά
378 4554 407 4610 τά
422 4557 600 4626 παραδοθῆναι
622 4555 664 4614 τάν
680 4554 802 4628 Ἰωάννην
818 4555 949 4615 κατελθών
966 4557 1040 4616 πάλιν
1057 4555 1094 4618 είς
1107 4551 1287 4623 Καφαρναοὺμ
1310 4553 1396 4612 λοιπὸν
1410 4571 1457 4610 κε·
