3058 5014
321 313 461 367 ransart
478 314 544 366 ute.
557 315 603 366 ιιι.
620 313 705 368 rou.
717 314 738 368 r.
754 313 855 368 nanu.
868 313 991 368 uxxvr.
1178 305 1240 369 197

81 433 221 514 dieamus,
245 455 321 520 quae
339 434 376 499 ad
397 433 656 520 contemplationis
673 434 868 500 imitationem
885 434 1024 519 pertinet.
1071 431 1175 518 Quare
1188 438 1241 501 nd·

79 555 176 602 versus
191 535 343 618 Arianos,
375 537 424 622 qui
441 537 489 600 dei
507 537 596 602 lilium
614 546 746 602 ereetum
767 557 835 601 ease
853 546 971 622 putant,
1001 535 1081 602 illiue
1099 539 1241 620 proaede-

78 637 122 704 bat
136 639 224 704 ratio.
269 637 355 706 Unde
380 651 502 726 postea,
538 661 604 704 oum
623 639 660 704 ab
679 639 801 704 Anienis
823 638 896 724 ipsis
915 639 971 703 boe
989 650 1038 704 est
1052 637 1193 706 Eudoxio
1210 651 1241 708 et

78 738 261 827 Menophilo,
286 762 321 806 ae
339 742 478 828 reliquie,
503 741 711 807 eommunione
728 740 861 828 privatus
877 751 976 821 esset,
1000 744 1120 807 eosdem
1138 763 1239 808 eoram

77 843 248 928 imperator-e
266 845 436 930 redarguit,
468 865 609 910 asserens
626 844 701 909 idem
719 865 754 909 ae
770 843 901 931 proliteri
917 866 952 910 eo
969 844 1082 910 sentire
1099 868 1165 912 oum
1180 848 1239 914 illis

77 947 217 1011 omnibus.
264 944 394 1027 Verum,
419 949 586 1034 inquiebat,
612 948 687 1032 quod
704 967 795 1033 penes
812 968 859 1012 me
876 967 978 1012 verum
998 959 1062 1027 eat,
1085 949 1135 1017 isti
1152 949 1240 1014 dissi·

76 1048 197 1128 molant,
230 1059 261 1112 et
279 1051 355 1134 quod
371 1071 428 1136 ego
448 1072 519 1137 prae
536 1071 582 1114 me
602 1052 685 1128 lero,
718 1070 754 1114 ao
772 1049 864 1135 pelam
885 1050 1044 1129 ooubteor,
1074 1051 1116 1116 illi
1134 1073 1240 1118 omnes

76 1173 128 1216 uon
145 1152 322 1232 diffitentur,
355 1155 407 1218 sed
431 1153 635 1218 fraudulenter
658 1151 813 1236 obtegunt.
859 1149 978 1216 Etenim
996 1153 1045 1237 qui
1068 1164 1127 1220 tum
1145 1155 1239 1240 impe·

75 1254 169 1334 rabat,
202 1254 241 1319 ab
257 1255 370 1321 Ariana
398 1256 446 1320 illa
471 1255 623 1342 tragoedia
646 1275 829 1340 nequaquam
856 1254 1053 1336 abhorrebat,
1083 1259 1135 1321 sed
1154 1257 1184 1322 iu
1201 1279 1237 1322 ee

75 1359 175 1423 tuenda
201 1358 340 1444 pietatem
357 1379 392 1424 ae
408 1359 583 1443 religionem
605 1358 706 1422 inesse
723 1356 780 1420 sibi
799 1367 1000 1442 persuaserat.
1046 1355 1186 1444 idemque
1203 1360 1237 1424 d·

73 1458 135 1524 linm
158 1471 326 1526 amatorem
354 1480 421 1526 ease
445 1460 502 1525 diei
525 1460 678 1525 molestior
704 1459 834 1539 larebat,
866 1459 1047 1545 proindeque
1068 1461 1190 1528 Attium
1205 1463 1236 1528 iu
1283 1453 1285 1458 ¹

74 1563 191 1627 exilium
214 1562 342 1648 relegari
365 1563 472 1641 iussit,
497 1573 639 1627 utentes
663 1561 862 1627 eameriatus.

148 1665 231 1730 Eine
246 1687 343 1732 novae
360 1666 494 1731 buereeis
510 1665 668 1751 primordia
685 1664 812 1730 uondata
827 1674 915 1744 suut,
938 1676 1026 1752 atque
1041 1687 1082 1731 ex
1100 1665 1155 1732 boo
1171 1689 1232 1733 uno
1252 1683 1313 1752 cip.
1328 1684 1370 1738 tv.

73 1779 241 1852 argumento
255 1769 442 1853 multiplioem
461 1769 497 1833 ad
514 1768 656 1833 malorum
674 1777 806 1852 segetem
833 1767 973 1833 baeretici
994 1768 1120 1833 bominis
1137 1770 1237 1836 subla·

72 1882 112 1934 tos
125 1871 244 1934 animm
259 1883 317 1935 tam
333 1871 389 1936 sibi
406 1892 492 1955 quam
507 1870 570 1936 suis
583 1869 789 1955 gravissimam
803 1869 917 1956 plagam
932 1871 1051 1937 indixit.
1097 1869 1156 1955 Qui
1171 1873 1236 1958 qui·

72 1974 128 2037 dem
156 1992 264 2038 omues
290 1985 399 2038 tautam
424 1974 458 2038 nd
485 1973 659 2038 eaecitatem
682 1971 928 2058 insolentiamque
955 1974 1087 2059 preventi
1113 1986 1183 2039 aunt
1203 1986 1236 2041 ut

71 2076 133 2140 illud
156 2077 249 2161 vulgo
272 2076 433 2154 lactarent,
467 2073 544 2140 'l'am
570 2074 726 2162 perspioue
749 2076 834 2140 deum
859 2075 946 2152 novi,
980 2096 1015 2139 ae
1031 2087 1140 2140 tantam
1156 2076 1235 2143 illius

72 2179 199 2244 notitiam
216 2200 281 2242 aum
299 2190 496 2257 consecutus,
532 2189 561 2242 ut
583 2199 620 2243 ne
637 2179 778 2262 meipsum
795 2177 910 2262 quidem
925 2177 1030 2242 melius
1046 2199 1132 2262 qnam
1147 2180 1234 2243 deum

71 2281 212 2346 noverim.
268 2279 346 2347 Sunt
372 2293 403 2345 et
426 2279 484 2346 elia
513 2279 726 2366 quamplurima
752 2280 891 2364 quaeda
916 2282 1020 2344 eodem
1051 2281 1231 2368 aooepimus,

71 2385 306 2468 quemadmodum
324 2383 471 2469 perillum
489 2383 623 2448 diabolus
641 2383 781 2447 maiorem
800 2383 829 2448 in
848 2385 965 2448 modum
981 2383 1010 2448 id
1027 2383 1123 2468 egerit
1138 2394 1169 2448 ut
1183 2405 1234 2450 oa·

70 2495 156 2570 ptates
184 2485 334 2552 bominum
358 2485 472 2551 animas
492 2485 663 2550 inexilium
685 2485 825 2550 traberet.
872 2483 989 2549 Etenim
1007 2487 1086 2551 nulla
1103 2489 1179 2573 apud
1198 2487 1234 2553 il·

70 2588 108 2652 lus
122 2610 193 2654 eura
211 2590 457 2669 sanctitatiaeet,
481 2599 532 2652 aut
548 2587 744 2668 ieiuniorum,
768 2598 819 2654 aut
836 2590 1040 2653 mandatorum
1057 2589 1125 2670 dei,
1150 2601 1232 2655 oete·

70 2711 201 2756 rerumve
228 2713 328 2757 rerum
355 2712 430 2778 queo
457 2689 624 2756 bominibus
644 2691 744 2755 divino
770 2691 905 2756 mandato
925 2690 1123 2777 praesoriptee
1148 2705 1230 2759 aunt.

71 2793 164 2880 Atque
181 2797 218 2860 ed
237 2795 336 2858 omnnia
359 2795 492 2860 nnumin
512 2805 646 2881 promptu
661 2794 785 2858 vertam
802 2793 861 2858 illie
878 2805 936 2859 sat.
983 2791 1016 2858 ln
1032 2817 1090 2880 quo
1108 2797 1231 2882 perinde

71 2895 121 2960 illis
135 2897 250 2962 aceedit
267 2918 302 2961 ao
321 2898 472 2982 naviganti
488 2896 593 2974 alicui,
619 2897 667 2982 qui
686 2895 832 2962 adeptione
849 2896 989 2960 mareium
1005 2896 1134 2961 onrnium
1154 2901 1230 2964 laeta

69 3000 208 3086 quidpiam
230 3019 331 3064 eorum
354 3020 428 3085 quae
445 3000 474 3064 in
492 3021 597 3064 navem
614 2998 748 3085 imposita
767 3011 836 3063 sunt
852 3001 1027 3078 retinuerit,
1059 3010 1126 3085 puta
1143 3001 1233 3065 buti-lo

69 3103 177 3186 aliquod
196 3125 267 3182 vas,
291 3113 340 3168 sut
359 3102 481 3168 alterius
496 3104 629 3187 generis,
654 3103 739 3166 euius
759 3101 906 3187 praesidio
925 3114 1017 3166 totum
1035 3123 1116 3168 mare
1133 3105 1231 3168 nando

70 3205 218 3282 traiicere,
249 3207 428 3271 adsalutem
453 3225 627 3290 comparare
651 3205 706 3268 sibi
730 3204 840 3289 possita
871 3205 919 3289 qui
943 3204 969 3270 si
988 3204 1087 3290 aliquo
1104 3208 1230 3270 lomsse

70 3327 130 3371 casu
155 3307 322 3387 exciderit,
356 3327 451 3393 neque
475 3329 514 3372 ex
534 3308 585 3370 illo
608 3327 681 3370 vaae
698 3327 783 3391 quem
802 3307 940 3392 sperabat
956 3307 1069 3372 exitum
1088 3309 1230 3395 eoneequi

71 3411 208 3494 potuerit,
241 3421 300 3475 turn
319 3432 393 3474 vero
409 3411 544 3476 fluetibus
563 3410 684 3474 bonetus
701 3421 794 3473 toturn
811 3409 866 3473 boo
885 3411 1037 3492 negotium
1053 3432 1118 3476 eunt
1134 3413 1231 3478 salute

70 3513 274 3596 pessumdabit.
321 3510 372 3578 Sin
391 3514 495 3578 Attius
512 3515 633 3598 eirrsque
651 3523 817 3576 sertatores
834 3513 981 3578 daromoei
1000 3516 1076 3599 quod
1092 3517 1121 3578 in
1138 3535 1229 3578 eren·

69 3617 137 3696 pelio
155 3617 266 3681 dietum
287 3617 438 3680 adomiuo
460 3616 568 3699 legitur
589 3615 748 3679 afferentes
769 3615 797 3678 in
816 3616 962 3696 medium,
996 3616 1094 3681 verbis
1112 3617 1228 3701 quidem

70 3715 131 3801 ipsis
153 3730 294 3796 utuntur,
326 3721 378 3783 sed
403 3739 505 3784 eorum
534 3717 594 3782 vim
620 3739 686 3782 eum
713 3729 795 3782 reete
819 3740 877 3782 non
900 3719 1081 3803 intelligant,
1112 3720 1228 3805 utrique

70 3821 253 3886 rebementer
281 3823 432 3888 aberrant.
485 3817 561 3886 Cum
584 3821 662 3886 enim
686 3841 848 3886 oeenrrens
872 3823 909 3886 iia
933 3822 1039 3906 aliquis
1061 3821 1227 3886 divinorum

70 3937 283 4011 praeseptorum
310 3925 488 3990 mentionem
516 3923 628 4002 iniiuit,
663 3945 703 3989 ex
727 3924 806 3988 illiue
834 3926 1010 3990 auotoritete
1034 3924 1103 3989 dieti
1133 3923 1227 3989 subii-

71 4024 150 4104 einut,
176 4027 247 4092 nibil
263 4026 339 4092 eliud
354 4047 371 4090 a
388 4027 473 4091 nobis
490 4028 624 4111 flagitare
638 4028 724 4092 deum
741 4048 826 4112 quam
841 4037 872 4091 ut
886 4047 1099 4112 cognoseamus
1111 4027 1219 4114 ipsum,

71 4129 301 4210 quemadmodum
323 4126 461 4195 Christus
477 4129 637 4195 deelaravit
655 4129 699 4194 bis
716 4129 834 4193 verbius
865 4135 911 4192 Bu
927 4134 1012 4212 ι’ραιὶι,
1040 4137 1144 4214 poter!
1173 4135 1383 4206 bodam-tta.

73 4229 130 4294 bere
143 4237 173 4296 ia
187 4237 290 4315 seipsis
304 4237 409 4295 ua'tem:
442 4237 678 4296 tumescentem
697 4237 772 4309 ur'te,
798 4243 830 4293 at
845 4245 1022 4314 cognoscunt
1035 4245 1064 4298 te
1075 4238 1166 4298 eatan
1183 4259 1231 4300 ue·

98 4365 228 4434 buitim
246 4371 339 4420 uncinis
355 4372 448 4421 inolusb
467 4373 591 4424 Poeans.
698 4367 723 4422 7.
748 4371 855 4420 rorum
883 4374 977 4440 χιῐρας.
1024 4373 1227 4436 Quemadmodum

99 4432 122 4485 t.
138 4439 246 4489 rotasse
262 4435 309 4490 και
325 4433 363 4497 aia
379 4438 476 4499 ιιινῶς.
664 4436 730 4507 μετὰ
740 4441 826 4558 quipus
840 4435 976 4508 λαμβάνω
990 4443 1053 4494 αιαιι
1068 4445 1093 4494 ια
1107 4443 1172 4495 too.
1184 4440 1226 4496 od.

101 4503 123 4552 5.
139 4502 220 4572 pirou
236 4507 282 4560 reis
298 4502 412 4574 nudus<
431 4509 499 4560 codd.
517 4523 574 4560 mss.
699 4515 724 4560 tt.

761 4509 855 4572 uspiam·
872 4505 943 4576 iqtpr.

102 4568 124 4622 b
140 4570 269 4640 νήξασθαι
284 4577 337 4628 aad
360 4577 458 4640 Μία.
