3072 5002
285 319 424 374 rinnau
442 321 505 374 ura.
524 322 569 373 nr.
586 321 669 377 nun.
685 322 704 372 r.
723 320 824 374 nunu.
839 319 961 372 nxxru.
1144 309 1204 373 tes

120 439 210 526 Quae
234 459 300 506 oum
328 439 369 504 ita
390 440 466 520 sint,
499 441 685 508 contentiosa
709 441 758 504 illa
779 439 874 506 dubiis
897 437 1039 506 derebus
1060 461 1204 528 quaeca-
1284 442 1301 492 Ρ

44 555 115 628 ptum
131 555 269 608 nostrum
285 553 428 626 superant
445 543 620 610 tractatione
636 544 846 630 praetermissa
864 543 900 606 iis
918 562 993 626 quae
1010 564 1028 606 a
1044 543 1205 610 maioribus

43 645 195 731 arripimus
209 645 410 711 inhaeremus.
458 641 535 729 Quis
555 656 602 710 est
618 646 695 710 enim
713 645 763 731 qui
788 645 913 711 seientia
930 645 1041 710 iactare
1057 667 1091 712 se
1114 658 1144 711 et
1159 647 1204 711 in-

42 747 178 814 solentius
204 749 314 814 audeat
338 750 464 827 efferre,
499 769 564 815 eum
588 749 638 812 ille
662 748 725 834 ipse
750 748 796 812 eui
821 747 921 812 divina
950 749 1096 833 patefacta
1120 760 1202 831 sunt,

42 855 88 932 pm·
104 853 143 912 ud
167 856 285 914 termium
305 874 393 934 arque
411 854 518 914 eoelum
534 872 595 914 erae
610 863 737 926 motus,
773 856 825 933 pur'
840 854 950 913 nudabit
969 871 1077 914 monna
1100 854 1356 928 ominaomina

43 975 100 1016 aum
117 953 189 1033 ille,
220 954 358 1038 inquam,
388 959 485 1018 cornis
499 958 614 1018 stimulo
629 959 770 1018 eoe'roitns
787 957 844 1028 sit,
869 975 905 1016 ne
918 975 950 1016 re
965 965 1139 1034 arroganter
1153 978 1204 1018 en-

44 1059 170 1118 tolleret?
218 1053 298 1139 Quin
314 1055 456 1142 propbeta
471 1056 539 1133 ille,
569 1057 617 1140 qui
635 1054 730 1134 dixit,
763 1059 880 1118 Credrila'
889 1068 1010 1138 propter
1026 1061 1102 1140 quod
1115 1067 1146 1120 et
1161 1060 1203 1122 lo·
1217 1069 1256 1116 tn.
1266 1070 1312 1129 us,
1322 1071 1358 1118 rs.

42 1170 210 1232 memo,
243 1163 501 1232 llumr'lr'otuasum,
527 1156 638 1243 inquit,
663 1179 722 1222 nnn
741 1167 914 1243 utcumque,
939 1158 991 1223 sed
1007 1163 1100 1222 nimai.
1149 1157 1203 1224 Et·

43 1259 109 1324 euim
134 1269 249 1344 quanto
273 1260 396 1346 quisque
413 1261 448 1325 ad
468 1259 622 1326 seientiam
647 1258 767 1347 propius
792 1259 909 1325 ridetur
925 1261 1086 1340 accedere,
1119 1271 1202 1326 tauto

42 1362 126 1446 magis
143 1373 287 1448 reputare
305 1385 372 1426 cum
391 1363 488 1428 animo
505 1383 560 1427 suc
578 1362 666 1426 debet
685 1362 832 1426 bominem
849 1383 882 1428 se
901 1384 982 1428 esse.
1030 1360 1098 1446 Qua
1114 1365 1150 1428 de
1168 1384 1201 1428 re

42 1465 98 1528 audi
120 1464 191 1548 quid
220 1465 270 1529 ille
294 1465 382 1530 dicat.
437 1470 501 1546 Ego
527 1487 594 1528 vern
616 1469 682 1528 dmi
702 1470 731 1530 air
753 1487 871 1528 secessu
892 1489 969 1541 men,
1006 1471 1101 1530 Oronti
1120 1470 1203 1530 domo

42 1571 163 1629 nemea.
214 1569 317 1652 ltaque
339 1589 405 1631 cum
428 1578 650 1653 praeceptorem
667 1568 802 1632 raritatis
818 1567 993 1644 babeamus,
1027 1567 1123 1632 nullos
1140 1591 1202 1632 am-

42 1669 107 1753 plius
132 1669 281 1736 bumanoa
308 1670 446 1734 doctores
469 1669 678 1752 adiungamus,
709 1671 761 1735 sed
781 1670 855 1754 apud
872 1690 927 1733 nos
952 1669 1007 1756 ipsi
1024 1671 1199 1756 cogitemus,

43 1791 70 1834 ao
84 1793 177 1858 neque
194 1771 361 1836 divinarum
377 1792 477 1836 rerum
495 1772 597 1836 modus
614 1782 644 1834 et
660 1772 810 1849 rationes,
835 1792 930 1856 neque
950 1773 1105 1858 quidquam
1123 1773 1201 1838 aliud

43 1875 180 1940 curiosius
205 1875 392 1959 indagemus.
446 1871 485 1940 Ut
513 1875 591 1940 enim
616 1874 666 1939 dlii
689 1872 914 1960 generationem
938 1875 1089 1960 explicare
1114 1895 1201 1939 nemo

43 1986 145 2059 potest,
178 1977 222 2042 ita
240 1988 269 2040 et
287 1977 402 2041 modurn
420 1976 520 2057 illum,
551 1999 609 2062 qno
628 1987 710 2062 pater
726 1976 846 2060 genuit,
876 1995 1019 2040 enarrare
1039 1977 1135 2042 nullus
1149 1999 1202 2063 pu·

44 2089 103 2140 test.
151 2077 266 2144 Verum
285 2080 353 2143 illud
372 2079 409 2142 ad
426 2077 587 2142 doctrinam
604 2079 739 2142 sufficere
757 2086 906 2163 putatote,
931 2083 1030 2142 Omnia
1041 2102 1097 2160 per
1110 2084 1200 2162 speum
1213 2094 1354 2153 nemun.

44 2183 111 2260 [orm
126 2193 208 2257 sont,
234 2193 264 2243 et
278 2187 340 2244 sine
358 2184 538 2265 mansuetum
553 2193 597 2244 ert
608 2182 692 2244 citit.
738 2177 855 2246 Utinam
875 2199 948 2246 vero
962 2181 1011 2244 det
1026 2182 1095 2246 illud
1115 2182 1201 2248 nobis

45 2283 187 2362 dominns,
220 2293 254 2347 ut
276 2284 377 2348 eadem
399 2305 456 2368 qua
473 2283 660 2348 Abrabamus
678 2281 832 2368 prudentia
850 2281 993 2368 praediti,
1027 2305 1091 2349 curn
1111 2283 1199 2363 dixit,

45 2387 117 2448 Nune
140 2391 228 2468 coepi
247 2407 309 2448 eum
329 2390 440 2450 domm
462 2409 521 2449 meo
546 2388 685 2468 colloqui,
719 2407 772 2466 ego
796 2408 862 2448 uero
879 2407 941 2458 snm
964 2397 1089 2449 terraer
1111 2391 1195 2462 cebri,
1211 2393 1352 2454 ⁰⁸²¹&st

45 2489 108 2550 adeo
122 2500 154 2553 ut
167 2509 228 2554 non
246 2488 401 2553 cedrorum
417 2486 525 2553 Libani
540 2488 636 2552 instar
652 2488 832 2566 attollamur,
856 2511 888 2550 en
903 2493 979 2570 quad
993 2511 1049 2552 non
1064 2493 1094 2554 in
1110 2493 1200 2554 dorni
1238 2515 1318 2561 nem.

46 2591 171 2656 beonoc
192 2595 350 2674 sapientalis
373 2593 483 2666 aaron,
514 2594 566 2654 sed
577 2593 656 2673 fidoi
679 2595 855 2654 aban‘tutrbne
873 2596 1015 2673 perceptis
1038 2591 1200 2677 aequabilis
1251 2567 1305 2625 ’ἰ

45 2691 85 2756 illa
97 2715 130 2756 ao
147 2693 272 2779 pacifica
286 2693 432 2780 sapientia
448 2705 653 2779 comparatur,
678 2693 744 2773 det,
767 2692 903 2779 iuquam,
938 2693 1022 2758 nubis
1041 2705 1072 2757 ut
1089 2715 1200 2780 nequa·

47 2817 119 2878 quam
136 2796 336 2875 incommune,
360 2815 464 2860 verum
482 2795 618 2881 quicquid
637 2795 754 2861 landem
770 2817 906 2879 agamus,
932 2796 987 2860 deo
1004 2817 1039 2860 ac
1058 2797 1146 2882 patri,
1170 2807 1201 2862 et

47 2917 99 2960 ιιι
124 2899 190 2984 ipsu
215 2897 275 2962 lilio
291 2898 321 2962 in
346 2897 452 2984 spiritu
472 2911 574 2962 saneto
591 2898 768 2985 placeamus.
814 2893 871 2962 Cui
890 2897 1003 2984 gloria,
1031 2899 1198 2984 imperium,

47 2996 145 3082 bonor,
168 3013 201 3066 et
223 3001 319 3066 virtus
342 3022 420 3064 nunc
442 3010 473 3063 et
492 3021 609 3088 semper
630 3000 795 3067 insaecula
815 3001 1019 3081 saeculorum,
1044 3001 1154 3066 Anien.

341 3119 524 3172 HACTENUS
543 3120 684 3172 MELETH
702 3119 891 3171 CONFESSIO.

118 3305 263 3374 Ceterum
287 3306 436 3392 plerisque
460 3327 501 3372 ex
523 3307 637 3372 Ariana
660 3305 787 3370 lactinae
812 3306 906 3370 visum
926 3318 973 3371 est
991 3308 1068 3373 bunc
1085 3329 1101 3372 e
1117 3305 1197 3373 Pon·
1246 3323 1308 3390 rap.

47 3408 95 3473 tica
117 3413 240 3496 regione
264 3412 445 3488 translerre3
477 3411 553 3494 quod
579 3409 651 3494 ipsis
679 3419 776 3472 tamen
799 3408 937 3485 minime,
972 3420 1004 3472 ut
1024 3410 1194 3494 sperabant,
1209 3393 1334 3446 xxm·

47 3511 213 3598 voluptatem
236 3523 267 3576 et
286 3511 377 3575 otium
402 3512 454 3576 sed
473 3511 635 3575 molestiam
655 3509 763 3574 attulit.
810 3507 904 3594 igitur
921 3511 1128 3598 imperatorem
1149 3513 1198 3576 de·

50 3610 143 3678 latione
159 3637 214 3680 sua
232 3614 261 3678 in
279 3613 425 3678 bominem
443 3622 648 3693 commovent,
673 3614 747 3698 quod
768 3615 928 3697 perlectam
948 3625 1112 3678 creaturum
1130 3635 1198 3678 esse

50 3711 122 3780 filium
139 3717 271 3802 proliteri
288 3718 390 3795 nollet,
415 3736 450 3779 ac
465 3716 580 3780 tandem
598 3737 615 3779 e
631 3736 685 3780 sua
702 3716 772 3780 sede
790 3715 954 3780 deturbant.
987 3713 1090 3802 ltaque
1108 3727 1197 3780 unctu

50 3813 202 3886 inexilium
220 3820 391 3905 deportatus
408 3819 443 3882 ad
464 3819 535 3883 baec
562 3840 655 3904 usque
674 3829 805 3904 tempora
834 3818 864 3882 in
892 3819 987 3904 patria
1012 3819 1107 3904 degit,
1136 3819 1197 3882 sin·

51 3919 129 3998 gulari
145 3924 259 3988 bonore
283 3943 319 3986 ac
337 3921 543 3988 benevolentia
561 3923 800 4008 prosequendus,
833 3943 898 3986 eum
917 3921 954 3984 ub
971 3923 1046 4000 alia,
1080 3931 1139 3984 tum
1160 3921 1197 3985 ob

52 4036 81 4082 ea
93 4043 159 4105 quae
180 4045 260 4090 nunc
276 4023 428 4110 praeclare
445 4024 482 4088 ab
499 4045 535 4088 en
550 4035 635 4109 gesta
656 4023 829 4104 didicimus,
860 4034 891 4086 et
910 4024 984 4108 quod
1003 4023 1196 4104 Antiocheni,

53 4120 141 4203 quibus
160 4127 211 4191 illc
234 4138 372 4212 praeest,
405 4125 551 4190 sinceram
576 4127 660 4190 fidem
687 4126 742 4191 boe
770 4137 903 4210 tempore
925 4127 1115 4210 profitentur,
1147 4129 1197 4212 qui

54 4224 144 4290 nullam
158 4229 296 4316 amplius,
320 4250 355 4292 ac
372 4249 409 4292 ne
428 4229 534 4294 leviter
550 4229 679 4314 quidem,
704 4239 858 4291 creaturae
876 4228 1052 4292 mentionem
1074 4230 1195 4310 iaciunt,

54 4327 96 4388 aed
119 4343 227 4415 patrem
258 4344 288 4396 et
318 4331 406 4396 blium
430 4342 461 4394 et
488 4332 622 4416 spiritum
652 4341 785 4396 sanctum
818 4330 1097 4398 consubstantialem
1127 4353 1196 4398 esse

55 4494 92 4546 bria
114 4515 151 4552 nee
175 4517 250 4553 monn
270 4505 378 4566 scriptia,
410 4515 452 4554 nec
476 4505 538 4565 appu
562 4505 684 4566 repressis.
