3068 5008
487 319 811 373 auscurununuosrs.
1169 303 1229 365 541

74 439 265 527 Origenistae
287 441 324 506 ah
342 438 476 524 Origene
499 441 548 526 qui
578 438 665 504 etiam
687 437 881 503 Adamantius
907 435 1088 522 appellatnrc
1121 431 1232 498 Paulus

74 541 308 623 samosatensis,
331 542 512 623 Manichaei,
536 543 584 627 qni
603 553 633 606 ct
653 541 831 619 Acuanitae,
856 538 1039 618 Hieracitae,
1064 535 1230 616 Meletiani,

73 647 121 732 qni
137 648 168 711 in
185 648 328 734 Aegypto
346 647 474 712 schisma
494 647 668 724 conflarunt,
693 642 799 709 Ariani
817 643 865 728 qni
884 654 914 706 et
929 640 1145 719 Aricmanitae‚
1168 639 1233 704 An-

73 749 227 813 dianorum
249 760 349 829 secta,
381 746 569 826 Pbctiniani‚
600 745 804 825 Marcelliani,
836 743 1031 822 semiariani,
1056 740 1234 807 Pneumatc·

72 852 182 931 machi,
207 851 255 936 qui
273 851 303 915 in
319 861 453 918 sanctum
471 851 517 916 dei
535 850 668 937 spiritum
686 848 889 914 contumeliosi
905 858 985 926 sunt,
1011 845 1148 923 Adriani,
1173 843 1235 908 Ae·

73 952 164 1034 linui,
197 953 245 1038 qui
264 965 295 1018 et
311 955 475 1033 Anemoei,
509 953 615 1038 quibus
634 952 804 1035 adiungitur
821 949 1004 1027 Enncmius,
1036 945 1232 1027 Dimcdritae,

73 1056 123 1140 qui
152 1057 313 1142 perlectam
343 1052 455 1121 Christi
484 1053 717 1120 incarnationem
749 1051 868 1118 minime
898 1053 1091 1129 confitentur,
1126 1050 1174 1134 qui
1205 1060 1235 1112 et

72 1157 307 1244 Apollinaristae
321 1158 520 1223 nominantur.
565 1155 642 1221 'l'um
657 1157 705 1242 qui
721 1153 848 1222 Mariam
864 1174 981 1239 semper
995 1152 1139 1238 uirginem
1155 1165 1234 1238 pust·

73 1281 162 1345 qnam
178 1262 355 1326 salvatorem
372 1260 475 1345 genuit
493 1281 557 1324 cnm
578 1257 702 1345 losephc
725 1258 918 1324 consuevisse
935 1258 1053 1336 dicunt,
1078 1276 1151 1340 qnos
1171 1255 1235 1318 An·

74 1364 337 1429 tidicomariauitas
355 1364 552 1450 appellamus,
576 1363 645 1427 item
659 1363 707 1447 qui
723 1363 753 1426 in
771 1381 879 1425 nomen
897 1361 1027 1424 eiusdem
1042 1358 1159 1423 Mariae
1175 1358 1235 1422 col-

72 1465 200 1552 lyridem
218 1467 362 1546 oll'erunt,
387 1477 418 1530 ct
433 1461 627 1550 Collyridiani
644 1475 806 1545 vocantnr3
830 1461 1016 1542 Massaliani,
1039 1463 1075 1526 arl
1095 1481 1169 1547 quos
1185 1461 1235 1524 ad·

72 1567 236 1653 iunguntur
250 1568 441 1656 Martyriani,
466 1567 647 1653 egentilium
664 1579 759 1649 secta,
782 1579 813 1632 et
827 1565 1023 1652 Euphemitae
1038 1587 1072 1630 ac
1089 1562 1233 1662 Satapici.

160 1772 251 1840 Nuuc
267 1775 391 1861 repetita
410 1774 598 1854 narratione,
628 1773 707 1838 etin
726 1773 859 1859 singulos
877 1772 968 1837 libros
987 1769 1150 1837 distributis
1168 1770 1237 1835 hae·

72 1878 213 1956 resibus,
246 1877 301 1940 boc
323 1878 353 1940 in
372 1877 455 1941 brevi
472 1875 645 1962 compendio
669 1875 844 1956 declarabo,
877 1887 1014 1962 quutnam
1034 1897 1074 1940 ex
1092 1875 1150 1940 illis
1167 1876 1237 1940 bae·

72 1980 193 2045 renibus
209 1980 353 2066 inpriore
369 1979 464 2059 libro,
489 1991 560 2064 quot
577 1978 754 2042 insecundo
770 1999 804 2042 ac
823 1979 910 2043 tertio
929 1979 1152 2057 contineantur,
1176 1988 1236 2042 tum

72 2084 106 2147 in
125 2083 246 2167 reliquis
267 2081 402 2146 omnibns
420 2093 585 2146 ceterorum
605 2080 746 2145 librorum
764 2081 851 2146 tornis
870 2093 939 2166 quot
954 2081 1113 2166 unicuique
1134 2081 1237 2146 baere-

71 2206 127 2250 ses
141 2184 299 2250 attributae
315 2195 395 2249 sunt.
442 2181 554 2248 llarnru
571 2185 670 2268 itaque
684 2185 812 2248 omnium
828 2183 924 2249 series
941 2195 988 2247 est
1001 2184 1157 2248 eiusmodi.
1202 2181 1236 2246 ln

72 2287 173 2376 primu
196 2287 271 2352 libro
296 2286 368 2352 tomi
391 2297 453 2351 tres
480 2297 565 2364 suut,
603 2286 742 2351 haereses
760 2284 874 2366 XLVI¹
891 2287 953 2352 suis
976 2285 1142 2352 nominihus
1166 2307 1237 2350 con-

71 2401 198 2473 ceptae=
237 2387 444 2454 barbarismus
471 2389 608 2454 videlicet
635 2410 669 2453 ac
697 2385 901 2476 Scytbismus,
939 2389 1156 2470 llellenismus,
1190 2387 1238 2452 lu·

71 2493 209 2558 daismos
224 2514 259 2557 ac
275 2489 510 2557 Samaritisrons.
557 2489 589 2556 ln
604 2492 734 2558 secundo
750 2493 823 2556 libro
838 2491 909 2556 torni
923 2494 979 2557 duo
993 2504 1073 2572 sunt,
1098 2492 1238 2556 haereses

72 2592 204 2660 XXlll.
250 2591 284 2658 ln
301 2595 390 2660 tertio
408 2594 483 2658 libro
503 2596 573 2658 mmi
590 2597 665 2674 duo,
698 2595 840 2661 haereses
858 2592 916 2659 Xl.
965 2593 997 2659 ln
1020 2595 1126 2682 prioris
1139 2595 1239 2680 itaque

75 2709 160 2762 tomo
177 2697 269 2782 primo
285 2697 425 2760 haereses
442 2693 507 2760 ΧΧ
528 2709 609 2778 sunt,
631 2696 850 2778 barbarismus,
875 2696 1074 2784 Scythismus,
1098 2695 1240 2763 Graccis·

74 2821 164 2880 mus,
188 2797 363 2864 ludaismus.
410 2797 593 2864 Graecorum
619 2823 707 2888 porro
734 2800 901 2866 discrimina
931 2802 1096 2880 istasunt,
1128 2797 1239 2884 Pytha·

73 2902 182 2988 gorei,
216 2903 280 2966 sive
303 2900 513 2990 Peripatetici,
546 2901 658 2984 Stoici,
692 2903 844 2990 Epicurei.
892 2901 1066 2969 Samaritica
1093 2902 1237 2982 haeresis,

73 3025 156 3092 quae
172 3025 189 3068 a
206 3003 353 3070 ludaismo
370 3005 517 3086 manavit3
550 3003 728 3072 Samaritani
754 3019 879 3092 quatuor
893 3007 924 3071 in
942 3019 1040 3094 partes
1058 3005 1236 3086 tribuuntur,

75 3105 271 3188 Gortheucs,
297 3104 468 3189 Sebuaeos,
493 3107 645 3189 Essenos,
677 3106 850 3174 Dositbecs.
899 3109 1074 3176 ludaeorum
1097 3113 1237 3176 haereses

73 3220 213 3297 septem,
238 3207 380 3293 Scribas,
404 3209 576 3292 Pharisaei,
600 3209 778 3292 Sadducaei,
803 3211 1091 3299 llemerobaptistae,
1117 3211 1237 3295 Ossaei,

72 3311 260 3392 Nassaraei,
291 3311 466 3378 Herodiani.
513 3311 546 3378 ln
569 3315 699 3378 secundo
718 3326 797 3378 tomo
819 3315 885 3380 libri
902 3316 986 3402 primi
1002 3316 1143 3382 haereses
1160 3313 1239 3380 xtlt

73 3424 169 3494 sunt,
203 3413 387 3498 Simoniani,
421 3415 647 3496 Menandriani,
681 3414 891 3498 Saturniliani,
925 3418 1115 3497 basilidiani,
1147 3416 1242 3483 Nico·

72 3520 189 3598 laitac,
222 3516 376 3599 Gnostici,
407 3519 509 3604 quiet
534 3516 698 3584 Stratiotici
722 3518 982 3602 acPlribicnitae,
1016 3523 1052 3586 ab
1075 3522 1142 3588 aliis
1168 3543 1241 3587 vero

73 3619 279 3698 Secundiani,
303 3622 339 3685 ab
354 3623 420 3688 aliis
438 3619 618 3702 Socratitae,
643 3624 680 3687 ab
697 3623 762 3687 aliis
780 3622 927 3690 Zacchaei
947 3626 1101 3689 dicuntnra
1126 3621 1240 3710 Carpu-

74 3722 222 3802 cratitae,
255 3719 456 3804 Cerinthiani,
489 3726 536 3810 qui
569 3735 600 3789 et
622 3722 832 3807 Meriuthiani,
872 3726 1042 3806 Nazaraei,
1082 3725 1238 3804 Ebionaei,

75 3829 248 3906 Valentini,
273 3825 466 3907 secundiani,
491 3827 595 3913 quibus
611 3830 754 3892 accedunt
769 3828 939 3917 Epiphanes
955 3840 986 3894 et
1002 3828 1146 3908 lsidorus,
1169 3826 1241 3892 Pto-

75 3933 201 4002 lemaei.
248 3928 282 3995 ln
312 3932 399 3994 tertio
426 3941 523 3995 autem
549 3941 628 3995 tomo
655 3930 762 4015 prioris
789 3933 853 3998 libri
881 3934 1019 3998 haereses
1041 3933 1139 3996 itidem
1164 3927 1243 3994 Xlll

74 4046 170 4116 sunt,
192 4031 354 4113 lllarcosii,
379 4027 566 4112 Colorbasii,
592 4031 839 4116 beracleouitae,
863 4033 1009 4124 Ophitae,
1035 4031 1160 4114 Caiani,
1185 4029 1242 4098 Se·

74 4137 195 4217 thiani,
218 4135 410 4217 Archontici,
435 4131 633 4216 Cerdoniaui,
658 4134 845 4219 Marcioues,
870 4137 1079 4220 Ennianistae,
1103 4137 1243 4224 Appollo-

75 4315 157 4364 cbest.
715 4309 756 4362 23.
775 4309 850 4374 Vutpo
866 4308 989 4377 reparant

115 4381 159 4432 tt.
178 4377 243 4428 Libri
259 4379 330 4442 vulpe
348 4375 475 4431 Σατιανοῑ.
715 4377 756 4430 Ἡ.
776 4379 850 4442 Vulpo
865 4377 1015 4446 Ναζαραῖοι.

115 4449 159 4499 22.
179 4441 249 4499 edroi
266 4448 333 4497 babel
346 4449 420 4509 Epist.
435 4448 469 4497 cd
480 4449 550 4498 dccc.
575 4449 649 4512 Vutpc
715 4447 757 4500 25.
773 4441 941 4518 Κολοβράσιοι
963 4449 1075 4500 mendum
1097 4453 1188 4513 typopr.
1210 4453 1245 4500 ert

75 4519 137 4570 tatrrt
161 4505 260 4583 ἱαυτῷ,
282 4529 326 4576 prc
348 4529 395 4578 ouo
409 4517 521 4567 Petuntur
536 4529 650 4580 reponen-
684 4516 738 4568 edr't.
755 4518 837 4568 Petuu.
857 4519 935 4569 Coton
952 4521 1021 4582 repet

76 4589 142 4640 durs
159 4597 208 4636 esse
225 4585 336 4646 cccttonr't
353 4578 463 4652 ἑκάστῳ.
