3066 5016
230 269 235 278 .
268 217 405 272 rsnsnn
423 219 486 271 nro.
498 220 543 271 nr.
560 219 643 272 ron.
659 221 691 271 rr.
710 219 826 272 nxros.
843 218 907 272 rm.
927 218 1070 273 onrnoo.
1182 209 1242 274 sor

84 358 193 424 aquam
209 349 240 402 et
255 347 354 404 aerem
373 349 590 425 quatuoresse
613 337 704 426 primo
730 339 805 403 dixit
825 339 986 418 elemento,
1018 351 1105 425 atque
1121 340 1247 406 inimici-

83 440 156 504 tiam
179 443 333 506 elementis
358 442 493 507 omnihus
520 442 660 528 priorem.
706 439 858 526 Siquidem
881 440 965 505 initio
987 453 1122 527 separate
1147 465 1182 507 ac
1203 445 1246 507 di·

81 555 196 607 stractrr
215 556 317 624 erant,
342 545 452 630 inquit,
485 545 599 624 omnia3
632 545 758 608 nuncio
778 567 866 608 unum
886 543 1142 624 coniunctasunt‚
1175 567 1245 610 con·
1312 557 1317 566 '

81 645 182 710 cibata
199 647 323 712 invicem
340 657 370 710 et
387 648 482 711 amica
511 648 635 711 reddita.
683 644 832 730 Quocirca
851 647 909 711 dno
924 657 993 710 sont
1010 647 1088 712 iliius
1106 648 1245 733 opinione

81 749 245 836 principia,
269 751 373 834 visque
387 749 512 835 duplex,
544 749 696 814 inimicitia
714 761 745 813 et
760 749 904 829 amicitia3
939 770 1059 834 quarum
1079 749 1137 813 istu
1156 771 1247 835 copu-

82 851 183 930 landi,
207 852 255 915 itta
279 852 436 938 separandi
460 863 603 936 potestate
627 852 770 938 praedita.

171 952 355 1032 Hermotimo,
393 951 531 1018 Biesonis
566 953 658 1034 ottus,
699 952 847 1040 Ephesius
877 953 939 1040 igni
970 953 1113 1038 originem
1145 975 1244 1020 rerum

82 1055 212 1121 omnium
236 1055 440 1134 adscribebat,
463 1057 493 1118 in
517 1056 699 1142 eundemque
722 1055 831 1120 rescivi
854 1055 976 1142 putabet
997 1057 1107 1120 omnia.

169 1156 312 1223 Prodicus
331 1158 447 1243 quidum
474 1159 619 1222 elementa
643 1157 686 1222 lV
711 1158 783 1222 deos
806 1158 979 1244 appellavit,
1015 1157 1083 1223 inde
1100 1160 1193 1224 solem
1216 1172 1246 1226 et

80 1263 194 1326 lunam.
240 1261 287 1325 Ab
310 1260 346 1324 iis
368 1262 445 1324 euim
469 1261 588 1325 vitalem
611 1260 640 1323 in
664 1259 761 1324 omnia
785 1260 844 1324 rim
868 1261 1001 1330 diffundi.

168 1361 253 1428 Plato
271 1363 464 1428 Atheniensis
486 1364 570 1427 deum
596 1374 626 1426 ct
651 1363 802 1426 materiam
827 1365 1004 1426 aetermam
1030 1363 1242 1429 constituebat.

81 1465 226 1532 Mundum
246 1467 339 1550 ipsum
362 1477 393 1528 et
408 1467 578 1552 productum
594 1476 625 1529 et
640 1465 820 1551 corruptioni
840 1465 1018 1546 obnoxium3
1049 1467 1175 1532 animam
1192 1469 1244 1532 ne'·

81 1590 139 1655 qne
158 1569 345 1654 productam,
377 1579 405 1632 et
422 1569 634 1647 immortalem,
665 1568 797 1652 adeoque
820 1567 949 1632 divinam
969 1568 1126 1651 credebat3
1160 1571 1244 1636 cuins

79 1672 225 1758 triplicem
242 1692 310 1736 csse
327 1681 458 1757 partem,
482 1671 596 1735 ratione
614 1671 726 1735 scilicet
743 1671 921 1756 praeditam,
945 1673 1141 1751 irascentem,
1173 1693 1244 1736 con-

80 1774 293 1860 cupiscentem.
338 1773 466 1858 Nuptias
483 1785 514 1837 et
528 1794 640 1839 uxores
656 1771 837 1859 promiscuas
855 1794 922 1838 esse
941 1773 1089 1853 omnihus,
1115 1796 1149 1839 ac
1164 1796 1244 1838 com·

80 1897 187 1942 moues
204 1877 341 1955 volebat,
370 1897 455 1940 nemo
475 1887 506 1940 ut
522 1875 657 1960 privatim
674 1875 829 1960 coniugem
847 1896 929 1939 suom
947 1877 1088 1957 heberet,
1112 1879 1164 1941 sed
1180 1878 1244 1964 qni-

80 1979 153 2043 libet
174 2001 240 2042 cunr
263 1978 429 2042 volentibus
453 1977 694 2042 consuetudinem
719 1976 851 2041 haberet.

166 2081 335 2166 Aristippus
361 2077 536 2167 Cyrenaeus
561 2079 657 2144 ventri
685 2079 854 2164 gutturique
887 2078 1002 2144 deditus
1033 2101 1067 2144 ac
1090 2081 1244 2166 voluptua-

80 2184 143 2249 rius
167 2185 253 2248 tinem
266 2184 386 2250 ,animae
405 2181 481 2247 dixit
500 2204 568 2246 esse
589 2182 767 2268 voluptatem
775 2207 785 2262 3
816 2203 873 2266 qua
891 2181 940 2265 qui
967 2183 1090 2260 fruitur,
1125 2182 1241 2263 beatus,

80 2288 129 2373 qni
153 2288 272 2352 omnino
295 2297 396 2365 caret,
421 2284 640 2349 infelicissimus
663 2286 701 2348 sit
718 2305 752 2348 sc
768 2284 963 2349 miserrimus.
1009 2281 1055 2348 Ita
1071 2285 1159 2370 vulgo
1182 2306 1243 2351 me·

80 2401 209 2455 morant.

167 2492 345 2557 Theodorus
368 2501 564 2577 cognomento
584 2489 699 2554 Athens
725 2510 799 2574 quse
821 2490 932 2552 dedeo
957 2490 1127 2554 dicerentur
1147 2513 1242 2578 nugas

81 2615 150 2658 esse
169 2616 266 2659 meros
285 2594 442 2659 arbitratus
457 2600 522 2673 e‘st3
545 2593 649 2678 quippe
669 2592 753 2657 deum
773 2613 840 2656 esse
858 2592 980 2656 nultum.
1027 2589 1074 2656 Ob
1090 2593 1118 2657 id
1137 2595 1240 2675 iurari,

82 2698 233 2782 peierare,
259 2718 363 2783 rapere
381 2697 522 2762 suadebat
538 2695 691 2773 omnibus,
723 2715 817 2778 neque
835 2717 888 2782 pro
905 2695 999 2781 patrio
1014 2706 1136 2760 mortem
1153 2719 1242 2782 oppe-

81 2809 164 2878 teree
189 2798 304 2863 unicam
321 2799 399 2862 euim
416 2799 537 2884 patriam
554 2797 792 2876 morimundum,
827 2817 952 2881 eumque
972 2799 1171 2862 tantummodo
1188 2800 1241 2863 bo·
1278 2833 1280 2838 ·

82 2924 149 2966 num
170 2922 237 2965 esso
253 2903 301 2986 qui
320 2903 358 2966 sit
374 2902 497 2980 beatus3
532 2900 662 2985 quisquis
687 2909 783 2964 entem
807 2899 911 2964 infelix
929 2908 1026 2978 esset,
1058 2901 1173 2964 tametsi
1192 2922 1242 2966 se·

80 3004 164 3090 piens
181 3006 274 3083 toret,
310 3025 377 3069 esse
397 3005 576 3089 fugiendum.
624 3001 761 3088 Denique
786 3003 833 3066 vet
857 3001 1044 3088 insipientem
1064 3012 1153 3087 atque
1170 3025 1242 3068 con·

81 3117 223 3170 tumacem
247 3106 366 3170 divitem
390 3107 591 3170 asciscendum
614 3125 694 3168 esse.

165 3207 312 3295 Hegesias
338 3206 515 3296 Cyrenaeus
540 3207 696 3270 amicitiam
728 3228 763 3271 ac
792 3207 915 3290 gratiam
943 3207 1072 3272 fonditus
1101 3207 1240 3289 tollebst3

81 3333 134 3374 nec
155 3311 229 3375 ullas
252 3332 320 3376 esse
343 3311 472 3374 dicebat.
517 3307 594 3374 Nem
618 3322 668 3374 aut
694 3319 828 3395 egentem
854 3308 977 3373 atterius
1001 3331 1090 3395 opera
1113 3309 1191 3374 inire
1205 3311 1241 3375 sb

80 3436 116 3479 eo
133 3416 277 3500 gratiam3
301 3425 352 3478 aut
367 3412 479 3476 maiore
495 3411 629 3476 affectum
647 3410 790 3475 beneficio
807 3410 937 3474 vicissim
955 3414 1132 3498 rependere.
1178 3411 1241 3477 Ho-

80 3517 149 3581 mini
174 3518 249 3580 malo
275 3517 365 3578 vitam
390 3513 552 3600 expedire3
584 3512 707 3600 sepienti
735 3523 858 3577 mortem
880 3513 990 3578 siebat.
1036 3513 1122 3582 Unde
1145 3515 1241 3602 ople-

79 3619 179 3705 risque
200 3613 427 3694 πεισιθάνατος,
450 3618 478 3680 id
501 3627 547 3680 est
569 3616 673 3680 mortis
696 3636 803 3679 suasor
824 3615 988 3701 appellatus
1012 3629 1070 3682 est.

163 3721 358 3786 Antisthenes
376 3741 392 3784 e
407 3717 535 3783 Thracio
553 3729 645 3782 matre
662 3717 789 3784 Athenis
807 3729 894 3784 notus
911 3721 1033 3806 primurn
1051 3717 1237 3799 Socraticus,

80 3824 183 3888 deinde
200 3820 334 3910 Cynicus
356 3821 468 3886 extitit.
514 3819 571 3885 Hic
588 3821 711 3887 aliorum
731 3821 845 3886 seelera
870 3844 905 3886 oc
922 3823 1117 3908 turpitudines
1139 3842 1239 3886 scmu-

79 3925 129 3989 lari
149 3927 294 3990 neminem
311 3936 449 4011 oportere
469 3923 581 3987 docuit.
626 3921 749 3988 Urbium
769 3925 884 3989 moenis
905 3926 1048 3988 adversus
1067 3924 1238 3989 intestinum

79 4028 256 4112 proditorem
278 4026 442 4105 imbecilla,
475 4027 591 4091 animae
609 4045 682 4089 uero
704 4027 786 4090 brma
809 4040 840 4091 et
859 4028 1034 4091 inconcussa
1057 4026 1173 4091 moenio
1195 4026 1238 4090 di·

79 4130 174 4193 oebat.

110 4331 135 4385 9.
154 4332 237 4401 &sapor
250 4350 296 4387 non
312 4336 380 4386 torn
393 4337 443 4388 eod.
458 4335 556 4399 Rbedr'p.
581 4337 639 4387 For·
673 4337 726 4388 tnttr
742 4335 800 4384 Non
821 4332 954 4385 convenire
965 4333 1082 4386 aemulari
1097 4333 1165 4390 mata
1176 4333 1241 4388 alio·
1313 4343 1318 4354 ·

78 4407 137 4452 torre
159 4407 307 4456 scribendum
330 4401 437 4468 ἑτέρων,
462 4404 525 4467 quod
550 4407 641 4454 Cerno-
675 4421 730 4454 rum
747 4413 790 4454 out
807 4402 899 4456 alienas
918 4402 1091 4476 turpitudines.

77 4473 125 4522 rins
132 4487 221 4536 qnoprn
235 4475 349 4526 censuisse
362 4474 462 4536 uidetur,
475 4477 502 4524 ct
514 4475 556 4538 qni
566 4477 645 4528 horu·
