3058 5014
328 315 466 368 runnnu
483 315 549 368 nne.
562 316 607 367 nr.
620 313 704 367 non.
717 315 736 364 r.
753 311 853 364 nuum
866 308 975 363 cxxv.
1165 289 1229 354 185,

72 446 215 502 enteeutc
229 436 292 501 sols
304 435 389 520 virge
405 435 565 501 instructus
581 435 609 498 iu
624 436 791 520 Aegyptum
807 428 942 495 mittitur.
988 423 1083 510 Quum
1097 447 1164 490 cnm
1181 424 1226 488 in·
1245 432 1359 481 neone.

70 540 260 624 proderetur,
294 540 396 604 Aaron
413 539 506 624 ipsius
526 539 618 601 lenter
634 537 773 600 divinitus
794 535 900 598 missus
916 531 943 594 ei
961 551 994 594 sc
1012 530 1048 594 ed
1065 529 1225 594 subsidium

70 640 211 724 adiungit.
258 639 373 705 Deinde
397 651 547 725 postquem
575 639 602 704 ei
620 661 635 701 n
654 640 745 703 tratre
770 638 841 700 bdes
864 635 959 698 bubite
982 643 1044 712 est,
1075 632 1227 696 seniorum

70 739 205 808 edilium
230 765 266 806 uc
290 743 384 828 populi
408 763 459 828 per
481 742 551 806 illud
578 753 692 827 tempus
715 738 886 827 principium
906 736 1058 800 multitudo
1072 734 1224 799 conivenit.

70 845 148 910 ’l'um
170 845 315 910 destinam
337 865 426 931 opere
445 847 526 908 uires
550 856 580 909 et
596 844 777 910 incrementa
794 841 928 927 cupiente
946 859 1027 904 unere
1046 837 1224 922 penetre'vit.

68 947 204 1014 Necdum
222 958 318 1012 temen
335 947 370 1012 nd
389 948 482 1032 legent
502 957 717 1033 pervenerunt,
749 946 843 1007 donec
860 942 939 1006 illum
957 942 1029 1005 deus
1044 942 1084 1008 ud,
1096 949 1226 1005 muntem

68 1061 218 1128 erocnrct,
245 1070 310 1114 curn
325 1061 356 1113 et
370 1049 483 1114 tubulus
499 1051 628 1128 tradidit,
646 1059 677 1112 ct
693 1047 911 1112 tubernaculum
928 1045 1095 1120 instituere,
1119 1039 1227 1127 priuci-

67 1176 137 1241 pee,
162 1153 356 1231 decuriones,
381 1151 666 1237 quinquagenarius,
690 1149 896 1227 centuriones,
920 1169 955 1211 uu
974 1147 1107 1210 tribunos
1123 1161 1228 1208 creare

67 1257 178 1320 docuit.
224 1252 318 1318 Vides
339 1256 580 1339 quemadmodum
606 1273 654 1317 res
676 1273 778 1317 omnes
797 1251 934 1338 puulntim
951 1245 1143 1334 emplilicut'ne
1164 1250 1228 1310 lue·

67 1359 147 1422 rint?
192 1362 270 1432 Vide,
296 1355 401 1442 inquit,
422 1359 514 1438 facies
532 1361 625 1419 omnic
640 1360 792 1418 secundum
809 1358 964 1434 emernplnr,
989 1356 1064 1434 quod
1080 1353 1379 1416 niumm-tumst*

65 1473 188 1523 cerebrm
205 1473 249 1522 est
266 1465 296 1522 r'n
316 1471 407 1522 monte
422 1463 504 1522 Sino.
551 1459 811 1524 Arrimudvertisne
829 1467 860 1520 ut
875 1458 910 1520 nd
926 1455 1139 1540 legislationem
1156 1475 1225 1517 onn-

65 1564 215 1627 delubrum
234 1562 304 1626 illud
320 1572 431 1647 septem
450 1561 661 1647 ellychniurum
677 1559 805 1624 additum
824 1559 929 1638 luerit,
954 1579 1009 1622 uec
1029 1579 1086 1622 nun
1106 1567 1137 1622 ct
1152 1557 1226 1622 telu-

66 1687 112 1730 res
129 1664 422 1740 secerdotisvestes,
448 1664 654 1744 tintinnabula,
678 1663 806 1748 palliolo,
831 1663 993 1748 epontides,
1019 1661 1098 1747 pilei,
1123 1660 1225 1739 bultei,

65 1770 216 1832 rariorum
234 1765 397 1852 lepillorum
418 1777 595 1845 contextus,
619 1766 735 1851 cynthi,
760 1765 942 1844 mortariolo,
967 1765 1061 1842 lubre,
1086 1762 1225 1840 turibula,

66 1870 175 1949 catini,
205 1868 423 1948 musmarbutlr,
456 1867 511 1932 buc
528 1879 575 1932 cst
590 1869 670 1947 cole,
704 1868 858 1946 midicotb,
883 1870 947 1933 sive
962 1866 1084 1954 cynthi,
1108 1865 1226 1930 mecho·

64 1973 147 2050 ootb,
169 1970 220 2056 noi
236 1980 305 2034 sunt
322 1971 421 2048 beses,
442 1981 472 2034 et
489 1991 688 2056 quserrurnque
704 1972 761 2034 elie
779 1972 829 2035 lex
846 1970 995 2047 edisserit,
1013 1970 1094 2033 uelut
1110 1964 1226 2034 Cberc·

65 2074 142 2152 bini,
178 2085 208 2138 et
224 2075 251 2136 id
268 2093 362 2158 genus
381 2073 456 2152 sliu,
489 2093 557 2137 uren
575 2073 760 2153 testamenti,
792 2084 909 2150 nectes,
935 2069 1225 2147 bumcrcriiuuunli,

65 2176 305 2254 tubernaculum,
330 2176 415 2254 vele,
440 2176 530 2261 pelles
547 2175 731 2255 rubricatae,
756 2196 859 2252 unsue,
883 2185 913 2239 et
928 2174 984 2239 ulie
1003 2174 1030 2238 id
1050 2195 1157 2258 genus,
1182 2175 1225 2238 is·

63 2278 195 2358 nitores,
221 2279 307 2343 tubae
324 2278 465 2356 ductiles,
490 2279 693 2356 etincurrnc,
718 2290 745 2341 et
763 2298 882 2354 aureae,
907 2288 1079 2362 argenteae,
1104 2295 1222 2354 uerene,

64 2401 211 2461 corneae,
243 2381 300 2445 elie
326 2379 452 2467 denique
477 2402 515 2446 ex
534 2381 608 2465 legis
623 2384 823 2466 praescripto,
859 2381 938 2444 velut
960 2379 1171 2444 sacrificiorum
1193 2390 1223 2442 et

62 2483 280 2548 institutionum
296 2481 380 2547 romu
393 2503 523 2568 genere,
555 2505 629 2568 quae
644 2505 709 2549 cum
726 2483 810 2548 initio
828 2483 955 2548 nondum
972 2493 1093 2561 esseut,
1125 2501 1224 2546 nonne

63 2599 219 2671 postquem
247 2587 364 2649 invectu
389 2597 476 2665 sunit,
509 2607 580 2650 suus
604 2598 651 2652 est
673 2587 745 2652 ordo
771 2587 859 2650 rebus
882 2586 1060 2649 attributus?
1112 2581 1223 2648 Eidem

63 2687 140 2751 ratio
164 2698 213 2752 est
231 2687 347 2750 illorum
370 2687 526 2772 dequibus
543 2691 692 2774 upustulus
710 2689 844 2774 scripsit,
869 2709 944 2773 quine
963 2688 1070 2752 tumdiu
1090 2687 1224 2752 obtinue-

63 2801 149 2869 ruut,
182 2791 277 2854 donec
297 2791 471 2876 emplitiontn
499 2803 545 2856 est
569 2791 712 2868 ecclesio,
744 2793 838 2855 donec
855 2811 938 2854 sutem
955 2811 990 2854 nc
1014 2791 1171 2875 legitimum
1187 2791 1224 2853 ed

61 2913 232 2957 mensurum
253 2894 404 2978 pervenit,
437 2895 530 2957 donec
552 2895 684 2978 prudenti
702 2895 824 2979 qirudnm
843 2894 1044 2956 moderatione
1064 2892 1224 2957 iustissime

62 3006 139 3058 esta
156 3006 252 3080 putre,
271 2997 330 3058 lilio
346 3007 376 3058 et
389 2994 492 3081 spiritu
508 3007 612 3060 sancto
631 3005 803 3080 temperate.
836 2993 884 3060 bx
898 2995 1002 3081 quibus
1020 2995 1102 3060 norit
1119 2997 1224 3080 dogma

61 3099 223 3162 refellitur.

147 3197 236 3283 anod
254 3209 351 3264 cutem
369 3221 427 3264 uon
445 3201 521 3265 idem
538 3221 605 3265 esse
623 3201 717 3286 possit
737 3223 801 3267 cum
818 3203 956 3288 episcopo
974 3201 1148 3287 presbyter,
1180 3200 1225 3264 di·

59 3302 147 3366 riuus
180 3303 306 3388 apostoli
337 3323 436 3367 sernru
465 3303 612 3383 declaret,
646 3325 703 3387 quo
733 3306 865 3389 quisnnm
895 3305 1069 3390 episcopus,
1102 3303 1236 3410 purisque⁸

61 3405 222 3490 presbyter
248 3405 287 3468 sit
307 3405 491 3490 intelligitur.
536 3402 614 3468 Nem
638 3407 672 3468 nd
693 3405 882 3471 Timotheum
902 3408 1069 3494 episcopum
1090 3407 1225 3471 scribens

58 3505 95 3567 ite
126 3507 278 3591 luqttiture
310 3508 509 3588 Presbyterum
536 3497 573 3570 ne
601 3510 752 3589 odr'urges,
785 3514 837 3572 sed
861 3513 978 3572 hortare
999 3511 1077 3572 uelut
1098 3521 1218 3592 putrem.
1229 3524 1315 3573 utta.
1330 3523 1380 3578 ιι.

58 3603 136 3688 Quid
152 3618 252 3674 auteur
266 3611 410 3675 attinebat
425 3610 564 3695 episcopo
580 3621 695 3689 vetere,
720 3622 751 3675 ut
767 3633 804 3674 ne
822 3612 1026 3698 presbyterum
1042 3611 1223 3696 obiurgaret,

57 3711 113 3772 nisi
133 3711 276 3774 maiorem
297 3713 361 3798 ipso
386 3723 561 3798 potestatum
589 3714 755 3778 obtineret?
797 3713 902 3798 Quare
917 3714 1056 3800 deinceps
1073 3715 1222 3793 obrueret,

56 3816 211 3874 Aduersus
221 3817 419 3896 presbyterum
435 3821 492 3878 cr'to
508 3821 716 3879 recusationem
731 3840 767 3880 ne
781 3822 948 3893 udmr'eert'e,
972 3821 1031 3880 nebi
1042 3818 1152 3879 duodus
1168 3821 1222 3880 tre'·
1246 3831 1305 3878 nrt.
1318 3833 1350 3879 tt

56 3915 145 3977 bosuc
161 3917 290 3978 testibus.
337 3917 408 3982 Non
423 3919 509 3982 elicui
531 3920 771 4005 expresbyteris
789 3921 938 4006 praecepit
957 3929 987 3984 ut
1003 3919 1223 3984 accusationem

55 4027 162 4080 contre
181 4017 351 4104 episcopum
368 4043 426 4084 nun
445 4020 630 4099 admitteret,
654 4032 706 4086 eut
721 4035 753 4086 ut
770 4024 938 4108 episcopum
959 4043 1017 4085 nun
1038 4020 1220 4106 obiurgaret.

56 4116 192 4183 Videsne
210 4141 296 4206 quum
320 4144 378 4187 nun
401 4123 559 4188 mediocris
581 4123 660 4188 illius
683 4127 767 4189 ruinn
791 4127 848 4204 sit,
879 4145 964 4209 quem
987 4123 1119 4188 diabolus
1142 4125 1223 4190 lube·

55 4221 202 4288 lactarit?

142 4321 206 4390 Sed
223 4326 350 4392 bominis
368 4329 477 4413 relique
497 4330 662 4396 rideamus.
708 4327 846 4416 inprimis
871 4330 946 4415 quod
969 4331 1006 4395 ud
1023 4326 1137 4398 Pescba
1156 4355 1222 4420 per·
1241 4336 1354 4405 (ΜΒ

52 4499 123 4573 codpt
143 4500 386 4562 comsummetur.
691 4497 716 4552 7.
733 4497 890 4572 meantem
904 4504 955 4554 eod.
970 4503 1068 4568 Μία.

85 4566 111 4616 b.
130 4568 248 4634 sermore
265 4566 310 4621 καὶ
326 4565 463 4637 κερατίναι.
690 4571 716 4623 u.
732 4570 791 4640 nupt
810 4575 903 4626 onmnte
917 4576 1008 4626 notoutt
1023 4575 1144 4627 rmum.
