3082 5006
313 339 451 394 ennean
469 340 532 392 cro.
543 341 586 392 tn.
606 339 688 394 ron.
701 340 721 394 t.
737 339 837 392 naua.
848 337 932 390 cxx
1165 327 1207 392 37

134 457 271 528 Ceterum
302 461 378 526 idem
402 461 451 527 ille
473 481 570 526 senes
592 460 706 526 Audias
729 460 759 524 in
790 455 941 546 Scythiam
967 459 1004 524 ab
1027 459 1206 546 imperatore

61 565 194 649 relegatus
211 577 275 644 est,
305 566 381 650 quod
405 565 528 651 populos
551 565 658 650 passim
682 563 719 628 ab
742 563 886 626 ecclesiae
909 562 1052 648 obsequio
1075 565 1207 628 retrahe·

61 679 116 744 ret,
146 689 209 733 eum
233 689 269 732 eo
293 666 411 733 nourrine
433 669 470 732 ab
499 667 646 754 episeopis
669 676 751 732 esset
777 670 812 730 ad
842 665 1050 751 imperatorem
1078 667 1205 732 dolatus.

62 767 181 856 Cumque
205 772 235 835 in
248 773 295 836 “ea
316 770 439 853 regione
459 780 632 835 uersaretur
648 771 732 854 (quot
749 779 846 832 antem
865 770 950 832 annis
970 769 1075 832 ibidem
1096 771 1208 836 vixerit

61 886 130 936 certo
146 895 322 938 asseverare
345 895 404 938 non
422 880 613 958 possumus),
646 871 676 936 iu
701 872 840 935 interiora
860 869 1017 936 Gotthiuae
1036 884 1206 958 penetrans,

60 976 186 1042 barbaros
206 977 313 1041 multos
331 973 519 1041 Christianae
537 975 688 1060 religionis
706 974 878 1038 rudimentis
897 973 1034 1038 instituit.
1080 973 1129 1038 Ex
1150 995 1208 1060 qua

60 1081 223 1144 monasteria
247 1081 276 1144 in
295 1077 416 1144 Gotthia
439 1078 579 1143 norrnnlla
601 1087 758 1163 propagata
777 1087 861 1156 surutq
893 1076 1045 1161 inquibus
1068 1078 1208 1162 religiosa

60 1183 160 1246 uiuendi
184 1182 278 1262 ratio,
310 1193 341 1246 et
366 1181 537 1266 virginitas,
570 1179 795 1263 arctissirnuqne
818 1179 968 1265 disciplina
995 1179 1104 1244 floruit.
1151 1179 1207 1244 Est

60 1285 123 1348 enin
140 1285 288 1350 hominum
310 1267 366 1348 iste
390 1295 494 1348 coetus
510 1283 588 1346 uitae
607 1283 722 1346 ratione
741 1293 771 1345 et
795 1281 928 1347 instituto
944 1303 1009 1346 eum
1035 1281 1136 1368 primis
1155 1283 1207 1346 ad·

60 1387 178 1452 mirabili.
225 1387 324 1472 Atque
338 1386 370 1449 in
388 1387 503 1450 illorum
523 1386 711 1450 pronastariis
729 1384 799 1449 nihil
817 1405 875 1449 non
892 1385 1076 1470 praeclarum
1095 1395 1125 1449 ot
1142 1386 1206 1449 esi·

60 1489 132 1552 nium
150 1501 208 1568 est,
232 1489 259 1553 si
276 1491 470 1574 praefractum
490 1489 567 1552 illam
588 1487 801 1552 contumaciam
820 1487 953 1573 excipias
975 1509 1030 1572 qua
1053 1498 1083 1552 ct
1099 1487 1129 1553 in
1148 1485 1207 1552 Pu·

59 1591 143 1656 srhate
160 1591 369 1657 celebrandos
384 1590 531 1656 communi
548 1591 762 1655 eorrsuurtudine
781 1591 953 1670 disceduntq
977 1601 1007 1654 et
1021 1590 1091 1654 illud
1107 1590 1143 1654 de
1157 1589 1206 1654 dei

59 1693 167 1780 imagine
189 1695 314 1780 simplici
339 1696 462 1780 quadam
486 1695 601 1759 ratione
625 1694 876 1779 interpretandum
899 1703 1011 1779 putant.
1185 1697 1187 1702 '

127 1795 185 1862 Sed
200 1797 273 1861 illud
287 1797 408 1882 reliquis
422 1798 558 1863 omnihus
573 1797 609 1861 ad
623 1796 775 1861 horrorem
792 1807 822 1860 et
836 1797 1021 1860 atrocitatem
1036 1795 1130 1860 mains
1144 1806 1204 1876 est,
1219 1819 1340 1889 mva,

60 1901 119 1984 quod
140 1923 204 1964 cum
234 1901 350 1964 aucurino
370 1911 545 1986 prenotatur,
579 1898 695 1964 tametsi
720 1898 852 1964 honestis
869 1909 957 1983 atque
974 1899 1098 1983 integris
1117 1902 1206 1964 mori·

59 2001 101 2066 hus
116 2023 180 2066 esse
197 2003 353 2080 videatur,
388 2007 483 2087 neque
506 2001 658 2088 quicquam
682 2001 786 2066 haheat
802 2003 877 2087 quod
895 2001 936 2065 illi
958 2001 1116 2079 obiiciant,
1146 2023 1205 2066 non

60 2105 145 2190 stupri,
169 2127 231 2170 non
246 2105 394 2184 adulterii,
414 2127 473 2170 non
492 2107 636 2170 avaritiae
653 2103 763 2170 arianen
782 2106 882 2182 ullum,
904 2105 961 2170 nisi
975 2106 1030 2169 hoo
1046 2106 1202 2186 duntaxat,

59 2209 119 2291 quud
137 2208 284 2272 ecelesiae
301 2208 506 2272 communione
521 2209 701 2272 continetur.
748 2205 804 2271 Est
821 2207 876 2272 hou
893 2229 977 2287 vero,
1003 2208 1043 2271 uti
1060 2206 1201 2286 diximus,

59 2309 238 2389 horrendum,
264 2306 501 2376 Christianorum
522 2321 703 2375 commutare
723 2331 848 2390 nomen,
873 2311 921 2395 qni
941 2309 970 2374 in
988 2322 1090 2376 sancta
1108 2311 1205 2374 eaurie-

60 2412 93 2475 sia
108 2425 282 2494 censentur,
308 2433 381 2499 quae
399 2415 462 2480 solo
483 2409 595 2480 Christi
615 2424 647 2477 et
664 2408 898 2479 Christianorum
917 2413 1112 2500 appellatione
1132 2435 1204 2478 oon·

61 2523 123 2578 tenta
142 2515 319 2581 adscititium
345 2537 432 2581 omne
455 2539 560 2582 nomon
583 2515 712 2603 respuit,
744 2537 796 2602 pro
817 2515 885 2596 illo,
916 2515 1052 2602 inquam,
1085 2517 1203 2581 nominc

60 2615 193 2684 lulianus
211 2620 372 2706 appollari,
396 2620 542 2684 coitiones
557 2620 636 2685 iuter
652 2639 685 2683 se
706 2619 819 2698 lacere,
844 2641 878 2683 ao
895 2631 1039 2684 tesseram
1058 2619 1131 2683 meri
1152 2618 1205 2684 ho·

61 2719 129 2785 uinis
147 2723 268 2786 nomine
285 2721 454 2809 inscriptam
473 2721 606 2807 exigere.
654 2719 755 2802 ilaec,
785 2723 915 2808 inquam,
942 2722 1061 2787 minime
1081 2723 1203 2787 lereruda

61 2834 130 2904 suut,
153 2826 288 2911 quamuis
310 2825 418 2910 alioqui
437 2823 646 2909 integerrimos
663 2827 702 2890 sit
721 2823 869 2892 hominnm
889 2825 939 2891 ille
957 2835 1134 2904 conuentus,
1158 2835 1203 2890 at·

61 2945 103 3007 que
122 2930 197 2992 omni
213 2949 250 2994 se
266 2927 411 3015 probitate
429 2928 599 3013 iustitioque
614 2928 755 2993 venditet.
801 2925 875 2994 Post
891 2929 968 2993 illius
985 2949 1059 2992 nero
1076 2940 1200 2992 mortem

60 3028 212 3095 adeuntem
232 3031 312 3094 iilum
329 3041 445 3095 coetum
461 3030 624 3096 adhaesere
637 3030 803 3116 complures
819 3031 962 3117 episcopi,
990 3033 1042 3096 sed
1067 3031 1200 3116 inprimis

61 3123 169 3197 Uranina
190 3135 220 3198 in
240 3131 469 3218 Mesopotamia.
515 3129 595 3216 Quiri
620 3133 708 3198 etiam
731 3153 771 3197 ea
793 3133 855 3220 ipsa
874 3133 995 3198 Gotthia
1017 3133 1072 3198 sihi
1089 3134 1202 3218 aliquot

60 3232 189 3315 adiunxit,
223 3247 255 3300 et
276 3237 431 3323 episcopos
453 3235 617 3300 constitnit.
663 3233 789 3300 Praeter
806 3257 880 3321 qnos
902 3237 991 3300 etiam
1011 3233 1152 3301 Silvanus
1170 3246 1202 3301 et

60 3333 97 3396 alii
116 3337 228 3420 quidam
249 3340 430 3417 extiterunt,
455 3337 592 3423 equibus
609 3337 739 3402 nonnulli
756 3338 863 3402 mortni
881 3350 962 3419 sant,
987 3349 1017 3402 et
1031 3339 1111 3405 inter
1123 3339 1199 3405 alios

61 3431 185 3521 Ursulus,
216 3441 265 3526 qui
290 3461 324 3505 se
347 3441 378 3504 in
403 3441 451 3506 illa
475 3439 558 3505 turha
577 3459 648 3526 prae
670 3440 778 3504 ueteris
803 3440 958 3505 efferebat.
1005 3440 1116 3508 Verum
1133 3455 1201 3531 post

60 3533 144 3605 llranii
171 3565 207 3608 uo
229 3541 354 3629 Syluani
382 3542 412 3607 in
436 3541 558 3608 Gotthia
587 3541 716 3629 episcopi
746 3553 890 3624 mortem,
921 3545 1069 3630 plerisque
1097 3547 1133 3611 ah
1163 3567 1200 3611 oa

62 3641 167 3708 lectione
181 3646 358 3726 abstractis,
390 3646 425 3710 ad
445 3665 555 3732 paucos
574 3645 696 3710 istorum
718 3659 883 3712 conuentus
900 3649 1036 3713 redaotna
1060 3658 1123 3726 est,
1155 3659 1200 3714 ut·

61 3761 103 3824 pn
124 3747 151 3811 in
171 3744 330 3828 Chalcide,
363 3769 437 3832 qnae
460 3749 496 3812 ad
519 3747 708 3814 Antiochiam
732 3751 789 3815 sita
812 3762 876 3831 est,
909 3754 995 3817 etad
1016 3749 1198 3838 Euphratem

61 3849 159 3913 resedit.
204 3848 286 3916 Num
306 3871 323 3914 e
343 3849 464 3917 Gotthia
493 3850 625 3937 plerique
651 3853 726 3939 polsi
750 3863 837 3936 suot,
868 3875 926 3919 una
946 3875 1011 3918 cum
1034 3855 1101 3919 aliis
1118 3875 1198 3918 enm·

63 3949 183 4019 nunionis
206 3967 329 4018 nostrae
346 3951 543 4036 Christianis;
575 3977 640 4019 oum
663 3955 700 4020 ah
721 3977 792 4042 rege
816 3958 939 4042 quodam
966 3958 1068 4042 gentili
1091 3957 1198 4042 ingens

62 4063 125 4115 esset
147 4077 179 4119 ae
202 4056 365 4122 uehemens
387 4059 532 4124 concitata
562 4059 746 4143 persecutio,
780 4081 864 4144 quarn
889 4057 1089 4124 Romanorum
1114 4081 1199 4146 prae·

62 4154 141 4220 sertim
162 4159 230 4224 odio
254 4172 473 4239 commoverat,
506 4161 583 4247 quod
609 4159 761 4228 Romanos
787 4163 980 4248 imperatores
1010 4159 1198 4230 Christianos

63 4271 116 4318 csse
129 4261 256 4341 rideret3
288 4262 365 4327 unde
384 4259 583 4328 Christianum
603 4285 690 4328 omrae
709 4285 814 4330 nomen
838 4263 917 4330 illino
934 4265 1125 4330 exterminari
1144 4289 1198 4331 vo·

63 4351 112 4420 hit.
149 4359 258 4429 Verum
276 4365 363 4430 radix
380 4365 541 4453 sapientiae
556 4376 606 4431 aut
623 4365 690 4431 lidei
707 4378 790 4432 satus
808 4389 866 4434 nou
887 4367 994 4432 delicit.
1039 4367 1081 4434 Et
1096 4392 1198 4455 quam·

63 4523 249 4656 &ductim
282 4535 337 4590 Kal
356 4529 386 4622 uqi
406 4540 470 4622 asp,
496 4543 538 4588 urst
554 4536 599 4622 aqut
631 4554 655 4604 γ.
672 4554 694 4590 τ.
710 4533 759 4604 xp.
774 4535 819 4594 ἀπ’
832 4537 934 4596 dartana
948 4537 1132 4610 dmiratione
1155 4533 1197 4596 ot

65 4623 69 4638 ¹
101 4611 221 4656 ς···--
237 4603 409 4672 hramnus,
424 4603 599 4661 mursrdrrun
633 4604 713 4662 tutuo
728 4609 783 4664 acl.
