3058 5014
329 317 466 370 raanan
483 319 547 370 ure.
557 319 599 370 111.
620 317 701 370 ron.
713 320 733 370 r.
750 317 849 369 unca.
861 317 978 368 oxxvr.
1174 299 1236 366 219

81 447 207 521 atquae
229 438 465 502 commemoratis
490 438 569 502 bisce
588 439 701 504 naturis
723 438 839 514 insunt,
870 446 921 500 aut
941 456 1013 500 casu
1034 434 1158 520 quodam
1176 434 1237 497 lor·

80 539 153 603 tuito
170 539 314 604 accidisse
335 540 486 621 dicautur,
517 551 584 620 ant,
616 542 691 626 quod
710 551 939 604 enarrentaoeom
965 549 1028 616 est,
1060 557 1123 600 earn
1144 536 1236 621 ipsam

80 641 194 726 quidem
214 662 288 726 quae
313 643 373 726 agit
393 641 569 728 ingenitam,
601 664 675 728 quae
697 664 770 707 vero
787 643 895 728 patitur
909 662 943 706 ac
964 649 1092 704 mutatur
1108 637 1236 725 genitam

79 744 268 830 appellemus.

164 849 256 910 XXX.
282 845 315 912 Si
333 848 450 932 genitae
469 859 591 912 naturae
607 869 713 913 caussa
730 858 777 911 est
795 847 944 930 ingenita,
970 844 1130 930 ingenitum
1149 863 1233 921 vcro,

79 950 155 1033 qaod
173 949 343 1034 principiani
361 949 478 1030 dicitur,
497 950 566 1014 nibil
585 952 704 1015 omnino
721 950 771 1026 sit,
791 949 907 1034 quinam
925 961 1021 1035 potest
1035 950 1064 1014 id
1078 951 1153 1033 quod
1166 946 1237 1012 nibil

79 1063 123 1115 est
152 1052 215 1114 eius
237 1052 313 1135 qood
336 1054 506 1138 productum
530 1063 665 1118 estesse
688 1052 881 1137 principium?

163 1155 269 1218 XXXl.
285 1151 318 1218 Si
333 1155 495 1240 ingenitum
512 1156 639 1241 privatio
652 1156 793 1240 quaedam
808 1165 866 1234 est,
884 1163 929 1218 εει
943 1165 1038 1218 autem
1055 1152 1180 1239 priratio
1195 1152 1239 1216 ai·

78 1257 216 1320 lectionis
231 1256 370 1335 amissio,
401 1258 522 1322 amissio
545 1279 633 1342 porro
650 1258 766 1342 penitus
782 1277 799 1320 ε
817 1257 912 1320 medio
929 1255 1057 1336 tollitur,
1082 1256 1176 1319 autin
1195 1253 1238 1318 al·

78 1369 173 1421 terum
193 1371 399 1440 commutatur,
423 1381 548 1444 quonam
574 1370 660 1446 pacto
678 1360 834 1425 affectione
852 1360 899 1422 illa
918 1369 1088 1422 transeunte
1105 1367 1155 1421 aut
1171 1377 1238 1442 pcr-

77 1472 181 1540 cunte,
206 1461 261 1524 boc
279 1473 325 1525 est
342 1461 464 1546 ingeniti
478 1463 696 1548 appellatione,
721 1461 769 1526 dei
787 1462 948 1525 substantia
965 1459 1238 1545 cognominabitur?

162 1565 281 1628 ΧΧΧΙΙ.
307 1560 340 1628 Si
356 1565 516 1650 ingenitum
535 1565 748 1650 privationem,
773 1586 849 1650 quae
864 1566 920 1630 deo
938 1585 995 1628 non
1014 1563 1103 1642 inest,
1127 1561 1238 1646 signiti-
1290 1579 1293 1588 ·

77 1678 135 1748 cat,
161 1688 215 1730 cur
236 1666 397 1750 ingenitum
421 1687 500 1744 esse,
523 1667 653 1752 genitam
676 1689 749 1732 vero
771 1689 829 1732 nou
853 1689 920 1732 esse
943 1667 1086 1730 dicimoal

162 1771 297 1833 XXXlll.
309 1765 343 1834 Si
360 1769 522 1853 ingenitum
541 1769 617 1832 noda
634 1770 664 1833 in
681 1771 736 1834 deo
752 1781 798 1833 est
814 1769 981 1855 appellatio,
1008 1770 1082 1833 adeo
1100 1778 1237 1853 utsupra

78 1881 247 1936 creatarum
262 1892 362 1936 rerum
379 1872 506 1935 omnium
522 1871 718 1938 conditionem
734 1873 797 1937 sol'u
812 1872 1010 1958 pronuntiatio
1029 1871 1155 1937 diviuarn
1170 1870 1239 1934 sub-

76 1973 216 2038 stantiam
232 1975 375 2055 extollat,
399 1995 584 2060 consequens
599 1984 645 2038 cst
659 1974 806 2038 bominum
825 1974 1092 2060 pronuntiationem
1106 1973 1239 2058 omnipo-

77 2076 168 2140 tentis
194 2076 241 2138 dei
255 2075 422 2142 substantia
441 2076 682 2160 praestautiorcm
702 2078 813 2156 rideri,
845 2099 919 2161 quau
942 2076 1057 2161 quidem
1082 2077 1171 2161 ipsam
1195 2077 1239 2138 in·

77 2177 284 2265 temperabilis
307 2178 484 2244 excellentia
506 2178 654 2264 dignitatis
677 2190 815 2243 exornet.

161 2283 296 2344 XXXlV.
310 2277 343 2345 Si
360 2303 424 2346 cum
443 2301 479 2345 co
497 2282 574 2347 omui
592 2282 668 2366 quod
685 2282 815 2366 genitum
833 2296 878 2346 est
893 2281 1039 2368 implicata
1057 2291 1104 2346 est
1119 2291 1150 2344 et
1168 2301 1238 2344 con-

75 2383 176 2446 iuncta
189 2403 311 2448 caussae
328 2383 421 2464 notio,
444 2405 547 2448 caussa
565 2405 638 2448 vero
654 2395 699 2448 est
717 2385 847 2469 ingenita
862 2396 977 2462 natura,
995 2405 1060 2448 com
1077 2382 1237 2468 ingenitum

76 2486 221 2564 dicimus,
247 2507 305 2549 noo
318 2507 451 2552 caussam
466 2487 605 2572 aliquam,
630 2487 681 2550 scd
699 2487 890 2552 substantiam
906 2487 1109 2574 exprimimus.

161 2590 282 2651 XXXV.
307 2585 341 2654 Si
366 2588 502 2674 quicquid
522 2589 693 2674 productum
716 2601 779 2669 cst,
811 2591 848 2655 ab
865 2591 960 2654 altero
983 2591 1154 2675 productum
1179 2599 1237 2665 εει,

76 2691 209 2774 ingenita
234 2711 307 2778 aero
331 2691 498 2777 hypostasis
524 2711 613 2756 occa
634 2713 667 2757 se
686 2692 766 2778 ipsa,
798 2713 853 2756 occ
875 2693 911 2756 ab
939 2693 995 2756 aliu
1016 2694 1157 2778 producta
1179 2701 1237 2770 εει,

74 2792 201 2878 ingeniti
222 2792 367 2858 vocabulo
389 2793 552 2857 substantia
577 2795 640 2879 ipsa
663 2793 845 2879 significetur
866 2806 993 2880 oportet.

159 2897 294 2959 XXXVl.
311 2891 344 2960 Si
364 2895 485 2979 ingeniti
505 2895 680 2974 substantia,
705 2907 841 2983 tauquam
858 2893 974 2975 caussa,
997 2897 1127 2982 ingenita
1148 2897 1240 2983 bypa-

73 2998 165 3061 stasis
186 2997 370 3078 declarator,
398 3017 473 3082 quae
490 3019 560 3082 prae
584 2997 664 3062 omni
681 3021 851 3065 caussarum
875 3021 986 3085 genere
1007 3001 1239 3066 immutabilitate

74 3101 209 3186 praedita
225 3111 288 3178 cst,
313 3100 414 3164 cadem
431 3121 484 3185 per
500 3121 567 3166 sese
586 3101 749 3166 substantia
768 3101 1005 3188 incomparabilis
1024 3115 1081 3180 cst,
1107 3123 1165 3168 nou
1187 3125 1239 3168 re·

72 3201 115 3266 lut
132 3202 323 3267 extrinsecus
341 3203 481 3267 adscitam
499 3203 666 3288 qualitatem
686 3203 765 3269 illam
779 3226 850 3290 prae
870 3226 903 3268 se
921 3207 1036 3282 terens,
1069 3206 1141 3270 nibil
1157 3216 1188 3270 ut
1201 3205 1238 3270 ad

73 3304 168 3390 ipsam
186 3304 280 3390 possit
294 3307 454 3382 accedere,
485 3305 537 3368 sed
552 3305 580 3368 id
597 3325 636 3368 ex
654 3325 722 3370 sese
747 3307 835 3371 babet
851 3308 893 3372 uti
911 3308 982 3372 nihil
1001 3329 1066 3372 uum
1087 3307 1150 3393 ipsa
1167 3329 1247 3396 con-¹

72 3406 165 3486 terri,
192 3408 295 3471 autad
312 3427 376 3471 cam
393 3408 535 3471 accedere
551 3405 655 3490 possit.
704 3405 788 3473 Unda
807 3420 838 3474 et
853 3431 905 3495 per
923 3422 1017 3474 semet
1034 3421 1081 3476 εει
1095 3411 1236 3495 ingenita.

157 3511 307 3572 XXXVll.
332 3506 365 3575 Si
382 3509 567 3594 omnipotens
583 3510 655 3571 deas
673 3520 808 3573 naturam
825 3533 943 3576 omnem
963 3513 1094 3592 excellit,
1119 3534 1155 3590 eo
1173 3515 1237 3600 ipso

69 3611 147 3693 quod
176 3611 326 3695 ingenitus
358 3623 405 3676 εει
430 3611 560 3676 excellit.
616 3609 703 3697 Quae
727 3613 891 3698 proprietas
917 3637 1022 3681 caussa
1050 3627 1097 3680 est
1129 3616 1237 3700 genitis

71 3713 211 3777 omuibus
231 3714 417 3779 stabilitatem
433 3713 686 3798 constantiamque
702 3714 845 3780 tribuens.
893 3714 947 3784 Siu
963 3729 1059 3784 autam
1075 3719 1237 3802 ingenitum

70 3815 267 3880 substantiam
294 3838 352 3881 nou
370 3817 526 3902 exprimit,
559 3836 656 3901 aquo
681 3820 796 3882 taudcnr
816 3821 980 3904 genitarum
1008 3843 1104 3886 rerum
1131 3831 1235 3886 natura

68 3917 198 4004 seipsam
223 3929 254 3982 ot
276 3930 435 3984 conservet
456 3919 599 4006 accipiet?

101 4037 147 4092 68.
163 4039 213 4103 τῆς
234 4041 298 4090 ubcat
312 4041 395 4104 lupo,
418 4055 472 4092 curn
497 4041 542 4090 boc
557 4043 638 4094 ombo-
669 4044 747 4103 prtac.
770 4043 838 4093 trabat
860 4034 1009 4103 atatam,
1035 4044 1072 4094 cd.
1089 4043 1170 4094 Prtur.
1190 4036 1238 4098 οὐκ

67 4121 123 4155 rurn
137 4109 289 4158 dtsttnctr'one
300 4106 345 4160 τοῦ
355 4103 561 4175 παντοκράτορος,
577 4103 637 4162 ὐπο-
672 4108 760 4162 αιτιοι.

69 4171 191 4234 στάσεως
207 4169 354 4242 α’σογκριτῳ
372 4177 424 4228 κτλ.
705 4176 747 4229 7¹2.
766 4171 832 4232 ἀλλὰ
849 4179 920 4240 infru.

100 4241 145 4294 69.
162 4240 207 4296 ris
223 4239 413 4309 παντοκράτορα
429 4246 501 4309 infru.
705 4241 745 4296 73.
765 4243 959 4311 conspicabatur
974 4249 1046 4310 infru
1081 4249 1150 4310 Orod
1165 4263 1236 4312 praa·

100 4308 145 4360 70.
163 4304 273 4372 ἀναίτιος
286 4315 380 4375 reposui·
403 4325 432 4362 aa
448 4315 524 4376 nasot.
562 4315 636 4378 Vutpc
670 4313 792 4376 [mendam
809 4315 911 4364 videtur.

66 4381 131 4428 entur
154 4384 266 4441 rutatum
288 4386 321 4431 εει
344 4379 428 4440 αἴτιος.
462 4384 492 4432 Et
507 4383 636 4434 Comuntur
703 4378 745 4434 il.
762 4383 830 4444 lnlru
846 4375 989 4435 udrccoclc.

65 4450 138 4497 amit
155 4464 255 4498 curmae
269 4465 362 4499 exsors.
703 4449 743 4500 75.
763 4447 947 4516 adamiticam
963 4454 1037 4516 infru.

100 4513 145 4566 71.
164 4511 210 4569 calar
231 4515 315 4570 adalam
335 4519 427 4579 renotat·
449 4532 479 4568 aa
495 4519 589 4582 nasot,
614 4525 635 4569 οι
702 4513 743 4567 76.
763 4511 850 4584 ἐπειδὴ
868 4519 914 4583 (att
929 4523 1012 4587 tepttnr
1025 4524 1091 4586 infru
1105 4525 1131 4574 tn
1144 4523 1236 4587 Restat)

65 4585 137 4636 codd.
160 4600 214 4638 anas.
239 4589 281 4650 qut
302 4587 387 4638 bubum
408 4577 455 4640 οὐκ
478 4583 554 4640 aaut
589 4589 635 4640 Ed.
668 4587 735 4639 codd.
753 4599 809 4638 aaa.
826 4590 928 4654 uterquc.
964 4586 1068 4660 ductori
1094 4593 1151 4646 rdttt
1172 4593 1234 4644 aon.
