3058 5014
310 334 587 406 renuentium.
604 333 970 388 remunerabuntur.
1156 323 1219 389 nte

65 455 172 514 carebo
185 475 275 536 rupru
294 467 400 518 menter
416 457 537 530 arduos,
561 459 601 518 nd
616 457 774 537 aquilonem
787 457 935 517 ascendam
953 475 1041 536 supro
1056 457 1143 518 nubea
1152 503 1161 532 ,
1192 467 1222 518 et

65 576 107 616 em
121 558 225 619 salariis
241 560 396 620 eilt'eeimo:
427 579 502 620 nnne
528 579 594 622 uero
608 561 647 618 ori
661 560 769 640 r'nserm
787 561 951 632 descendes,
985 561 1024 620 od
1030 561 1221 642 fundantem

65 668 154 722 terrm
175 669 234 724 eto.

424 863 601 916 lNCll’lUNT
618 863 708 914 ΔΕΤΗ
728 861 856 914 cartre.

144 963 170 1030 1.
197 963 230 1032 si
248 967 397 1052 ingenitus
415 968 487 1031 deus
503 978 601 1054 potest
616 965 691 1051 quoti
710 963 840 1049 genitum
858 977 901 1030 εει
925 966 1084 1050 ingenitum
1107 967 1217 1032 lacere.

145 1067 267 1136 Conlut.
291 1069 314 1134 l.
352 1068 488 1156 inprimis
512 1089 580 1132 esse
611 1069 717 1153 aliquid
745 1068 820 1152 qrrorl
853 1070 924 1132 dens
957 1071 1055 1132 lacere
1079 1081 1217 1154 nequent,

60 1171 176 1256 impium
197 1183 243 1237 est
265 1173 408 1259 rogitare.
445 1170 482 1236 Et
497 1171 611 1256 quidem
629 1171 735 1254 aliqnirl
752 1183 797 1234 est
813 1171 957 1234 duntaxat
972 1172 1047 1255 quod
1064 1173 1147 1235 ‹leurn
1165 1173 1218 1234 mi·

61 1276 134 1339 aime
152 1275 273 1357 deoeat3
299 1297 357 1339 non
375 1276 450 1360 qnod
469 1276 503 1338 ad
522 1274 590 1356 illud
617 1273 780 1336 iacientium
800 1274 872 1339 ειιῑε
891 1274 995 1337 virium
1021 1295 1078 1336 non
1097 1273 1215 1351 lrabeat,

60 1378 107 1441 serl
127 1378 205 1462 quod
225 1378 352 1458 orobitin,
376 1379 458 1442 verbi
473 1378 585 1462 gratia,
610 1378 707 1454 deum,
732 1376 778 1439 eui
799 1376 868 1439 nibil
886 1375 1065 1462 impossibile
1082 1388 1139 1453 εει,
1164 1375 1217 1440 mi·

60 1481 135 1545 nime
160 1481 281 1560 debeata
314 1481 442 1565 eoquod
460 1481 566 1542 melum
590 1499 676 1542 omne
699 1478 815 1542 livinae
842 1478 919 1542 illius
937 1500 972 1542 ae
998 1480 1218 1566 potentissimae

59 1583 193 1663 bonitati,
218 1582 331 1668 ipsique
354 1584 428 1646 adeo
450 1582 498 1666 qni
523 1581 617 1644 bonus
641 1591 685 1644 est
708 1579 886 1666 impossibile
909 1580 958 1644 sit.

138 1683 320 1764 Praeterea,
344 1683 461 1769 siquod
480 1685 586 1747 laetum
602 1703 637 1746 ee
653 1683 782 1768 genitum
801 1695 847 1746 est
862 1683 1022 1767 ingenitum
1039 1684 1120 1746 reddi
1140 1686 1217 1749 laeto

58 1788 118 1874 ipso
138 1789 248 1852 berorum
268 1787 409 1851 indiceret
428 1787 518 1864 deus,
547 1771 645 1870 'neque
670 1795 766 1848 tannen
784 1783 861 1848 istnd
880 1785 949 1848 boni
975 1785 1050 1849 bene
1074 1786 1216 1872 perimere

58 1901 173 1975 posset,
207 1900 265 1953 tum
290 1891 404 1954 demum
431 1899 604 1974 praepotens
622 1887 669 1950 ille
685 1888 756 1951 deus
779 1886 894 1950 viribus
912 1888 1069 1952 destitutus
1088 1910 1156 1954 esse
1173 1889 1217 1954 ri·

59 1993 194 2071 deretur3
229 1993 277 2075 qni
293 1994 368 2076 qnod
393 1991 591 2076 praestantius
608 2000 654 2053 εει
670 1989 765 2053 moliri
782 1989 902 2075 cupiens
921 2011 1100 2074 nequaquem
1118 2003 1217 2077 posset

57 2094 187 2179 amequi.
233 2092 345 2158 Verum
373 2115 438 2158 eum
464 2105 494 2156 et
519 2095 594 2177 quod
620 2093 780 2176 ingenitum
803 2104 849 2155 est
875 2093 983 2156 bonnm
1006 2094 1061 2169 sit,
1093 2103 1123 2155 et
1139 2094 1215 2178 quel

57 2197 185 2280 genitum
204 2204 251 2260 εει
267 2218 321 2260 suo
341 2196 371 2259 iu
390 2196 493 2260 ordine
512 2195 586 2259 bene
607 2195 646 2258 εῑι
661 2194 810 2279 genitum,
835 2197 970 2279 quoniam
986 2195 1151 2278 genitarum
1169 2217 1217 2259 re·

57 2321 116 2362 rom
141 2299 273 2362 conditio
293 2299 370 2364 bone
387 2309 434 2362 εει
447 2309 477 2361 ει
493 2319 509 2360 a
525 2298 602 2360 bono
619 2298 675 2361 deo
693 2299 840 2383 proiecta,
872 2318 928 2360 ueo
944 2297 1031 2361 aliter
1049 2300 1135 2360 abeo
1152 2298 1215 2382 ipso

56 2400 217 2480 iudicatur,
242 2421 388 2486 nunqnam
405 2401 455 2464 ille
471 2401 546 2485 quorl
563 2401 712 2487 praeolure
729 2401 858 2486 genitum
875 2411 919 2463 εει
936 2399 1098 2484 ingenitum
1117 2402 1215 2465 lucere

55 2505 148 2585 rolet3
174 2504 407 2589 quandoquidem
423 2503 462 2567 ita
476 2524 510 2567 se
528 2524 589 2566 rem
606 2503 715 2567 trabere
732 2503 838 2567 borrrnn
854 2523 924 2566 osse
938 2503 1013 2566 ilem
1028 2503 1077 2567 ille
1095 2524 1214 2589 persna-

55 2626 115 2670 mm
142 2606 243 2670 babet.
295 2604 494 2689 Quamobrem
527 2627 592 2670 eum
616 2606 684 2669 boui
710 2607 839 2671 conditio
862 2607 1049 2670 nullomodo
1072 2617 1212 2684 minetur,

53 2719 108 2772 boa
127 2707 206 2794 quel
224 2708 309 2773 itini
327 2709 576 2794 impossibilem,
610 2709 660 2772 sel
681 2709 756 2793 quod
774 2710 850 2774 bene
869 2710 905 2772 ad
924 2729 989 2772 eum
1009 2711 1124 2773 modum
1143 2732 1213 2772 roa·

52 2811 152 2875 rtitnta
171 2811 228 2891 sit,
260 2809 354 2876 bouus
370 2813 469 2896 ntique
487 2814 580 2876 laetus
595 2831 612 2875 a
626 2811 705 2874 nullo
722 2812 794 2876 lene
811 2823 875 2891 εει,
910 2811 984 2874 bona
1001 2811 1113 2890 itidem,
1138 2832 1213 2896 qnae

52 2913 85 2976 ab
100 2935 139 2977 eo
156 2925 228 2978 ειιιιι
244 2914 273 2978 iu
290 2913 393 2978 ordine
410 2935 464 2978 suo
484 2916 571 2994 laeta,
596 2914 710 2977 tametsi
726 2912 849 2998 ingeniti
865 2913 1060 2999 appellatione
1078 2925 1210 2979 careant.

51 3011 118 3081 Non
138 3015 218 3079 enim
239 3026 354 3080 oreatus
372 3018 442 3080 deos
461 3017 606 3096 condidit,
630 3027 660 3078 ut
676 3016 798 3080 alterum
818 3038 882 3079 eura
901 3015 995 3078 altero
1013 3029 1211 3102 eorrrparatnm

52 3119 248 3202 appellatione
262 3118 324 3203 ipsa
339 3119 502 3204 superioris
518 3140 606 3204 supra
622 3118 791 3182 inferiorem
809 3119 1026 3197 excellentiam,
1044 3140 1119 3204 quae
1134 3120 1211 3182 nulla

51 3221 247 3305 appellatione
274 3221 480 3307 eomprebernli
507 3231 619 3307 potest,
652 3221 792 3284 obscuret
817 3232 847 3285 ει
872 3221 1039 3304 extinguat.
1084 3219 1163 3285 Nam
1186 3223 1211 3286 ei

51 3323 120 3387 deus
138 3323 217 3387 alter
234 3343 250 3386 e
270 3324 348 3386 nullo
367 3325 460 3387 laetus
479 3324 554 3386 alter
570 3324 662 3388 laetus
682 3335 740 3401 eet,
765 3345 829 3387 cum
846 3324 922 3387 ιιιιΙΙιι
940 3323 980 3387 sit
998 3323 1076 3387 inter
1091 3335 1212 3388 naturae

50 3425 236 3506 eommunia,
270 3425 332 3488 lieri
362 3447 420 3490 non
454 3436 551 3512 potest
579 3435 611 3488 ut
632 3427 791 3490 seeundum
820 3436 953 3489 naturam
985 3426 1111 3490 nourinis
1135 3427 1212 3492 illius

51 3527 223 3612 lignitatem
239 3549 420 3594 communem
438 3529 561 3608 babeat,
585 3529 640 3592 nisi
660 3529 736 3591 lorte
754 3528 897 3592 abusione
914 3530 1035 3614 quadam
1056 3540 1085 3592 et
1103 3530 1210 3614 gratia,

51 3629 103 3693 boo
120 3641 168 3694 εει
186 3631 407 3718 participatione
425 3631 565 3716 quadam,
590 3630 652 3694 lieri
671 3629 783 3694 dicatur
800 3642 830 3694 ιιι
848 3632 989 3694 eiusmodi
1006 3631 1148 3695 beaelioio
1168 3634 1212 3694 iu-

52 3732 192 3798 leriorem
219 3734 301 3798 dives
325 3734 442 3799 afficiar.
487 3732 565 3798 Nam
591 3733 641 3797 ille
664 3733 780 3817 qnidam
799 3733 854 3797 sibi
879 3757 1026 3820 antiquam
1048 3733 1211 3820 superioris

51 3855 158 3900 nomen
172 3836 356 3922 imposuerit,
382 3846 413 3900 ut
429 3835 477 3921 qui
493 3857 525 3900 ee
543 3836 578 3898 ab
595 3835 644 3900 illa
661 3848 783 3902 naturae
800 3837 941 3922 lignitate
957 3837 1211 3923 appellationeque

51 3935 178 4002 alienum
197 3960 318 4024 prorsus
336 3938 489 4022 intelligat.
537 3934 722 4018 Saneillud,
754 3940 880 4020 oleti,
914 3940 1019 4002 merito
1038 3939 1087 4002 tibi
1106 3938 1211 4023 aliquis
1299 3967 1304 3993 ι

49 4040 211 4121 obiecerit,
235 4047 312 4104 Dens
326 4053 390 4105 erne
402 4043 527 4121 verbum,
552 4063 659 4127 neque,
685 4039 815 4106 Verbum
832 4043 903 4106 deus
922 4046 1027 4106 laelium
1044 4053 1100 4106 est.
1135 4040 1209 4125 Qni-
1222 4061 1363 4119 remant.

51 4161 114 4205 nam
147 4165 221 4208 vero
249 4145 460 4208 nobilissimam
489 4145 711 4230 appellationem
735 4156 839 4208 nature
868 4145 922 4208 sibi
945 4143 1121 4222 vindieabit,
1161 4156 1212 4209 ent

50 4246 224 4330 aequabitur
243 4247 338 4332 petri,
371 4246 396 4310 εἰ
415 4247 481 4332 quid
500 4249 534 4308 ad
553 4242 664 4311 Christi
684 4246 854 4330 dignitatem
872 4247 1052 4312 arcesserit?
1097 4249 1159 4312 Αιιι
1178 4249 1212 4312 il·

15 4373 22 4389 ¹
48 4344 94 4412 lml
119 4370 245 4434 quanam
269 4349 384 4414 ratione
407 4347 549 4435 amputari
574 4347 697 4433 poterit,
720 4353 797 4412 Deua
818 4363 896 4425 eret,
930 4372 994 4414 oum
1018 4373 1097 4433 vox,
1120 4355 1205 4428 Erat,

81 4519 106 4570 3.
126 4515 246 4586 α’γιεειας
262 4523 300 4572 ed.
316 4524 391 4584 palae

79 4585 103 4643 i.
123 4587 178 4642 τῶν
196 4593 280 4642 nutum
300 4595 333 4642 ert
352 4591 389 4642 nt.
413 4591 496 4643 Puteo.
519 4591 688 4653 columma.
