3072 5002
311 281 452 336 osunen
469 284 531 336 ern.
549 285 594 336 uu.
610 283 694 337 nona
708 285 729 336 1.
746 283 847 336 nean.
861 283 983 336 cxxiv.
1166 273 1223 336 151

70 399 149 464 colae
172 400 360 485 propaginem
384 403 536 486 capientes
564 413 625 468 tcto
651 402 722 467 orbo
745 413 929 489 sparserunt.
977 401 1104 467 Veteres
1128 414 1225 468 autem

70 501 194 566 cultores
209 503 340 568 cunisam
356 515 459 589 suapte
475 505 592 589 perfidia
610 505 811 590 profligarunt.
858 503 911 570 iiie
925 516 1031 590 gentes
1048 527 1101 568 suc
1119 525 1225 570 cruore

68 605 244 684 sanctificat,
275 605 325 671 iiie
343 627 395 692 per
418 606 551 693 spiritum
576 619 709 672 sanctum
733 629 806 691 quos
825 608 944 674 uocauit
965 609 1000 670 ed
1019 627 1141 692 regnum
1158 629 1226 671 coe·

66 707 136 770 leste
152 706 296 792 perducit.
343 707 424 774 Sene
448 715 614 792 quicumque
635 715 725 791 aprum
738 723 868 790 aguntur
888 699 1009 792 spectu,
1034 709 1089 772 deo
1107 709 1162 794 ipsi
1180 711 1224 773 vi·
1239 733 1334 792 ms,
1348 702 1381 780 uf

67 819 145 874 runt.
193 806 379 896 Quicumque
394 833 466 879 vero
480 833 538 875 non
556 822 694 896 aguntur,
718 812 804 876 morti
817 812 910 876 adbuc
925 811 1055 876 attributi
1070 811 1225 893 animales,

66 912 110 975 uei
132 913 270 978 ceroeios
296 914 392 999 potius
421 913 617 1000 appellentur.
667 910 796 978 Proinde
819 915 916 978 cernis
947 913 1094 997 extinguit
1123 935 1225 999 opera,

65 1034 136 1098 quac
152 1015 364 1080 munimentum
383 1018 526 1101 quotidem
546 1028 593 1080 est
610 1016 742 1102 peccati,
774 1027 804 1079 ot
823 1017 954 1080 membra
970 1017 1074 1080 mertis
1089 1035 1141 1080 sue
1158 1036 1227 1100 gra·

65 1117 101 1179 tia
123 1118 294 1183 mortificat.
341 1117 420 1184 idem
448 1120 584 1204 accipere
607 1119 740 1204 spiritum
772 1129 924 1196 sanetum,
959 1139 1017 1202 quo
1040 1118 1225 1198 carebamus,
1316 1165 1321 1176 ,

65 1216 204 1304 imperet,
228 1221 276 1304 qui
294 1243 341 1286 me
356 1223 467 1306 pridem
483 1231 618 1286 enectum
638 1221 791 1285 revocarit
806 1220 841 1284 ed
858 1221 968 1298 vitam,
1002 1241 1087 1304 quem
1107 1220 1162 1284 nisi
1180 1241 1227 1284 re-

65 1341 184 1405 cepero,
208 1323 332 1387 subinde
351 1324 472 1389 moriar.
517 1321 595 1387 Nem
613 1322 722 1407 absque
741 1323 804 1387 eius
821 1322 927 1408 spiritu
947 1321 1069 1407 quilibet
1086 1333 1132 1387 cet
1148 1344 1228 1386 mor·

66 1433 138 1487 tuus.
189 1428 271 1503 Quod
290 1431 320 1487 m'
337 1430 456 1507 aperitur
478 1431 539 1488 eius
555 1431 585 1488 in
600 1427 681 1488 noba‘r
701 1436 759 1500 ert,
794 1430 846 1507 qui
865 1430 1003 1488 excitauit
1020 1428 1101 1487 illurn
1117 1447 1225 1488 aneor-
1234 1436 1379 1496 mensu.

65 1531 131 1600 aut,
157 1529 317 1608 mufficobai
328 1531 461 1592 mortalia
476 1550 597 1609 corpom
616 1539 715 1590 nmero
727 1550 783 1608 per
800 1529 1003 1590 inhabitantem
1018 1533 1149 1610 spiritum
1165 1532 1227 1589 erite

65 1630 197 1691 unnim.
246 1627 358 1694 Verum
375 1631 461 1695 arobo
476 1631 506 1694 in
522 1630 612 1709 iusto,
636 1641 668 1694 ut
683 1629 805 1715 opinor,
829 1629 972 1710 habitant,
997 1626 1135 1695 Christus
1148 1629 1227 1694 eius·

64 1751 115 1812 que
134 1731 274 1816 spiritus.

145 1831 210 1896 iem
228 1855 301 1898 rere
316 1853 382 1898 enm
402 1830 539 1899 Christus
560 1856 577 1898 e
598 1844 681 1921 petre
700 1836 868 1920 proiectus,
893 1835 965 1899 deus
984 1833 1122 1898 videlicet
1136 1853 1153 1895 a
1168 1833 1223 1896 deo
1244 1835 1304 1905 cap.
1320 1840 1361 1892 tv.

65 1935 219 2012 credetur,
244 1947 272 1999 et
289 1936 334 1999 dei
350 1936 470 2021 spiritus
487 1959 506 2002 e
523 1933 661 2016 Christo,
697 1947 795 2022 utpote
812 1938 861 2022 qui
877 1937 913 2000 eb
931 1947 1055 2019 utroque
1073 1935 1225 2020 procedite

64 2035 88 2099 it
108 2039 186 2122 quod
204 2035 342 2102 Christus
360 2039 423 2124 ipse
443 2049 586 2104 testatore
619 2043 961 2122 (tur'upotreprocedr't,
992 2037 1102 2122 iuquit,
1135 2040 1225 2098 ethic
1243 2039 1321 2084 tumn.

64 2143 93 2202 de
106 2164 165 2204 rnen
186 2146 323 2222 accipiet,-
348 2163 472 2226 cumque
493 2139 630 2207 Christus
651 2141 790 2225 espiritu
813 2152 915 2206 sancto
936 2149 1022 2204 uetus
1047 2139 1097 2202 sit.
1144 2141 1226 2218 Quod
1249 2093 1282 2190 ⁸1²⁵
1283 2094 1365 2200 ’¹3⁸'st

64 2248 130 2306 nm
153 2249 185 2306 r‘n
209 2249 271 2325 peso
291 2255 336 2306 est
354 2247 390 2306 de
406 2249 511 2325 spirutu
534 2257 632 2308 anneto
651 2255 748 2306 notun
770 2255 828 2318 ert,
863 2252 894 2307 ut
908 2239 1004 2326 angeli
1023 2239 1121 2304 verbis
1137 2251 1221 2318 uturp
1262 2195 1347 2303 puppe

65 2344 235 2428 mysterium
249 2347 318 2410 iilud
337 2367 390 2430 per
404 2347 481 2430 quod
501 2367 564 2410 sum
583 2346 769 2431 redemptus,
794 2346 849 2409 tide
862 2355 947 2430 etque
965 2343 1065 2408 auditu
1082 2342 1227 2406 duntaxat

65 2444 211 2531 intelligo,
237 2459 295 2512 turo
314 2468 416 2512 aurore
431 2468 503 2530 erga
518 2449 596 2512 iilum
613 2469 648 2512 ac
666 2447 872 2514 benevolentia
888 2447 936 2532 qui
950 2447 986 2511 ad
1004 2466 1049 2510 me
1068 2465 1160 2530 usque
1175 2445 1227 2508 de-

66 2551 187 2612 scendit.
234 2547 319 2616 Deus
345 2549 422 2613 enim
449 2549 576 2635 seipsum
601 2549 771 2634 cognoscit3
807 2545 944 2614 Christus
967 2567 1035 2612 seso
1060 2546 1224 2634 praedicat,

66 2650 182 2734 spiritus
200 2663 321 2718 sauctus
337 2651 462 2736 denique
482 2652 610 2737 seipsum
630 2651 668 2716 iis
690 2651 740 2737 qui
756 2651 835 2738 digni
851 2661 921 2716 sunt
942 2651 1082 2715 ostendit.
1128 2646 1224 2713 Porro

66 2753 154 2818 meris
178 2755 211 2818 iu
238 2753 332 2818 literis
357 2754 489 2818 nuntiata
511 2752 596 2819 uobis
616 2764 664 2819 est
680 2754 806 2840 fideique
828 2763 948 2818 nostrae
971 2751 1121 2839 proposita
1140 2750 1225 2814 trini·

67 2865 122 2934 tas3
145 2857 178 2920 io
199 2855 344 2939 qna-nini!
364 2856 514 2920 curiosum
534 2856 836 2934 est,oootentiosum
853 2855 942 2934 nihii,
967 2876 1051 2940 quem
1068 2876 1109 2918 ex
1126 2853 1225 2919 audita

68 2967 177 3022 tessera
202 2958 395 3043 symbolcque
417 2957 517 3022 didici.
562 2955 677 3045 Quippe
703 2979 743 3024 ex
760 2960 823 3044 ipsa
847 2959 902 3024 tide
923 2958 1037 3042 gratioe
1057 2957 1156 3037 salus,
1188 2979 1378 3092 mesaspus

60 3061 262 3138 fiderirrtr‘a‘u,
286 3067 361 3124 citra
378 3064 451 3140 legat
467 3081 569 3140 opero,
604 3063 644 3125 uti
662 3061 802 3147 scriptum
820 3073 883 3139 est,
915 3082 956 3125 ex
976 3060 1059 3140 fidei,
1092 3033 1319 3145 inquam,⁰'⁰⁸¹'
1346 3032 1380 3078 ¹⁶¹

67 3163 160 3228 auditu
180 3162 219 3226 iis
234 3162 283 3246 qui
300 3163 425 3228 satutem
442 3161 576 3226 obtinent
591 3162 713 3248 spiritus
729 3161 840 3228 Christi
855 3163 1037 3228 conceditur.
1084 3157 1225 3226 Ceterum

67 3276 203 3346 quantum
221 3264 464 3351 escriptnrerum
484 3264 636 3349 discipline
650 3265 781 3330 indicere
798 3287 934 3351 possum,
958 3264 1106 3350 generalis
1125 3263 1175 3327 ilie
1192 3264 1226 3328 u-

69 3367 115 3432 dos
131 3387 313 3453 praeconum
331 3367 452 3432 vocibus
468 3366 634 3430 declaretur
650 3366 811 3432 eiusmodiz
846 3366 921 3432 Tria
941 3377 1145 3446 senescente,
1169 3367 1227 3430 trie

69 3468 150 3534 simol
176 3480 301 3548 sancta,
335 3471 392 3534 trie
423 3469 598 3548 existentia,
634 3469 690 3534 tria
716 3469 803 3534 simui
826 3469 1004 3549 existentis,
1043 3469 1099 3534 trie
1131 3471 1227 3534 forme

70 3572 216 3653 prendite,
250 3572 308 3635 tria
333 3572 455 3636 ceredam
480 3573 602 3636 formem
626 3572 781 3651 habentia,
817 3572 872 3636 tria
890 3573 1035 3648 efficacis,
1068 3572 1123 3638 tria
1141 3571 1229 3636 simul

69 3672 237 3751 efficientis,
261 3673 318 3737 tria
334 3673 537 3752 subsistentia,
562 3675 618 3738 trie
632 3675 717 3740 simui
734 3675 942 3756 subsistentia,
966 3686 996 3740 et
1011 3674 1138 3739 invicem
1154 3693 1225 3735 oon·

70 3773 173 3839 iuncta.
220 3775 321 3860 Atque
336 3796 371 3840 ea
389 3776 504 3840 demum
524 3787 627 3840 sancta
641 3778 757 3844 trinitus
774 3778 938 3865 eppeiintur
951 3776 982 3842 io
999 3797 1055 3863 qua
1071 3775 1126 3840 trie
1142 3784 1222 3854 sont,

71 3909 129 3962 tamt
148 3915 214 3964 anina
233 3925 310 3963 manu
331 3915 425 3964 murata·
441 3918 463 3964 et
479 3913 534 3964 adit.
554 3915 629 3977 princ
699 3915 737 3969 17.
756 3913 808 3983 ἐγώ
825 3918 876 3967 cod.
894 3916 993 3978 fltudr'p.

71 3977 145 4030 uu...
161 3975 327 4064 §septumo
343 3976 506 4040 ueneram.
699 3999 738 4052 rs.
758 3999 901 4068 erenum
924 4001 1024 4062 respa,
1048 4011 1103 4048 eun
1122 3998 1227 4050 mm

102 4049 137 4097 ¹¹·
154 4064 240 4114 Μης
257 4051 340 4100 dm·
662 4069 731 4119 codd.
745 4084 800 4120 msa.
814 4075 836 4120 at
850 4071 885 4119 ed.
897 4071 972 4131 prtnc.
988 4063 1120 4150 dprrpnarc
1133 4067 1218 4118 bobun

103 4131 137 4181 tu.
153 4130 251 4198 ταύτης
264 4129 445 4200 probissimi:
459 4136 528 4186 bcbct
542 4136 627 4186 ducor.
662 4139 773 4188 Pctcur'ur
796 4138 869 4187 actcu
894 4130 1018 4200 drepana.
1060 4136 1087 4184 ln
1110 4104 1230 4186 decorato

103 4198 139 4250 13.
156 4197 236 4268 ἔργων
254 4216 300 4250 orn
318 4207 400 4253 anem.
661 4205 824 4255 medeantur
839 4207 912 4254 uerbo
925 4201 982 4268 τρία
997 4229 1013 4240 -
1024 4227 1041 4240 -
1056 4197 1222 4271 madescens.

104 4281 138 4334 u.
172 4282 295 4340 baddebari
321 4287 375 4336 cdd.
397 4290 473 4349 princ.
501 4293 523 4340 et
545 4287 627 4342 aueo.
698 4289 736 4342 19.
759 4291 832 4340 Verbo
852 4287 909 4356 τρία
930 4283 1106 4344 corundunam
1120 4303 1168 4340 non
1181 4289 1225 4344 bu·

72 4351 161 4404 Paccio
176 4355 301 4404 musceto
317 4353 425 4408 biberes
663 4361 698 4410 tat
714 4360 796 4409 decer.

108 4437 142 4486 15.
159 4435 237 4504 πιστή
257 4441 341 4490 decor.
696 4441 737 4498 20.
754 4437 773 4512 ri
790 4437 852 4515 ἁγία
868 4445 951 4496 decor.

110 4519 144 4571 16.
161 4519 234 4592 pacari
253 4525 336 4576 decor.
