3060 5026
295 259 433 314 chutun
451 259 516 310 Lttt.
526 261 570 310 ttt.
588 257 672 310 ΤΟΜ.
685 261 715 310 ll.
734 257 833 310 aaut.
845 259 989 308 Lxxvut.
1157 247 1220 306 415

66 380 137 464 quod
153 377 250 446 Marci
269 401 305 444 ac
322 377 441 445 loannis
461 380 614 464 evangelia
631 379 793 444 declarant.
839 375 958 441 Primus
976 397 1016 440 ex
1032 375 1111 440 nmrti
1128 375 1219 458 stirpe

65 493 148 548 natus
163 484 203 547 illi
222 481 298 547 filins
316 492 362 546 est
381 479 521 560 lacobus,
557 493 754 566 cognomento
775 483 872 542 ottus
896 481 986 562 (quod
1006 499 1138 553 murum,
1173 478 1219 542 ccl

64 586 212 648 castellnm
230 585 417 668 interpretari
435 585 532 665 licet),
565 583 613 667 qui
631 593 661 646 et
677 580 775 648 lustus
792 582 956 666 appellatus
978 592 1042 658 est,
1074 591 1106 644 et
1120 577 1222 644 Naza-

64 689 238 765 neustrie,
271 688 347 770 quod
375 686 548 750 vocabulum
570 683 712 750 Sanctum
734 685 892 768 siguificat.
941 681 1020 747 ldem
1044 683 1221 767 illeprimus

64 788 259 872 episcopalem
281 789 447 852 cathedram
473 789 567 873 cepit,
601 810 664 851 cunr
689 789 715 850 ei
739 797 807 850 atate
833 796 950 851 ceteros
969 806 1072 848 nosces
1091 807 1175 850 suum
1193 785 1221 848 iu

62 890 150 954 terris
176 890 311 956 thronum
329 891 464 956 domiuus
487 890 666 954 tradidisset.
716 886 773 971 Qui
797 889 913 971 quidem
937 893 1045 950 doorrhi
1055 891 1157 970 frater
1176 898 1222 950 est

62 993 152 1076 vulgo
177 994 355 1058 nominatus.
403 990 518 1075 Quibus
537 992 673 1056 omnihus
697 991 892 1075 adstipulatur
914 992 1063 1077 apostolus
1086 991 1131 1054 his
1155 1011 1221 1054 ver·

60 1093 126 1174 his,
156 1100 255 1158 Attum
277 1107 369 1158 autern
392 1119 429 1156 es
449 1099 584 1175 apostolas
606 1099 667 1156 vr'da'
685 1099 838 1167 rremriaem,
870 1099 929 1154 nasi
948 1095 1079 1156 Incolunt
1097 1096 1218 1174 lintrem
1232 1105 1285 1150 unt.
1299 1107 1360 1158 nte.

59 1201 168 1260 comni
187 1208 245 1261 eto.
294 1195 404 1261 Verum
426 1197 535 1260 domini
557 1197 605 1260 ille
629 1198 722 1260 lrater
742 1197 779 1261 oh
796 1215 979 1260 communem
1004 1196 1220 1274 educationem,

59 1319 120 1361 uon
141 1309 263 1376 natura,
295 1297 458 1383 sedgratia
479 1310 612 1362 vocatur.
658 1297 736 1362 Nam
757 1297 855 1362 Maria
874 1295 1082 1383 cumlosepho
1100 1299 1223 1362 coniun-

61 1411 109 1464 cta
129 1401 184 1463 viri
202 1421 279 1466 uxor
295 1421 362 1465 esse
378 1401 548 1478 videbatur,
572 1422 637 1464 cum
656 1401 764 1472 nullum
778 1401 857 1464 iuter
873 1401 954 1484 ipsos
970 1422 1125 1486 corporum
1143 1421 1222 1462 cont-

61 1503 204 1568 mercium
233 1504 404 1567 interesset.
457 1501 507 1567 Ex
533 1523 590 1588 quo
618 1503 666 1566 itta
694 1501 808 1586 losephi
834 1503 957 1567 liliorum
981 1525 1047 1566 cum
1073 1501 1221 1566 salvatore

64 1604 292 1690 propinquitatis
313 1605 436 1670 affinitas
457 1617 504 1668 est
521 1615 605 1682 nata,
639 1626 714 1688 qnae
741 1607 901 1669 fraternam
921 1604 1144 1690 appellationem
1170 1605 1222 1668 oh·

63 1707 190 1786 tineent,
216 1707 263 1771 vel
283 1729 316 1770 ea
336 1708 434 1792 potius
451 1707 669 1772 necessitudine
689 1718 874 1771 censeretur.
923 1705 962 1771 Ut
981 1708 1057 1770 enirn
1079 1704 1221 1793 Iosephus

57 1809 144 1893 ipse,
175 1809 246 1873 licet
265 1809 336 1873 nihil
362 1810 482 1874 haberet
509 1831 574 1873 cum
598 1809 755 1873 salvatoris
782 1810 943 1873 secundum
970 1831 1087 1874 caruem
1107 1811 1222 1894 origine

57 1933 233 1992 commune,
258 1924 338 1976 certa
361 1923 457 1976 tamen
475 1912 679 1996 providentiae
697 1912 812 1976 ratione
829 1913 895 1976 loco
914 1913 1005 1996 patris
1023 1923 1068 1976 est
1086 1912 1220 1990 latirus,

57 2015 303 2098 quemadmodum
330 2013 643 2098 Lucas'erangelista
670 2016 705 2077 de
725 2015 875 2078 salvatore
903 2015 966 2098 ipso
992 2025 1133 2094 testatur,
1167 2019 1362 2094 (triuncem.

55 2129 138 2191 erut,
173 2117 283 2200 inquit,
306 2120 412 2198 filaus,
447 2130 479 2178 ut
495 2119 676 2192 credebatur,
696 2120 820 2197 ,loseph
869 2114 929 2180 Sed
948 2127 978 2180 et
993 2113 1090 2179 Maria
1106 2117 1169 2201 ipsa
1188 2118 1217 2180 it·

54 2219 115 2282 lum
144 2219 297 2303 alloquens
320 2219 349 2282 iu
373 2220 527 2303 erarrgelio
547 2217 649 2283 Lucae
670 2220 747 2282 idem
772 2219 898 2297 asserit,
930 2223 1005 2280 Ecce
1026 2241 1079 2298 ogo
1096 2231 1124 2282 et
1134 2231 1221 2300 puter
1241 2235 1308 2293 tue,
1321 2238 1353 2281 rs.

57 2334 126 2383 tuus
148 2325 275 2384 delentes
296 2324 499 2402 quaerehamus
518 2334 555 2383 te.
604 2319 679 2404 Quis
698 2321 788 2406 igitur
807 2319 962 2406 losephum
982 2321 1090 2384 domiui
1109 2333 1219 2407 patrem

56 2425 169 2488 audeat
184 2423 302 2502 dicere,
335 2445 474 2508 quocum
495 2425 602 2488 nnllam
619 2424 772 2510 principii,
804 2434 853 2487 aut
871 2443 995 2488 caussae
1011 2423 1154 2488 rationem
1172 2425 1222 2488 ha·

54 2526 166 2606 hehet,
197 2547 263 2590 cunr
280 2527 445 2592 incarnatio
463 2527 526 2613 ipsa
542 2527 607 2590 siue
625 2526 703 2589 virili
722 2526 836 2590 semine
853 2527 984 2610 perlecta
1004 2526 1221 2592 administrata-

56 2649 117 2712 que
139 2629 250 2692 luerit?
295 2627 375 2708 Sed,
408 2631 483 2713 quod
502 2629 703 2714 providentiae
719 2629 795 2704 ratio
813 2629 994 2713 postulabat,
1020 2650 1054 2692 ea
1072 2630 1160 2694 rehus
1177 2641 1223 2694 est

51 2753 125 2796 sors
150 2743 238 2816 atque
261 2732 390 2795 conditio
414 2732 533 2796 tributa.

144 2831 250 2898 Redeo
267 2837 302 2896 ad
323 2831 459 2898 lacohum
475 2835 573 2914 illum,
597 2855 681 2919 quem
699 2831 841 2919 Iosephus
858 2855 952 2898 annos
971 2835 1035 2919 plus
1053 2835 1148 2900 minus
1168 2857 1220 2900 na·
1238 2847 1298 2916 Gap.
1310 2850 1376 2900 Vttt.

52 2947 103 3000 tus
118 2933 182 2998 XL
198 2936 310 3019 genuit.
358 2935 431 3000 Post
454 2937 619 3002 huncalins
638 2938 664 2999 ci
683 2936 759 3000 lilius
784 2937 933 3014 nascitur,
964 2937 1010 3000 cui
1029 2934 1095 3000 lose
1113 2960 1221 3030 nomen

54 3037 125 3100 luit.
175 3037 243 3100 lude
263 3035 394 3123 Symeon
418 3037 575 3118 asindae,
608 3040 683 3102 filiae
706 3060 777 3102 vero
802 3038 894 3115 dnae,
929 3035 1244 3104 MariaetSaloure.'

52 3139 139 3204 Tum
168 3151 282 3204 mortua
309 3163 403 3204 uxore
426 3143 524 3206 multis
546 3154 612 3226 post
634 3143 718 3204 ortuis
740 3141 846 3204 viduus
869 3138 997 3212 Mariam
1021 3142 1122 3220 clusit,
1155 3165 1219 3208 cum

50 3241 292 3326 octogesimum,
324 3255 411 3326 atque
440 3265 476 3307 eo
502 3245 624 3328 amplius
649 3265 757 3307 artuum
781 3245 940 3327 attigisset.
993 3239 1141 3324 Mariam,
1176 3245 1221 3309 iu-

48 3367 164 3429 quam,
188 3345 216 3408 it
232 3345 339 3409 aetatis
355 3345 479 3429 accepit,
505 3357 535 3410 ut
549 3346 734 3430 evangelium
752 3357 863 3410 narrat.
911 3351 1084 3420 Commeat,
1110 3347 1217 3432 iuquit,
1254 3367 1340 3414 Manu.

48 3451 229 3528 desponsare
254 3451 361 3510 Marah.
415 3446 485 3513 Nou
513 3447 600 3526 dicit,
633 3445 708 3512 Curn
737 3449 897 3534 nupsisset.
953 3447 1032 3513 ldem
1058 3449 1115 3514 alio
1138 3450 1217 3530 loco,
1268 3422 1334 3474 ¹³⁸⁴

47 3553 122 3612 Non
146 3555 282 3630 cognouit
302 3552 390 3612 attam.
440 3547 526 3615 Suhit
551 3572 623 3614 vero
645 3552 712 3615 illos
735 3571 839 3614 omnes
858 3552 1014 3632 admirari,
1047 3553 1096 3636 qui
1113 3574 1219 3636 pravas

47 3653 201 3736 quasdam
219 3652 392 3716 occasiones
410 3673 446 3716 ac
461 3653 576 3738 species
592 3665 744 3738 captantes
769 3675 871 3718 eorum
890 3675 964 3738 quae
990 3655 1060 3718 nihil
1078 3655 1156 3720 scire
1176 3667 1220 3720 at-

47 3757 133 3818 tinet
152 3775 274 3819 caussas
300 3755 496 3840 investigant,
531 3777 565 3818 ac
583 3777 657 3840 qnae
677 3757 795 3820 minime
816 3759 1023 3840 perscrutanda
1039 3769 1108 3821 suut
1124 3757 1220 3841 inqui·

45 3869 146 3936 runt,
181 3868 211 3919 et
226 3879 241 3918 a
257 3858 435 3922 necessariis
452 3860 542 3923 rchus
562 3861 595 3922 ad
612 3859 717 3924 stultas
735 3860 924 3944 quaestiones
942 3880 1010 3924 sese
1028 3871 1217 3940 convertunt,

48 3971 83 4024 ut
100 3981 149 4024 ex
165 3980 201 4022 ea
218 3982 292 4045 qnae
309 3960 419 4026 sanctis
436 3961 595 4047 imponitur
610 3961 770 4046 ignominia
786 3963 966 4026 infidelitatis
985 3962 1120 4026 exomni
1137 3975 1218 4046 parte

44 4087 85 4130 ac
106 4064 315 4148 blasphemiae
332 4065 491 4150 pernicicm
514 4077 601 4149 atque
623 4063 746 4128 exitium
771 4065 941 4150 importent.
988 4062 1137 4147 Quocirca
1161 4066 1220 4150 pri-

44 4189 137 4232 mum
165 4167 232 4256 illos
255 4169 297 4228 rei
323 4166 418 4230 series
448 4177 533 4250 atque
563 4168 636 4230 ordo
664 4169 727 4251 ipse
754 4167 915 4230 (convincit.
971 4164 1057 4249 Quod
1087 4167 1219 4253 inprimis

43 4304 74 4356 id
103 4301 279 4354 admiratione
308 4301 410 4368 dignum
436 4311 474 4353 est
499 4302 626 4371 quomodo
659 4312 718 4354 runt
733 4319 796 4370 quae
808 4301 954 4372 inquirenda
969 4319 1020 4353 non
1036 4313 1094 4354 sunt
1106 4310 1157 4355 cett.
1174 4305 1219 4355 Pe·

45 4389 154 4440 pravare
172 4379 304 4437 captantur
322 4371 478 4434 occasiones,
505 4369 621 4440 quothuc
655 4371 736 4422 tarius
751 4370 827 4422 suasit
843 4367 880 4431 οἷς
892 4371 919 4424 αἱ
935 4388 1008 4440 upop-
1028 4375 1051 4426 ll.
1069 4373 1092 4426 οἱ
1107 4372 1219 4442 πονηροὶ,

44 4457 149 4493 eorum
161 4455 258 4488 mussas
271 4448 412 4490 scrutantur
423 4438 544 4496 homiues.
563 4457 626 4508 quo·
660 4438 705 4492 cul
723 4441 775 4492 κτλ.

44 4529 107 4562 rum
137 4507 220 4558 nultos
241 4517 278 4557 est
303 4525 376 4568 usus,
402 4518 427 4556 et
449 4508 475 4558 iu
493 4526 522 4558 ea
539 4509 623 4576 inqui-
