3072 5002
296 396 434 448 rnuunu
452 395 516 449 nto.
530 397 574 448 m.
591 395 675 448 rou.
687 395 707 446 1.
725 393 824 445 ιιιιιιι.
835 393 955 446 ιιιιιιι.
1144 378 1202 442 ttt

60 521 145 578 meti.
194 513 274 580 ldem
298 517 348 580 ille
372 513 628 600 gretiaesigillnnr
654 525 717 592 est,
748 512 938 577 nutriuitutis
957 509 1124 590 uinculum,
1156 511 1205 596 qui

60 637 104 680 nee
119 639 134 681 a
151 618 344 702 produetione
362 617 527 682 sanotitatis
544 616 728 696 excluditur,
764 635 819 680 nee
837 614 1031 701 appellatione
1047 615 1207 698 discrepet,

60 739 131 783 neeu
148 719 306 804 largitione
331 721 461 786 muneris
487 720 602 784 alienus
626 729 689 798 est,
722 721 774 782 sed
789 731 862 780 unes
876 729 920 780 est
934 721 1018 792 dou,
1050 719 1204 799 nnufides,

59 843 119 884 tuus
137 825 285 898 dontinus,
310 845 367 886 unu
386 828 502 904 grotti,
527 844 584 884 unu
605 825 743 896 ecelest'o,
769 823 922 902 metimus
944 841 1027 882 unns.

129 922 246 1010 Quippe
266 925 381 990 trinitus
396 945 515 1010 semper
528 934 593 1002 est,
616 933 648 986 ιιι
664 923 781 1008 saepius
800 923 873 1001 disi,
899 941 954 984 neo
970 921 1057 984 ullam
1077 943 1201 1006 uuquam
1214 937 1341 1007 nupxit.

58 1028 246 1090 accessionem
270 1027 358 1113 eupit.
407 1024 437 1090 ld
463 1027 540 1111 quod
563 1037 593 1089 et
613 1025 746 1111 profiteri
770 1024 976 1089 suavissimum
999 1034 1061 1102 εει,
1095 1038 1125 1087 ει
1139 1025 1204 1088 sine

58 1129 258 1194 ullusntietnte
275 1131 392 1194 dieitur.
437 1127 516 1192 Num
543 1127 683 1214 propheta
704 1127 829 1207 cecinit,
862 1130 965 1190 Ilulerit
988 1129 1205 1210 euntstrnet'dus
1231 1105 1334 1215 55:¹52

58 1235 113 1292 neti
131 1235 245 1313 eloquiis
267 1243 325 1294 uto.
373 1230 460 1316 Quod
486 1231 511 1294 si
528 1230 642 1315 eloquio
658 1229 722 1315 ipsu
738 1230 832 1294 duleis
852 1231 930 1308 sint,
963 1241 1072 1315 quanto
1088 1239 1135 1292 εει
1153 1251 1207 1293 oo·

57 1353 111 1396 oen
133 1334 228 1419 ipsum
251 1334 389 1398 trinitatis
409 1332 540 1422 duleius,
572 1353 646 1416 quoe
673 1330 788 1417 quidem
813 1333 878 1396 lons
901 1344 932 1397 et
950 1333 1035 1418 origo
1050 1331 1206 1398 suuritutis

57 1435 138 1498 omnis
156 1436 224 1499 est?
267 1433 367 1518 Quure
388 1435 504 1498 trinitas
519 1433 611 1497 trilrus
628 1434 708 1498 hisee
725 1445 913 1512 numeratur,
947 1447 1048 1521 putre,
1073 1435 1151 1513 lilio,
1174 1445 1207 1498 et

57 1538 150 1622 spiritu
176 1547 294 1602 sonoto.
339 1535 446 1622 Neque
471 1556 543 1598 vero
564 1537 738 1600 confusione
761 1538 883 1622 qrrndnm
901 1538 930 1600 iu
947 1559 1034 1602 tritum
1050 1538 1205 1624 redigitur,

56 1659 102 1702 neo
117 1661 133 1702 ι
151 1661 208 1704 suu
225 1639 336 1703 unitate
352 1639 547 1722 disiungitur:
572 1639 624 1702 sed
645 1638 674 1702 iu
694 1643 825 1724 periente
845 1639 1036 1704 subsistentia
1058 1643 1206 1726 pertentas

55 1751 93 1804 est
108 1754 211 1827 pater,
235 1744 384 1827 perfectus
403 1741 498 1820 lilius,
523 1743 671 1825 perlectus
688 1742 809 1827 spiritus
826 1753 965 1822 sanutus,
989 1754 1090 1828 poter,
1122 1753 1154 1806 et
1171 1743 1207 1805 ti·

56 1841 119 1922 Ιὶιι,
151 1857 182 1908 ει
199 1844 319 1930 spiritus
337 1854 469 1908 sunotus.
515 1842 645 1908 Rursum
662 1863 735 1907 vero
749 1845 871 1930 spiritns
886 1843 1047 1930 largiendis
1062 1845 1148 1910 donis
1164 1856 1207 1908 ut-

55 1945 200 2010 tribuitur:
224 1951 385 2010 Dt'ut‘rr‘unes
400 1951 473 2008 enum
483 1950 646 2027 grossiorum
660 1961 744 2021 eunt,
768 1951 820 2010 sed
836 1952 907 2010 ollem
922 1953 1059 2030 spr'rt'tuse
1090 1959 1121 2010 et
1136 1951 1288 2014 dioensis.
1297 1966 1331 2021 ιι,
1338 1967 1360 2012 t.

54 2052 135 2110 teones
149 2053 372 2112 ministeriorum
388 2061 471 2124 eunt,
501 2052 572 2110 ritem
593 2071 659 2110 uero
675 2053 823 2125 deminuet
852 2061 880 2112 et
893 2054 1044 2113 derisiones
1068 2054 1208 2132 φεναιίο-

53 2171 110 2212 num
128 2163 217 2227 sunt,
242 2156 314 2214 tidem
336 2172 402 2214 uero
424 2155 508 2224 deus,
533 2155 585 2232 qui
603 2163 739 2232 operetur
759 2157 853 2215 omniu
874 2157 904 2216 tir
926 2154 1063 2216 omnt'drts.

129 2253 217 2338 Quae
240 2275 306 2318 enm
332 2254 372 2318 ite
396 2271 430 2316 se
452 2253 597 2332 habeant,
629 2273 785 2317 onvenmus
808 2254 965 2338 diligenter
987 2275 1059 2318 neu
1083 2254 1209 2318 veritate

53 2356 233 2432 ιιιειιειιιιιε,
258 2356 310 2420 εει
330 2355 484 2420 veritntem
503 2355 711 2440 profiteamur,
737 2377 795 2420 nou
814 2358 870 2420 den
890 2357 1123 2442 patrocinantes,
1155 2357 1207 2420 sed

53 2459 93 2540 pie
107 2459 134 2522 id
150 2459 365 2543 intelligentes,
390 2480 427 2522 ne
444 2458 603 2542 aliquando
619 2479 785 2543 pereamus.
831 2455 913 2523 Fieri
930 2461 1035 2546 quippe
1050 2461 1129 2525 nullo
1145 2481 1209 2524 mo·

54 2562 85 2623 do
104 2572 202 2646 potest
224 2572 257 2626 ut
282 2571 413 2624 euentum
437 2561 572 2644 quiddum
595 2561 625 2623 in
644 2560 774 2624 trinitute
793 2561 941 2640 disemus,
977 2563 1024 2630 uel
1044 2563 1207 2647 cogitemus

53 2662 147 2742 etium,
184 2675 237 2727 sut
260 2663 344 2728 ouius
360 2673 462 2748 postea
482 2664 558 2726 lenta
574 2662 613 2726 sit
629 2663 781 2742 aeoessiop
812 2665 863 2728 sed
883 2675 1025 2751 perpetuo
1042 2677 1126 2751 puter
1142 2666 1206 2744 luit,

53 2773 78 2826 et
94 2767 190 2846 lilius,
221 2777 252 2830 et
273 2764 394 2849 spiritns
419 2775 551 2828 satietus.
597 2762 705 2849 Neque
723 2765 801 2830 lilius
818 2747 977 2852 germanus
994 2767 1085 2852 putris
1104 2770 1206 2846 irater,

52 2885 137 2950 oeque
154 2890 222 2931 eum
248 2869 298 2932 illo
313 2869 453 2931 eoniusus
473 2877 529 2930 est.
576 2865 721 2932 Similiter
742 2889 837 2953 neque
856 2872 996 2934 oonlusus
1012 2871 1206 2955 suspiritus,

52 2988 137 3054 neque
162 2971 256 3056 petris
280 2970 390 3054 l'tliique
414 2990 574 3054 gororanus
597 2980 654 3033 est.
702 2967 796 3037 Filius
819 2983 933 3058 apotre
948 2973 1083 3056 gentitus,
1115 2995 1208 3056 aquo

52 3073 177 3153 proeedit
193 3083 224 3136 ει
240 3073 372 3159 spiritus.
419 3073 507 3136 Adeo
525 3082 556 3136 ut
571 3072 686 3135 trinitus
703 3093 740 3136 eo
758 3076 855 3153 modo,
881 3075 929 3159 qui
949 3075 1048 3139 verbis
1066 3074 1210 3160 explieari

53 3193 103 3236 nen
127 3187 245 3260 potest,
275 3176 304 3238 in
325 3178 427 3239 eadem
451 3175 544 3261 gloria
565 3195 600 3238 ao
618 3159 786 3240 tentatione
804 3176 963 3254 eousistut,
996 3187 1026 3240 et
1045 3177 1123 3242 filius
1142 3198 1208 3240 oum

52 3287 124 3358 petre
140 3278 306 3364 spirituque
323 3289 428 3342 saneto
445 3277 733 3362 incomprehensibili
749 3279 864 3342 ratione
880 3279 921 3344 sit
941 3277 1133 3358 coniunctus,
1157 3301 1209 3344 ne·

52 3399 100 3460 que
116 3381 236 3446 trinitus
252 3382 289 3444 ult
306 3403 360 3445 sua
380 3401 505 3466 unquam
522 3379 699 3442 aeternitnte
720 3381 853 3445 desistat.
901 3379 1028 3466 Semper
1052 3381 1142 3466 igitur
1164 3384 1210 3445 in·

50 3483 160 3560 genitus
180 3495 230 3548 est
243 3484 451 3567 inurentusque
469 3493 574 3567 pater,
603 3492 634 3545 et
651 3482 973 3568 incomprehensililtis‚
998 3485 1077 3548 lilius
1092 3485 1209 3570 genitus

52 3585 178 3665 quidem,
213 3587 265 3650 εει
288 3585 438 3650 ittoreutus
460 3595 490 3648 et
509 3586 829 3670 incomprehensibilis,
862 3585 983 3671 spiritus
1007 3599 1127 3651 sunotns
1150 3607 1208 3650 non

50 3688 173 3768 genitus,
201 3711 260 3752 non
280 3700 411 3767 creatus,
429 3709 486 3751 non
503 3707 675 3772 germanus,
699 3709 862 3768 nonanus,
887 3711 945 3754 nou
964 3711 1075 3776 nepos,
1099 3691 1150 3757 sed
1169 3710 1208 3754 ex
1264 3741 1278 3754 .

51 3791 143 3854 eadem
161 3813 231 3856 oum
249 3802 331 3877 patre
348 3791 467 3875 filioque
483 3790 658 3854 substantie.
692 3789 843 3856 Eiusmodi
861 3803 907 3856 est
919 3793 1053 3879 spiritus,
1077 3793 1206 3877 inquam,

50 3905 175 3958 sanetus.
224 3891 356 3980 Spiritus
377 3895 454 3958 euim
479 3893 631 3957 deusest.

124 3997 229 4081 Atque
249 3997 334 4060 liuius
357 3997 472 4082 quidem
492 3996 568 4060 lutuno
591 3994 619 4058 in
641 3994 755 4060 modum
773 3997 950 4061 eonstitutee
974 3997 1113 4062 soluturis
1136 3997 1202 4061 fidei
1222 4018 1361 4088 αμχιιι,

50 4099 149 4178 posin
173 4101 207 4163 in
231 4101 387 4185 seripturis
414 4100 550 4164 omuibus
577 4109 682 4162 extent
707 4099 878 4184 consignata
907 4099 1085 4164 testimonia.
1138 4098 1206 4166 Nos

78 4299 100 4351 l.
118 4308 154 4355 tte
176 4308 248 4357 oodd
264 4321 319 4358 mss.
339 4312 360 4356 tt
379 4305 433 4355 edit
446 4307 523 4369 prino.
541 4307 611 4358 Peto·
645 4305 724 4355 tione.
760 4305 825 4355 dibri
841 4308 925 4357 debent
942 4301 1083 4372 reure'trpre

50 4373 96 4419 ιιιι
113 4375 189 4423 edidit
205 4369 372 4440 dnoloipte‘su.
678 4377 703 4424 e.
722 4365 803 4432 ὅντως
819 4376 887 4424 codd.
907 4389 954 4424 mss

77 4439 259 4527 ὰσυιιλοιφιὶ
277 4446 313 4494 ed·
333 4445 416 4496 Peleu.
678 4439 702 4490 9.
721 4439 831 4507 μηδέπω
847 4444 898 4492 eud.
917 4445 1012 4507 lidedip.

77 4506 99 4558 e
118 4513 260 4576 συιαιειφη
278 4513 315 4561 ed.
333 4513 414 4561 Peion.
680 4509 718 4558 tu.
741 4513 814 4560 Vnde
836 4511 934 4576 meipso
951 4503 1021 4577 ἅγιοι
1043 4528 1090 4564 uon
1110 4528 1207 4576 eonspe-

78 4573 269 4644 l-ruurdrrproe
285 4581 394 4641 rereripet
409 4577 539 4630 esemend.
554 4579 611 4628 Gor·
643 4582 694 4628 rent
710 4581 734 4628 in
748 4579 785 4628 ed.
805 4580 885 4630 Peion.
905 4581 982 4630 coion.
998 4588 1069 4646 repet
1102 4584 1209 4648 repexit

50 4647 119 4710 sori,
140 4651 184 4713 pet
199 4651 269 4698 uertit
289 4646 314 4698 in
329 4645 468 4700 identitatis
482 4645 610 4717 glorifica·
643 4658 671 4697 ee
689 4648 761 4698 etism
777 4650 985 4704 conministri.
