3068 5008
512 413 834 468 unncsrnnunuosts
1186 403 1248 468 569

99 535 150 600 bos
173 533 322 618 puerulum
349 533 531 600 confodiunt.
578 530 710 619 Finguot
732 533 870 620 Pepozne
889 531 1039 600 Christum
1066 533 1135 600 olim
1155 533 1250 618 Quin·

98 637 172 702 tilloe
195 646 246 700 ont
263 634 418 702 Priscillae
441 636 597 702 videndum
617 659 650 716 se
671 637 842 723 praebuisse
861 637 994 704 muliebri
1019 640 1137 722 specie,
1163 649 1251 704 vetos

97 762 130 808 oc
151 761 257 804 norom
278 750 484 822 testamentum
508 739 664 818 adhibent,
696 741 736 804 ite
760 751 858 806 tnmcu
877 753 910 808 ut
929 743 1067 828 pleraque
1090 763 1143 827 pro
1161 741 1253 806 enimi

96 843 213 908 libidine
235 852 427 907 commutent.
599 909 604 922 ,

178 945 545 1024 tessarescaedecatitae,
578 945 625 1030 qoi
651 956 728 1010 steto
747 947 816 1012 soni
834 947 880 1012 die
900 945 1016 1012 Pesobe
1032 947 1196 1024 celebrent,
1220 955 1252 1010 nt

93 1069 304 1134 quamcumque
318 1048 347 1114 io
362 1050 438 1113 diem
455 1046 545 1112 xtv.
564 1049 651 1114 lunae
666 1049 843 1128 incurrerit,
867 1051 932 1116 sive
949 1050 1099 1114 sobbotum
1118 1048 1184 1114 sire
1199 1049 1252 1112 do·

91 1152 199 1218 mimico
222 1153 329 1231 inerit,
354 1173 389 1218 eo
413 1151 460 1216 die
482 1151 615 1216 ieiuoeut
637 1173 671 1216 oc
695 1151 848 1238 pervigilio
870 1153 1033 1218 celebrent.

176 1358 266 1442 Alogi
282 1380 300 1423 o
319 1357 405 1422 nobis
423 1357 463 1421 ite
485 1357 646 1437 nominati,
677 1357 725 1444 qui
741 1355 863 1423 loconis
880 1359 1064 1444 evangelium
1087 1380 1122 1422 oo
1138 1351 1251 1440 Λόγον,

89 1463 145 1527 boc
171 1461 359 1526 est'verbom
383 1462 468 1524 deum
489 1480 505 1523 e
527 1471 610 1545 putre
627 1481 745 1548 semper
762 1461 912 1545 genitum,
945 1459 1126 1546 coelitusque
1145 1459 1251 1524 demis·

87 1588 166 1645 snm‚
186 1564 270 1628 cuius
288 1564 317 1628 io
333 1563 489 1648 evangelio
503 1563 554 1626 illo
574 1564 683 1628 mentio
701 1563 750 1642 fit,
774 1565 945 1649 repudient,
970 1585 1025 1628 occ
1042 1561 1161 1631 loconis
1179 1563 1253 1627 dun·

88 1680 173 1733 texat
195 1667 401 1752 evangelium,
426 1667 477 1728 sed
501 1675 531 1729 et
553 1663 754 1752 Apocalypsin
778 1666 927 1732 reiiciunt.

176 1770 352 1848 Ademiooi,
383 1769 419 1832 ob
435 1768 553 1834 Adomo
574 1769 676 1833 nescio
702 1790 760 1854 quo
782 1770 965 1848 virentesic
983 1769 1070 1848 dicti,
1099 1765 1253 1833 ridiculum

86 1876 292 1960 potiusquam
311 1870 472 1937 verisimile
492 1872 596 1956 dogma
616 1872 800 1957 profitentur.
846 1871 928 1938 Nudi
944 1872 1066 1958 quippe,
1091 1869 1193 1954 quoles
1214 1889 1254 1932 ex

83 1991 173 2042 utero
193 1977 298 2040 metris
314 1975 427 2060 egressi
440 1985 531 2052 suot,
556 1973 610 2037 viri
629 1974 751 2059 perinde
769 1997 804 2040 oc
823 1976 962 2040 mulieres
978 1973 1176 2050 conveniunt,
1210 1982 1254 2036 ot-

84 2101 141 2166 que
158 2081 207 2144 ite
225 2079 417 2156 lectionibus,
449 2077 632 2142 orationibus
651 2100 686 2142 oc
702 2079 810 2142 celeris
835 2078 987 2163 religionis
1009 2077 1111 2144 officiis
1131 2076 1255 2159 longou-

81 2196 150 2264 tur‚
189 2195 223 2246 et
247 2182 388 2245 videlieet
410 2179 618 2246 monachornm
643 2201 677 2244 oc
697 2170 909 2245 continentium
934 2181 1066 2246 instituto
1089 2194 1253 2262 sectentur,

83 2287 271 2372 nuptiasque
289 2286 498 2359 condemnent,
523 2282 677 2346 ecclesium
697 2305 872 2349 verounum
891 2285 1056 2368 porodisnm
1073 2296 1251 2370 nuncupant.

172 2387 357 2474 Sempsuei,
381 2387 446 2452 sive
463 2385 617 2464 Elorum,
642 2387 677 2450 od
695 2385 859 2450 bonodium
876 2387 906 2450 in
924 2386 1038 2452 Arabio
1055 2387 1181 2473 lequel,
1204 2409 1255 2454 en·

80 2513 132 2575 prs
157 2489 322 2556 Mortuum
347 2511 446 2568 more,
480 2487 617 2554 Eicesoei
640 2489 789 2552 cniusdam
811 2489 1083 2576 psendoprophetae
1107 2489 1253 2576 discipuli.

81 2595 105 2658 E
124 2597 225 2660 cuius
241 2593 333 2677 stirpe
351 2589 489 2658 Mortuus
508 2601 537 2656 et
551 2589 702 2656 Morthinc
722 2592 848 2656 inminse
866 2592 940 2657 duee
956 2605 1053 2658 ectnte
1072 2605 1173 2660 nostre
1189 2615 1256 2679 pro·

79 2699 231 2774 dierunt,
256 2717 329 2783 quas
347 2697 465 2760 deorum
484 2696 579 2759 instor
593 2694 725 2758 boeresis
740 2695 796 2761 isto
813 2695 914 2759 coluit.
961 2694 1070 2761 Eodem
1087 2713 1177 2782 'porro
1191 2717 1256 2760 com

76 2799 259 2866 libionaeis
280 2799 402 2864 omniuo
423 2799 565 2864 sentiunt.

164 3003 382 3072 Theodotieni
398 3026 414 3068 o
433 3004 591 3070 Theodoto
607 3000 744 3069 Coriorio
761 3001 930 3090 Byzantion
957 3004 1036 3069 dicti.
1083 3003 1143 3090 Qui
1161 3005 1256 3070 Gree-

75 3111 116 3175 cis
133 3111 268 3176 artibus
293 3107 422 3193 opprime
448 3108 502 3171 init
524 3107 687 3171 institutus.
735 3104 791 3170 llic
808 3127 873 3170 cnm
898 3106 964 3172 eliis
981 3107 1153 3192 quibusdem
1172 3109 1201 3174 io
1218 3131 1254 3176 co

75 3235 150 3296 quoe
189 3225 264 3276 tom
291 3209 446 3276 seeriebot
470 3209 677 3295 persecutione
706 3208 954 3294 comprehensos,
991 3201 1056 3274 oum
1088 3211 1161 3276 socii
1190 3213 1255 3276 eins

75 3339 181 3380 omnes
201 3313 387 3399 martyrium
404 3312 565 3390 obiissent,
589 3311 670 3376 solos
687 3311 771 3375 fidem
788 3312 925 3376 eiuravit.
973 3310 1020 3377 Ob
1037 3314 1123 3398 idque
1140 3315 1255 3400 probris

75 3421 262 3504 appetitus,
294 3416 321 3478 id
338 3415 523 3499 excogitavit
540 3425 571 3479 ut
589 3412 740 3479 Christum
760 3414 866 3478 nudum
886 3434 953 3478 esse
975 3416 1121 3480 bominem
1139 3437 1256 3482 assere·

73 3535 135 3600 ret,
169 3544 215 3585 ne
242 3519 363 3584 crimini
381 3517 437 3584 sibi
453 3517 530 3582 istud
548 3526 715 3580 verteretur
731 3518 807 3601 quod
825 3517 889 3580 eius
905 3516 1087 3583 divinitatem
1103 3529 1254 3603 negasset.

156 3620 461 3699 Melchisedecioni,
494 3617 744 3685 Melchisedeoum
767 3620 1028 3701 immorerentur,
1062 3633 1093 3685 nt
1117 3621 1255 3686 virtutem

74 3748 139 3790 esso
158 3725 326 3812 quondum
345 3723 495 3802 lectitent,
526 3743 584 3786 uon
604 3723 752 3786 bominem
770 3724 933 3802 durrtexct,
968 3736 999 3788 ot
1017 3725 1052 3787 od
1068 3723 1133 3788 eins
1149 3743 1256 3789 oomeo

74 3831 190 3895 referre
216 3827 372 3892 universo
393 3847 452 3890 nou
477 3825 621 3890 dubitant.
1009 3895 1014 3906 ¹

158 3931 433 3998 llordesinnistoe.
480 3926 679 3993 Burdesiones
697 3928 753 3993 iste
773 3925 1021 4014 ellesopotcmie
1038 3929 1180 3994 oriundus
1195 3931 1256 3994 sin·

75 4055 170 4100 rernm
193 4037 298 4100 iidem
325 4032 409 4097 initio
435 4032 607 4117 complexus
628 4042 691 4110 est,
725 4053 760 4096 uc
781 4032 925 4117 snpientia
948 4031 1106 4117 praestitit.
1153 4029 1213 4097 set
1240 4053 1257 4096 e

76 4141 201 4203 veritate
223 4145 342 4224 posteo
357 4137 500 4199 recedens
518 4135 620 4198 eodem
636 4156 701 4197 cum
721 4132 880 4198 Valentino
893 4134 1003 4214 docuit,
1028 4145 1148 4220 praeter
1163 4155 1256 4220 peuce

79 4245 219 4324 quaedem
249 4243 290 4304 in
315 4237 419 4322 quibus
442 4237 550 4301 abillo
576 4236 734 4320 discrepet.

156 4341 335 4410 Noiltiani.
381 4339 499 4404 Nolitos
523 4340 569 4403 bie
590 4337 783 4426 Smyrnensis
807 4359 846 4403 ox
870 4337 942 4402 Asia
968 4339 1032 4402 init.
1079 4337 1137 4423 Qui
1163 4341 1192 4404 in
1214 4342 1257 4404 el-

109 4482 148 4535 lit
165 4481 231 4536 τότε
256 4481 360 4532 testum
376 4492 406 4528 ec
421 4479 490 4530 codd.
508 4491 562 4528 msc.
597 4480 659 4528 Nom
692 4474 860 4544 χιδεδεκιανοὶ
876 4478 927 4526 rod.
945 4479 994 4527 len.

78 4554 101 4600 ιιι
116 4555 185 4602 editu
200 4565 235 4601 eo
254 4561 316 4600 vox
331 4561 377 4596 non
394 4549 485 4610 upttm.
729 4545 770 4594 51.
795 4543 992 4612 connecteret.
1004 4547 1169 4613 βαρδισιαιῆς
1190 4547 1260 4597 codd.

108 4619 147 4672 lli.
165 4623 291 4673 Fortem
313 4607 340 4666 ἓν
357 4613 404 4667 inor.
693 4627 748 4664 mor.
764 4619 864 4676 merque.
902 4613 1117 4680 ocpnomtemt.
1128 4617 1258 4682 βαρδισια·

110 4691 148 4742 oo.
167 4680 374 4758 proprement
394 4686 444 4734 cod.
466 4685 564 4748 menen,
598 4684 661 4750 prl-
695 4683 743 4754 ιῆς
760 4683 815 4736 edil·
830 4685 907 4748 prino.
