3042 5016
273 315 550 370 amanuncus.
568 315 934 370 uomrmaenmxxvr.
1120 303 1182 369 293

29 457 125 501 eorum
142 457 217 522 qnae
232 437 334 501 insunt
351 435 505 501 affirmatio
520 435 573 501 luit
590 435 745 516 odiouotaq
769 436 850 520 qnasi
869 435 944 520 qnod
963 443 1065 520 postea
1082 436 1183 500 condi-

28 549 83 602 tum
102 549 148 603 est
164 538 362 624 praestantius
381 539 436 602 deo
459 539 612 624 quicquam
635 537 788 617 conciliet,
821 549 851 600 et
866 559 968 624 purum
985 537 1128 624 quicpiam
1149 560 1184 602 ae

27 642 170 705 sincerum
188 661 228 705 ex
241 661 341 706 earum
369 662 467 706 rerum
491 640 662 726 quibuscum
679 641 831 704 confertur
847 639 1012 726 privatione
1031 651 1061 704 et
1079 642 1184 706 immu-

27 743 104 806 tabili
122 753 201 808 statu
218 743 416 828 excogitatum
434 743 533 808 inerit.
580 739 641 808 Sed
656 741 791 806 nimirum
808 743 836 806 id
854 763 893 806 ex
911 762 947 806 eo
963 743 1093 806 manarit
1106 743 1183 827 quod

28 847 159 909 existens
178 848 242 931 ipse
255 855 339 910 totus
357 844 451 930 gloria
469 857 532 925 cst,
556 864 591 910 ac
607 856 686 910 totus
705 844 848 908 eiusmodi
867 855 897 908 ut
916 844 952 907 ab
971 845 1079 910 creatis
1095 845 1184 910 rebus

29 947 161 1012 omnibns
185 947 389 1032 comprehendi
409 957 554 1032 nequeat,
587 967 661 1032 quae
685 968 737 1033 pro
758 946 874 1010 modulo
892 965 946 1010 suo
963 948 999 1010 ad
1019 947 1184 1032 eiusprae·

28 1049 201 1114 dicationem
228 1049 392 1116 intendunt.
439 1047 498 1133 Qui
523 1050 637 1134 quidem
661 1060 693 1113 ut
717 1047 754 1113 ab
778 1049 890 1134 angelis
913 1048 1028 1133 propria
1053 1047 1183 1134 ipsorum

27 1151 141 1235 lingna,
173 1173 258 1236 qnam
284 1152 434 1238 apostolus
457 1155 598 1214 domenum
622 1156 729 1232 latagum
753 1151 922 1236 anteponit,
956 1151 1123 1216 celebratur
1146 1165 1336 1223 actoaatat.

27 1255 158 1319 laudibus
175 1253 307 1332 effertur,
331 1255 371 1318 ita
388 1265 419 1318 et
434 1257 558 1318 hnmana
575 1253 673 1338 lingna
692 1253 810 1332 colitur,
834 1273 909 1337 qnae
924 1251 1074 1317 interioris
1090 1254 1184 1339 digni·
1301 1243 1305 1254 ¹

29 1359 90 1420 tatis
113 1367 179 1436 est,
213 1377 248 1418 ac
268 1355 392 1440 denique
420 1355 506 1418 etiam
527 1355 563 1418 ab
581 1355 688 1418 infimis
707 1355 869 1441 quibusque
892 1356 981 1421 rebus
998 1378 1053 1442 pro
1070 1356 1184 1420 viribus

28 1459 165 1543 cuiusque
182 1459 378 1544 praedicatur.
424 1455 532 1542 Neque
551 1477 624 1520 vero
643 1457 674 1520 in
690 1457 814 1542 singulis
832 1457 975 1522 creaturis
994 1459 1184 1544 proportione

28 1563 147 1645 quadam
164 1561 241 1626 illins
256 1561 349 1646 gloria
365 1559 601 1646 praedicatioqoe
615 1559 766 1638 minuitur,
791 1570 841 1623 aut
856 1562 1046 1624 mutationem
1062 1562 1181 1646 patitur,

28 1663 74 1725 sed
90 1663 282 1726 immutabilis
302 1675 349 1726 est
364 1663 394 1726 in
412 1681 497 1741 sese,
530 1659 616 1748 idque
634 1661 742 1726 creatis
765 1671 811 1726 est
832 1662 920 1726 rebus
938 1663 1072 1726 omnibns
1094 1664 1183 1726 dene·

27 1775 143 1847 gatnm,
177 1775 209 1828 ut
231 1766 267 1828 ad
291 1765 368 1828 illins
392 1765 564 1828 intinitatem
593 1764 788 1849 praedicando
813 1765 926 1850 possint
945 1764 1084 1846 extendi,
1117 1787 1182 1830 cuna

27 1887 162 1952 suprema
184 1868 234 1930 illa
259 1866 419 1932 substantia
448 1878 574 1929 mentem
600 1885 715 1929 omnem
743 1865 1025 1952 intelligentiamque
1050 1878 1181 1953 superet.

28 1967 107 2052 Quae
122 1969 162 2033 ob
178 1989 226 2049 ea,
250 1989 325 2055 quae
340 1969 377 2032 ob
391 1967 527 2032 odonibus
542 1967 570 2032 ei
585 1968 763 2048 tribuuntur,
788 1979 817 2031 et
830 1969 930 2032 inesse
947 1970 1095 2049 dieantur,
1119 1970 1184 2033 nul-

27 2071 78 2134 lam
98 2082 255 2158 propterea
279 2071 522 2151 conversionem,
555 2069 746 2133 mutationem
766 2081 817 2134 aut
833 2071 1045 2135 incrementum
1065 2070 1184 2156 experi-

29 2185 81 2236 tur.
129 2169 187 2238 Est
201 2173 278 2238 enim
295 2173 432 2238 divinitas
451 2173 513 2258 ipsa
531 2172 618 2258 longe
638 2172 773 2236 omnibns
790 2173 1003 2259 praestantior,
1025 2183 1055 2236 et
1072 2173 1183 2237 incom-

29 2276 165 2360 parabilis
186 2276 357 2361 gloriaeque
379 2275 561 2361 plenissima.

108 2378 190 2442 Aetli
211 2375 307 2462 Caput
323 2375 430 2442 XXV.
477 2373 510 2442 St
532 2377 695 2460 ingenitum
714 2376 924 2462 privationem,
957 2395 1030 2461 qnae
1048 2376 1103 2440 deo
1124 2397 1184 2441 non

29 2478 118 2561 inest,
152 2480 317 2565 signifieat,
349 2480 580 2565 coriugcnitnm
600 2499 685 2560 ease,
717 2479 847 2564 genitum
872 2499 1029 2543 veronen
1055 2499 1122 2544 csse
1141 2479 1184 2544 di·

30 2583 140 2648 cimus?

108 2683 233 2750 Coniut.
252 2681 358 2748 XXV.
404 2681 589 2769 Iogcnitnm,
614 2684 669 2748 etsi
689 2685 744 2749 deo
762 2703 795 2748 re
813 2701 883 2748 vera
902 2683 1081 2765 conveniat,
1114 2705 1184 2749 nus·
1211 2735 1213 2738 -

30 2809 108 2872 qoam
126 2799 224 2851 tamen
243 2806 418 2871 expressum
436 2798 499 2865 cst,
524 2807 578 2850 nec
596 2806 613 2850 a
631 2787 772 2872 propheta
794 2786 869 2865 ullo,
892 2787 940 2850 rel
958 2787 1111 2872 apostolo,
1135 2787 1184 2852 vel
1212 2853 1215 2861 ,

29 2891 208 2974 evangelista
230 2899 501 2952 commemoratum.
547 2887 654 2973 Neque
679 2910 751 2952 vero
775 2889 879 2953 mirum
899 2909 965 2952 esse
988 2889 1127 2968 deberet,
1158 2890 1184 2954 si

29 2992 60 3055 dc
77 2994 132 3056 deo
156 2993 326 3055 affirmatum
351 2989 421 3053 illud
448 3001 539 3053 esset.
586 2989 735 3076 Siquidem
761 2991 825 3075 pius
846 2991 881 3054 de
905 2993 961 3054 deo
984 3011 1090 3054 sensus
1116 2991 1184 3055 olim

28 3097 98 3158 istud
116 3097 212 3181 ipsum
233 3113 249 3157 e
269 3092 394 3156 naturali
412 3092 533 3177 quadam
553 3092 617 3176 lege
636 3093 784 3157 hauserat.
831 3091 880 3156 Tu
896 3113 981 3171 vero,
995 3091 1078 3170 sari,
1094 3114 1184 3158 voca·

30 3197 121 3262 bulum
143 3197 221 3260 istud
242 3195 339 3258 studio
357 3194 496 3259 novitatis
516 3194 682 3274 inculcans,
713 3193 795 3258 velut
818 3195 972 3258 mirificum
994 3196 1128 3280 quiddam
1155 3207 1185 3261 et

29 3301 194 3364 inusitatum
212 3298 401 3384 proposuisse
418 3307 446 3358 te
462 3306 557 3382 putas.
599 3293 781 3379 Quinetiam
795 3297 1047 3380 religiosissimam
1062 3309 1185 3362 naturae

29 3401 140 3486 legem,
176 3420 231 3464 nee
252 3421 310 3462 non
331 3411 360 3462 et
377 3398 462 3478 fidei,
496 3418 581 3483 quam
598 3400 633 3461 ad
652 3398 789 3462 meliores
813 3399 944 3462 homines
960 3401 1125 3465 reddendos
1143 3403 1186 3466 di·

30 3505 91 3568 vina
108 3505 228 3568 bouitas
242 3502 374 3579 indulsit,
399 3502 577 3587 permiscere
595 3501 629 3564 ae
648 3501 828 3564 contundere
846 3511 969 3567 conatus
987 3523 1032 3581 es,
1057 3503 1123 3567 dum
1141 3505 1185 3568 in-

31 3609 125 3690 genito
154 3606 285 3690 genitum
309 3605 462 3668 maiestate
490 3603 689 3688 dignitateque
714 3623 766 3688 par
787 3615 970 3669 commentus
998 3625 1049 3685 es,
1083 3616 1115 3669 ut
1136 3606 1185 3671 illc

31 3710 104 3794 ipse,
130 3729 217 3794 quem
235 3707 404 3772 dissimilem
425 3707 547 3782 adoras,
580 3707 744 3791 inaequalis
763 3707 790 3770 ci
814 3705 968 3787 rideatur,
993 3729 1079 3793 quem
1098 3707 1185 3771 dissi·

31 3813 132 3876 militer
156 3811 320 3898 praedicas.
366 3807 426 3872 lam
449 3829 543 3889 vcro,
575 3809 599 3872 si
622 3809 815 3894 appellatione
837 3810 902 3874 sola
927 3820 1037 3895 patrem
1063 3809 1183 3890 adoras,

33 3933 84 3978 ooo
112 3915 170 3978 nisi
194 3935 246 3998 per
269 3913 482 3977 simulationem
504 3921 533 3974 et
555 3912 719 3976 illusionem
747 3914 887 3980 honorem
911 3913 988 3976 hunc
1009 3911 1049 3975 illi
1073 3913 1182 3975 delere.

34 4013 99 4080 ltem
115 4019 142 4082 si
159 4017 268 4095 lilium,
293 4035 377 4101 quem
393 4015 466 4102 patri
486 4013 655 4080 dissimilem
673 4015 828 4100 agnoscis,
852 4015 1031 4079 odorandum
1048 4035 1182 4095 censeas,

31 4222 203 4290 mpeesupdaq
225 4224 312 4272 codicia
332 4226 394 4282 oet,
418 4223 495 4272 medo
516 4222 591 4283 euius,
658 4215 682 4272 4.
700 4213 742 4274 ἀπ’
769 4214 847 4274 edroi
873 4221 942 4272 codd.
959 4234 1014 4271 otu.
1040 4215 1083 4274 ὑπ’
1106 4217 1185 4276 αὐτοῦ

32 4291 124 4350 loturae
150 4293 270 4353 Pnrlalai,
304 4291 447 4352 scriptoram
469 4289 591 4340 odcommt
623 4291 681 4339 eddi
697 4292 758 4340 liert

33 4360 149 4409 Petuntur.
658 4359 682 4407 a.
700 4355 857 4424 ἐξισούμενον
872 4360 957 4420 scalpri
976 4363 1101 4421 praeeunte
1124 4362 1187 4412 Cor-

65 4431 84 4478 l.
104 4430 185 4490 supro
201 4425 239 4495 τῷ
257 4425 319 4492 θεῷ.
623 4429 693 4478 nerto
709 4427 761 4493 (qut
776 4429 843 4478 oemtt
859 4435 887 4476 ut
902 4443 933 4476 ex
948 4425 1059 4494 ingenito
1075 4427 1187 4495 genitam

62 4497 85 4544 ¹2.
106 4497 149 4544 Vnt
166 4511 180 4544 o
196 4498 281 4558 legitur·
297 4487 347 4546 o’ttd
365 4491 418 4546 τοῦ.
624 4493 791 4562 intelligamus
816 4494 980 4561 adaequatum
1001 4493 1143 4564 dignitate.)
1165 4500 1187 4548 el

63 4557 151 4616 dorio
165 4581 178 4616 r
194 4564 245 4614 cod.
262 4563 361 4626 amota.
626 4565 731 4617 Patauio.
765 4567 831 4616 libri
848 4567 920 4632 uulgo
936 4559 1102 4632 ἐξισούμνος.
