3082 5006
377 307 513 363 eausam
531 307 594 360 nro.
613 309 658 360 ιιι.
676 309 758 362 rom.
774 309 793 360 ι.
813 309 911 362 nasa.
927 307 1012 362 cxx.
1232 295 1272 360 25

102 447 146 492 eo
177 426 266 492 modo
295 447 354 512 quo
376 429 455 493 inest
475 429 505 491 iu
528 449 564 491 eo
587 429 744 514 splendore
767 429 815 514 qui
839 429 1130 515 comprehensionem
1154 431 1274 494 excedit

103 551 241 593 omnem.
290 529 372 594 llaec
396 551 450 594 nos
475 552 528 615 pro
552 531 665 596 viribus
691 532 800 594 nostris
821 533 856 594 ad
873 532 919 595 dei
939 531 1080 595 bonoram
1101 543 1132 595 et
1148 531 1271 616 gloriam

102 631 238 695 bumana
255 631 355 716 lingua
372 633 595 718 disputavimus.
640 631 712 697 Non
738 634 814 697 euim
835 634 892 697 alta
909 654 983 698 voce
1006 644 1057 698 out
1077 655 1215 698 sermone
1232 633 1273 698 uli

100 754 280 818 possumus,
304 735 353 819 qui
371 734 410 800 sit
424 755 461 798 oo
482 734 679 820 praestantior
695 755 779 819 quem
797 735 882 799 nobis
898 737 985 799 modo
999 737 1123 820 quodam
1141 757 1176 800 ae
1191 757 1275 800 men·

101 857 178 899 sura
198 837 272 900 dens
288 837 435 916 attribuitq
461 837 575 900 tametsi
592 838 790 921 praestantius
805 838 914 922 aliquid
932 850 1029 901 meato
1047 838 1083 901 de
1100 839 1155 902 deo
1173 840 1273 903 conci·

103 941 238 1024 pianrus.
284 937 396 1002 Verum
412 949 551 1022 quantum
571 949 672 1002 nostra
690 959 772 1002 mens
789 940 884 1024 capit,
917 949 1028 1003 tautum
1047 959 1081 1004 os
1099 940 1195 1024 eloqui
1213 961 1270 1004 nou

102 1053 227 1126 potest,
262 1041 339 1126 quod
365 1050 393 1102 et
416 1060 553 1104 mensura
578 1040 625 1103 illa
643 1054 814 1120 coercetur,
847 1052 877 1105 et
899 1041 1051 1126 corporeis
1070 1041 1272 1105 instrumentis

101 1144 227 1206 affixum
260 1152 389 1205 tenetur.
447 1139 596 1225 Quocirca
629 1142 820 1207 imbecillitati
853 1154 973 1208 nostrae
1003 1142 1075 1206 deus
1103 1143 1271 1226 indulgens,

102 1265 196 1328 qnam
215 1246 252 1307 da
266 1244 332 1329 ipso
349 1243 481 1306 notitiam
501 1243 688 1329 adipiscimur
702 1265 737 1308 ac
752 1244 876 1329 gloriam
894 1244 1064 1322 dederimus,
1089 1244 1174 1328 aequi
1190 1245 1274 1309 boni·

103 1369 163 1432 qne
179 1345 322 1423 consulit,
347 1347 413 1407 dum
427 1345 505 1408 illam
521 1345 608 1408 etiam
625 1367 714 1430 supra
728 1346 835 1410 virium
853 1359 1019 1410 nostrarum
1035 1357 1150 1431 captum
1167 1358 1273 1412 exlcu-

103 1451 224 1526 dimusq
262 1468 319 1512 oon
338 1458 368 1512 ut
387 1447 443 1512 ulla
462 1449 490 1510 in
509 1467 542 1510 rc
563 1449 618 1510 deo
635 1448 852 1530 gratificamur,
884 1449 935 1513 sed
953 1459 985 1512 ut
1000 1448 1099 1526 illum,
1123 1448 1218 1532 quoad
1233 1449 1273 1513 si-

102 1561 167 1614 tum
196 1549 227 1613 in
253 1550 338 1613 nobis
363 1561 425 1627 est,
457 1549 543 1613 laude
562 1550 763 1630 celebremusq
794 1561 827 1613 ut
847 1552 927 1614 etde
943 1551 992 1615 illo
1009 1550 1148 1636 religiose
1164 1549 1274 1614 sentia·

103 1675 192 1731 runs,
218 1662 250 1715 et
261 1652 297 1715 ab
314 1651 379 1716 eius
397 1652 491 1735 gratia
511 1662 541 1716 et
559 1652 683 1715 veritate
700 1673 758 1715 nou
776 1653 960 1717 excidamus.
1006 1653 1105 1738 Atque
1131 1652 1203 1716 baec
1222 1653 1274 1714 ad·

104 1773 216 1820 versus
234 1752 363 1818 Audiam
383 1755 596 1837 Audianosque
616 1753 801 1838 disputantes
824 1753 940 1818 illorum
963 1756 1099 1838 dogmata
1119 1753 1274 1839 proposui·

104 1875 190 1937 mus3
205 1877 283 1943 quae
300 1855 471 1942 simpliciori
488 1855 610 1940 quadam
624 1855 739 1920 ratione
752 1877 787 1919 ao
804 1855 945 1940 pertinaci
962 1855 1160 1921 contentionis
1176 1855 1273 1919 studio

105 1961 237 2046 turpiter
259 1969 446 2024 asseverant.

193 2060 316 2124 liabent
344 2081 418 2125 voro
443 2071 473 2123 et
496 2060 553 2124 alia
582 2060 749 2145 complura,
785 2059 889 2144 quibus
914 2059 1095 2144 potissimum
1126 2061 1270 2138 nituntur,
1290 2081 1410 2149 0⁸9·OE

105 2185 199 2249 seque
227 2163 265 2224 ab
290 2163 437 2226 ecclesiae
460 2161 667 2225 coniunctione
688 2172 902 2246 segregarunt,
934 2162 1038 2245 quibus
1066 2172 1094 2226 et
1119 2161 1191 2226 alios
1214 2161 1274 2246 ple·

105 2287 231 2350 rumque
257 2265 447 2328 conturbatos
474 2264 511 2327 ab
536 2265 638 2327 eadem
660 2264 785 2326 ecelesia
808 2263 968 2340 divellunt,
1002 2263 1153 2346 utriusque
1182 2281 1274 2324 sexus

109 2367 260 2430 hominos.
306 2365 467 2429 Nemeum
491 2363 608 2428 ludaeis
622 2362 737 2429 Pasoba
761 2366 913 2428 celebrare
930 2365 1049 2443 volunt,
1064 2365 1135 2429 ,boo
1155 2375 1201 2428 est
1216 2387 1274 2448 quo

108 2480 245 2556 tempora
264 2467 365 2532 ludaei
386 2468 501 2553 Aayma
521 2487 574 2530 suu
594 2477 754 2550 peragunt,
788 2478 858 2530 tuuc
885 2467 925 2530 illi
944 2463 1100 2530 Pasrbatis
1120 2467 1274 2530 celebrita-

107 2582 164 2634 lem
189 2572 320 2649 obeunt,
351 2581 384 2634 ut
408 2571 444 2632 ab
470 2569 597 2632 eeclesia
623 2568 780 2632 dissentire
806 2569 972 2633 videantur.
1027 2566 1114 2652 Quod
1138 2569 1275 2632 videlieet

107 2675 176 2736 olim
198 2675 272 2738 baec
289 2673 318 2736 in
333 2672 459 2736 ecclesia
477 2671 659 2734 consuetudo
677 2681 796 2756 recepta
817 2671 914 2734 luerit.
962 2669 1145 2754 Quamquam
1170 2671 1274 2734 rronni·

107 2776 145 2838 bil
165 2776 222 2838 bac
240 2775 269 2836 in
289 2785 372 2860 parte
386 2773 619 2849 calumniantur,
645 2782 674 2836 et
688 2772 899 2836 ecclesiasticis
918 2773 1019 2835 lalsam
1037 2774 1180 2835 rationem
1201 2772 1275 2834 obii-

107 2876 201 2939 ciunt.
250 2872 502 2952 accusemini,
528 2875 679 2958 inquiunt,
705 2886 853 2958 tempore,
879 2886 908 2938 ut
926 2874 1111 2959 imperatoris
1130 2875 1273 2936 rationem

108 2977 262 3042 baberetis
276 2988 425 3062 paternam
443 2978 473 3040 iu
489 2977 667 3040 celebrando
683 2978 820 3060 pascbale
838 2977 1080 3040 consuetudinem
1099 2976 1271 3059 reliquistis,

108 3083 247 3163 diemque
263 3078 477 3154 ‹cumulastiq
503 3088 534 3140 ut
551 3099 605 3142 vos
622 3079 657 3140 ad
676 3078 862 3162 imperatoris
880 3089 979 3141 nutum
998 3079 1271 3142 acreommodaretis.

109 3180 239 3265 Quidam
267 3181 355 3242 etiem
382 3180 565 3264 pervicacius
591 3179 748 3256 deliciunt,
782 3191 830 3257 ct,
865 3175 940 3244 Com
969 3180 1092 3257 natalis,
1125 3181 1272 3264 inquiunt,

110 3281 303 3346 Constantini
330 3283 549 3358 celebraretur,
584 3279 735 3344 Pasobatis
759 3282 902 3346 rationem
927 3281 1115 3345 immolastis.
1162 3279 1273 3346 Verum

111 3386 135 3448 si
151 3389 257 3450 eadem
273 3385 431 3468 quotannis
450 3384 497 3445 dic
517 3379 629 3445 Pascha
647 3391 941 3467 repraesentaretur,
965 3384 994 3445 iu
1014 3403 1107 3466 eaque
1121 3383 1274 3446 celebran-

111 3488 178 3549 dum
202 3507 271 3549 esse
294 3485 448 3548 statuisset
475 3484 523 3547 illa
541 3485 672 3570 synodus
694 3505 709 3546 a
730 3481 927 3547 Constantino
948 3484 1089 3559 collecta,
1115 3486 1273 3569 probabilis

110 3589 236 3652 istorum
253 3597 333 3650 esset
347 3585 456 3649 oratio.
503 3583 592 3648 Nunc
614 3606 680 3647 orum
698 3586 784 3648 aunis
804 3584 926 3668 siugulis
951 3607 1009 3650 uon
1038 3589 1140 3650 eadem
1163 3597 1274 3670 tempo·

110 3711 174 3753 rum
194 3689 292 3753 series
316 3690 486 3774 putatioque
503 3687 695 3771 respoudeat,
728 3685 825 3750 inanis
845 3698 890 3749 cst
907 3687 963 3750 ista
977 3690 1064 3753 ratio.
1111 3686 1179 3752 Nou
1196 3688 1274 3750 enirn

111 3793 147 3854 ob
166 3790 297 3855 natalem
318 3811 420 3867 suum,
444 3790 495 3852 sed
513 3789 548 3852 ad
567 3787 723 3851 ecelesiam
738 3789 951 3852 conciliandam
969 3789 996 3852 ei
1015 3791 1059 3852 rei
1077 3789 1202 3853 studium
1222 3789 1274 3852 im·

111 3907 233 3978 perator
251 3891 393 3955 adlribuit.
438 3890 520 3955 Sane
537 3891 607 3954 illud
624 3891 771 3954 latendum
788 3891 872 3954 nobis
890 3900 953 3969 est,
978 3894 1034 3954 duo
1052 3891 1192 3974 quaedam
1213 3913 1274 3954 ma-

112 3996 190 4058 xima
220 4015 274 4078 per
300 3993 553 4077 religiosissimum
579 4013 614 4054 ao
646 3991 832 4056 beatissimae
863 3993 1024 4056 memoriae
1047 3989 1273 4056 Constantinum

112 4099 202 4160 adeo
221 4115 291 4158 esse
317 4095 468 4180 praestita.
513 4091 648 4176 Quorum
667 4095 790 4178 primum
806 4095 860 4158 luit
877 4105 908 4156 ut
930 4094 1119 4157 oecumenica
1142 4097 1274 4180 synodus

115 4197 323 4282 colligeretur,
353 4217 387 4259 ac
418 4195 485 4260 fidei
513 4215 626 4260 summa
648 4193 782 4259 Nicaoao
810 4195 956 4280 explicata
979 4207 1211 4280 proponeretur,
1245 4208 1275 4261 et

146 4467 171 4522 3.
189 4463 239 4521 sind
258 4469 349 4518 uolebat
366 4471 484 4519 Pacatus.
706 4465 863 4536 tuccetum)
880 4469 933 4519 edit.
953 4470 1035 4522 Polou.
1053 4465 1203 4526 ἰκταθιίσαν
1219 4471 1274 4522 retl-

147 4531 172 4588 4.
189 4533 397 4606 meteremus
412 4539 490 4590 colon
504 4542 575 4602 repat.
591 4537 673 4587 uillosa
707 4539 747 4602 qul
766 4535 827 4587 lr'brt.
