3068 5008
227 259 505 313 pausationem.
527 260 609 314 rou.
626 261 656 312 ιι.
682 259 797 312 exros.
815 259 880 312 rto.
899 259 1042 312 cernon.
1150 245 1214 310 nat

57 381 171 460 lasere,
195 378 226 442 iu
243 375 364 448 Christo
381 377 450 446 lesu
464 380 581 445 domino
600 391 719 458 nostro,
754 398 806 464 per
823 399 927 464 quem,
960 390 990 442 et
1006 399 1131 463 quonum
1148 378 1212 463 glo·

56 481 102 546 ria
124 483 213 568 patri,
238 505 303 546 uum
325 481 431 569 spiritu
452 492 557 546 saneto
579 483 608 545 in
631 481 767 560 saeeula,
792 483 902 545 Amen.

141 582 292 648 Hactenus
322 585 411 667 igitur
433 605 575 668 quaenam
601 593 683 656 esset
709 584 796 648 unios
823 593 854 648 et
878 581 1041 648 eatholieae
1070 582 1213 648 eeclesiae
1313 639 1318 651 .

55 687 145 766 fides,
176 688 334 773 simplicis,
367 686 504 771 inquam,
528 686 605 750 illius
622 685 836 750 etinnoeentis
855 685 1020 766 columbae,
1041 706 1113 766 quoe
1129 689 1213 748 untho
1312 703 1319 720 ·

54 794 257 864 atanarico,
283 790 324 853 uti
340 789 481 874 seriptum
502 798 565 866 est,
600 792 660 850 Uno
676 789 860 852 ostentanda
874 809 951 863 mear
983 809 1038 852 nee
1055 809 1113 852 non
1131 788 1214 851 etde

52 892 175 955 infinitis
199 891 444 968 adoleseeutulis,
477 910 598 974 quarum
624 890 691 954 iniri
709 911 848 954 numerus
868 911 925 954 uon
946 899 1062 975 potest,
1091 910 1148 973 qua
1162 909 1213 973 po·

55 994 162 1056 tuimus
175 993 320 1058 brevitate
335 993 558 1077 disputavimus,
592 992 783 1076 inprimisque
797 992 833 1055 de
848 993 950 1056 eadem
965 991 1055 1078 patris
1069 1003 1099 1056 et
1113 990 1164 1056 lilii
1179 1011 1213 1054 au

54 1095 174 1181 spiritus
198 1095 292 1160 saneti
316 1093 497 1172 substantia,
538 1094 632 1177 deque
658 1095 787 1178 perlaeta
809 1088 922 1157 Christi
945 1092 1054 1157 domini
1077 1093 1214 1157 incarna-

54 1199 137 1262 tione
157 1218 191 1261 oe
215 1197 336 1282 reliquis
367 1196 432 1260 hdei
458 1194 613 1279 capitibus.
657 1193 748 1260 Nune
774 1196 810 1259 de
827 1196 958 1260 eiusdem
982 1195 1127 1260 eeclesiae
1144 1215 1212 1259 san·

52 1299 200 1364 etiooibus
229 1321 264 1363 ao
294 1298 409 1383 legibus
441 1318 533 1382 pause
568 1297 635 1360 mihi
664 1317 788 1363 neeesse
810 1308 873 1376 est,
915 1299 1008 1382 deque
1042 1299 1209 1363 earumdem

53 1403 148 1466 torma
167 1401 264 1486 aliqua
280 1400 385 1465 saltem
401 1421 441 1464 ex
465 1410 547 1484 parte
571 1399 725 1485 persequi,
756 1419 957 1485 quaeeumqoe
980 1399 1116 1466 nimirum
1145 1421 1212 1486 pro·

51 1504 118 1590 prie
135 1503 201 1568 olim
227 1503 257 1566 in
280 1504 342 1589 ipsa
360 1511 480 1566 servata
503 1511 589 1580 sunt,
621 1511 652 1566 et
673 1502 816 1587 hodieque
840 1513 1018 1582 serrantur,
1048 1502 1152 1587 partim
1172 1523 1211 1566 ex

50 1616 228 1692 praesepto,
260 1605 363 1690 partim
392 1624 432 1670 ex
461 1603 629 1670 induetione
653 1605 760 1684 aniani,
800 1605 856 1670 deo
879 1625 918 1670 ex
943 1603 1114 1689 disciplinae
1139 1624 1211 1670 suae

51 1706 163 1770 virtute
191 1709 315 1771 truetum
346 1707 489 1791 quendam
515 1706 752 1792 voluptatemque
778 1707 924 1791 rapiente.
976 1703 1211 1772 Fundamentum

49 1809 160 1895 igitur,
192 1830 226 1872 ae
245 1810 325 1872 velot
343 1808 463 1893 crepido
486 1809 627 1891 quaedam
646 1809 675 1872 io
691 1808 820 1874 eeclesia
838 1809 993 1894 virginitas
1010 1818 1073 1890 est,
1104 1827 1212 1893 quaes

49 1911 200 1998 plerisque
219 1909 325 1975 oolitur
342 1919 373 1974 et
389 1908 582 1988 observatur,
607 1921 637 1974 et
654 1910 684 1974 io
701 1910 808 1974 illustri
826 1913 948 1996 quadam
963 1911 1058 1994 gloria
1075 1931 1109 1974 ae
1127 1931 1213 1996 prae·

49 2011 200 2078 dmauone
223 2022 371 2078 versatur.
428 2009 634 2095 Virginitatem
660 2012 793 2076 solitaria
818 2012 878 2077 vita
905 2014 1040 2098 proxime
1065 2013 1211 2097 sequitur,

49 2136 141 2201 quam
163 2115 193 2178 in
217 2113 366 2200 plerisque
393 2133 486 2178 sexus
512 2113 662 2197 utriusque
684 2114 834 2180 mooaobis
852 2115 997 2179 videmos.
1043 2111 1212 2180 Seeundum

47 2220 130 2283 haue
148 2215 330 2280 eontineotia
347 2216 382 2279 ad
399 2215 475 2280 idem
494 2215 611 2302 pietatis
628 2217 805 2281 eorrieulum
822 2217 942 2282 lundata
955 2227 1002 2280 est
1018 2237 1054 2281 ae
1069 2215 1209 2282 stabilita.
1274 2220 1279 2228 '

45 2317 169 2386 Deinde
187 2319 314 2384 viduitas
327 2339 393 2384 eum
408 2317 539 2403 diligenti
556 2328 725 2403 attenteque
740 2319 877 2384 cautione
893 2329 923 2384 et
939 2329 1020 2384 easta
1036 2319 1211 2404 sinceraque

45 2425 133 2486 vitae
149 2421 263 2486 ratioaa
281 2421 450 2486 eoniuueta.
495 2418 569 2486 Post
593 2422 701 2505 gradus
725 2421 791 2486 illos
809 2431 840 2486 et
856 2422 975 2488 ordines
993 2442 1077 2486 suum
1096 2441 1210 2506 quoque

42 2525 149 2590 loenm
165 2523 298 2590 obtinent
313 2525 456 2590 honestae
473 2521 607 2608 nuptiae,
633 2543 708 2606 qnae
726 2545 833 2608 magau
848 2525 877 2588 in
894 2524 1006 2588 honore
1022 2534 1102 2602 suot,
1127 2543 1212 2610 prae·

42 2627 157 2692 sertim
173 2626 339 2710 singulares
358 2647 393 2689 ae
410 2623 528 2689 minime
545 2625 707 2708 repetitae,
738 2646 814 2710 quae
830 2638 1052 2713 praeceptorum
1071 2627 1212 2692 ohserva-

44 2728 128 2794 tioni
146 2729 276 2792 student.
324 2724 410 2810 Quod
428 2729 453 2790 si
472 2725 536 2810 quis
553 2738 667 2792 mortua
684 2749 798 2808 uxore,
829 2729 877 2794 vel
893 2730 997 2795 mulier
1010 2739 1126 2793 mortuo
1145 2729 1210 2794 viro

41 2832 78 2895 id
100 2829 245 2907 voluerit,
269 2830 393 2894 alterum
410 2830 505 2896 virum
522 2850 697 2908 uxoremve,
722 2831 866 2896 duntaxat
877 2843 943 2916 post
960 2831 1131 2896 alterutrius
1148 2831 1211 2895 obi·

42 2945 132 3011 tum,
163 2931 218 2996 sihi
242 2933 409 2996 adaoiseere
435 2931 514 2996 lieet.
561 2930 675 2997 Horum
698 2933 827 2998 omnium
844 2933 926 2998 velot
946 2932 1111 3018 fastigium,
1135 2942 1166 2998 et
1180 2943 1211 2996 ut

39 3037 89 3100 ita
107 3034 223 3113 dieam,
254 3035 355 3098 matris
373 3055 407 3098 ao
421 3034 574 3118 genitricis
589 3035 685 3099 leeom
702 3045 836 3100 sanetum
861 3035 1129 3100 sihisaeerdntiom
1147 3037 1211 3102 viu·

43 3138 150 3216 dieat3
182 3137 258 3220 quod
281 3157 322 3201 ex
341 3136 487 3220 virginum
508 3137 610 3200 ordine
629 3137 785 3222 praecipue
803 3146 938 3218 oonstat,
967 3149 1018 3202 aut
1034 3139 1060 3202 si
1079 3139 1176 3204 miuus
1193 3159 1210 3204 e

42 3237 218 3323 virginibus
242 3250 323 3304 eerte
346 3259 388 3303 ex
409 3238 577 3318 mensotis,
610 3249 662 3302 aut
679 3239 735 3304 nisi
755 3259 796 3303 ex
819 3239 1028 3304 monaehorum
1049 3241 1151 3306 ordine
1173 3243 1209 3306 ad

41 3342 131 3408 illam
159 3340 336 3405 lunationem
362 3341 526 3406 obeundam
553 3341 649 3404 idonei
672 3343 805 3428 cooptari
828 3343 958 3428 possint,
989 3363 1030 3408 ex
1051 3343 1096 3407 his
1114 3346 1211 3412 erenei

42 3443 225 3510 secerdotes
243 3443 356 3522 solent,
388 3443 438 3528 qui
457 3465 474 3507 a
491 3443 553 3509 sois
572 3463 605 3506 se
623 3442 768 3509 uxoribus
787 3445 956 3524 continent,
981 3457 1032 3511 aut
1050 3447 1210 3514 seeundum

43 3567 126 3612 uuas
151 3544 267 3632 nuptias
282 3546 312 3608 in
332 3545 471 3612 viduitate
486 3555 654 3610 emantur.
702 3543 849 3612 Secundis
871 3568 943 3614 vero
962 3548 1069 3635 nuptiis
1088 3549 1210 3636 impliei·

42 3661 97 3713 tus
114 3649 146 3712 in
164 3647 291 3712 eeclesia
316 3649 351 3712 ad
376 3647 571 3714 sacerdotium
598 3670 656 3712 noo
677 3649 855 3730 admittitur,
887 3652 1002 3716 tametsi
1020 3663 1070 3716 aut
1088 3671 1156 3716 sese
1173 3652 1209 3716 ab

42 3769 150 3816 uxore
167 3749 332 3829 contineat,
368 3760 417 3814 aut
440 3751 479 3815 sit
497 3753 617 3832 viduusq
652 3750 813 3833 eiusmodi,
845 3753 979 3838 inquam,
1012 3754 1048 3818 ah
1066 3752 1207 3839 episcopi,

41 3853 236 3940 presbyteri,
271 3853 385 3916 diaconi
410 3864 439 3916 et
459 3852 629 3918 subdianoni
651 3853 744 3937 gradu
772 3855 915 3920 reiioitur.
963 3853 1131 3921 &eundum
1154 3854 1208 3920 bos

40 3955 162 4042 gradm
183 3956 326 4020 lentorum
350 3956 423 4019 ordo
440 3975 479 4020 ex
499 3955 633 4020 omnibus
652 3956 803 4022 ordinibus
822 3958 891 4042 eligi
909 3969 1023 4045 potest,
1057 3958 1208 4024 honeste

40 4057 233 4142 virginibus,
258 4059 427 4136 monachis,
458 4056 692 4136 continentibus,
727 4059 822 4124 viduis
839 4070 868 4123 et
883 4061 920 4124 iis
934 4060 983 4144 qui
1000 4059 1132 4124 honestis
1147 4081 1209 4126 ma-

38 4160 199 4226 trimoniis
215 4159 376 4246 illigantur.
422 4157 497 4240 imo,
521 4160 549 4224 si
563 4161 726 4226 nenessitas
742 4161 853 4242 tulerit,
876 4182 916 4226 ex
933 4161 991 4226 illis
1007 4161 1096 4228 etiam
1113 4165 1209 4229 adsui·

38 4272 176 4327 seuutur
198 4263 246 4348 qni
268 4274 335 4349 post
358 4261 464 4347 prioris
490 4263 593 4328 uxoris
616 4262 726 4326 obitum
748 4285 812 4327 eum
832 4264 922 4327 altera
943 4283 1011 4328 sese
1030 4265 1207 4350 copularint.

38 4363 170 4450 Quippe
193 4366 287 4430 leetor
313 4386 372 4430 non
398 4365 538 4428 saeerdos
564 4375 625 4444 est,
658 4366 710 4430 sed
728 4377 864 4451 tanquam
887 4365 978 4430 divini
994 4366 1075 4431 verbi
1095 4369 1206 4434 seribe.

37 4467 89 4532 At
107 4468 294 4532 diaconissae
309 4467 343 4531 ad
363 4467 439 4531 hono
454 4487 541 4530 unum
557 4489 641 4532 usum
660 4467 852 4554 adhibentur,
877 4479 909 4534 ut
926 4469 1076 4536 mulierum
1091 4472 1209 4536 deeoris
