3060 5026
321 381 384 448 390
747 395 870 448 τινοιν
888 395 1059 448 mma

324 511 463 595 Χριστόν.
519 510 560 578 Τό
589 513 622 578 δὲ
641 512 828 588 Ἀπίστειλας
852 509 972 579 ἄνωθεν
997 515 1063 596 ἔχον
1083 511 1139 596 τήν
1158 518 1306 600 θεωρίαν,
1338 511 1401 578 ἄλλ’
1429 513 1484 579 ούε

321 612 406 690 ίκτός
427 611 463 679 δν
483 620 543 679 τῶν
568 610 628 680 ύπδ
658 617 778 700 Πίτρου
802 617 962 700 εἰρημένων
986 614 1049 694 ὅτι,
1077 615 1198 699 Ἰησοῦν
1220 614 1271 683 τόν
1294 622 1483 700 Ναζωραῖον,

322 713 417 801 ίίνιλρα
436 715 683 804 δποδεδειγμὲνον
698 721 740 794 είς
755 715 832 800 ύμᾶς
847 719 946 802 τέρασι
963 720 1015 783 καί
1031 721 1173 801 σημείοις,
1194 717 1231 786 δν
1245 721 1359 802 ἔχρισεν
1377 714 1397 783 ό
1413 717 1485 794 θεός

324 818 470 902 πνεύματι
492 815 581 908 όγίμ·
603 821 653 884 καλ
676 818 713 886 τοί
734 819 850 896 τούτοις
873 819 972 903 ὅμοια.

187 931 252 999 Κεφ.
266 929 312 1000 λγ.
408 918 485 987 Είτοι
507 923 540 987 δί
564 920 652 987 πόλιν
678 925 710 988 οί
730 922 905 1008 γλυκύτατοι
929 918 1013 1004 ἡμῶν
1037 919 1176 1004 ἀδελφοί,
1206 919 1385 1004 βουλόμενοι
1412 924 1485 989 mn*

323 1021 420 1090 πάντα
445 1029 634 1105 φιλονείκους
653 1021 727 1108 ἡμῖν
749 1025 894 1111 είςφίρειν
914 1029 1062 1102 διανοίας,
1093 1027 1143 1090 καί
1165 1022 1220 1107 τήν
1242 1025 1337 1090 αὐτοῦ
1353 1024 1486 1110 θεότητα

183 1147 234 1192 εει·
248 1135 305 1180 ¹⁰²&
323 1136 517 1194 πεπονθυῖαν
533 1126 589 1193 οῦκ
606 1123 775 1210 οίτολμήτως
787 1124 1000 1214 κηρύττουσιν,
1023 1129 1056 1193 ἔκ
1070 1134 1125 1193 τοῦ
1140 1131 1231 1212 (ίητοῦ
1244 1134 1298 1193 τοῦ
1316 1129 1486 1212 εἰρημένου,

327 1233 367 1294 Ec
388 1227 444 1316 γόρ
466 1231 612 1314 ἔγνωσαν,
644 1227 700 1295 ούκ
724 1227 761 1294 τίν
781 1227 834 1295 τόν
848 1228 956 1316 κύριον
977 1237 1031 1312 τῆς
1049 1227 1139 1311 δόξης
1156 1226 1355 1315 ἐσταύρωσαν.
1405 1230 1488 1306 Τινὲς

251 1361 255 1369 ·
322 1333 427 1398 δίτοῖν
448 1331 544 1398 αῦτοῦ
560 1335 676 1396 παίδων
691 1330 732 1416 μή
747 1339 887 1408 νοοῦντες
901 1339 1006 1413 τοῦτο,
1038 1329 1080 1408 οἱς
1096 1329 1196 1416 οίμαι,
1225 1329 1296 1414 μετοί
1315 1337 1376 1397 τῶν
1393 1329 1488 1398 τ’ίλλων

322 1432 554 1519 προβαλλόμενοι
577 1431 735 1516 βούλονται
758 1436 989 1514 ἐπισοφίζεσθαι.
1035 1433 1184 1517 Θαυμοίζω
1202 1432 1260 1520 γολρ
1280 1437 1308 1500 εί
1325 1432 1422 1510 αύτός
1440 1433 1488 1500 οῦ-

322 1563 381 1614 ιως
396 1533 513 1616 φάσκει.
561 1535 608 1602 Οῦ
632 1533 809 1618 θαυμαστόν
831 1534 887 1622 γδρ
910 1534 963 1602 ίολν
982 1539 1052 1627 είπη
1071 1535 1177 1620 ἦθεία
1193 1534 1293 1622 γραφὴ
1308 1535 1364 1602 τόν
1382 1537 1488 1624 κύριον

321 1645 377 1722 τῆς
389 1639 478 1721 δόξης
496 1641 710 1727 ἐσταυρῶσθαι.
756 1641 817 1703 Καί
833 1637 890 1724 γοίρ
906 1639 958 1704 καί
975 1637 1081 1724 κύριον
1104 1638 1193 1722 δόξης
1210 1635 1417 1725 ὁμολογοῦμεν
1439 1641 1487 1704 καί

324 1739 421 1826 αύτὴν
446 1740 500 1824 την
524 1744 669 1824 ίνσαρκον
691 1745 874 1825 παρουσίαν·
906 1739 944 1806 ού
961 1740 1017 1827 γοίρ
1037 1741 1174 1830 διῄρηται
1192 1740 1255 1806 σἰπό
1271 1749 1324 1824 τῆς
1342 1741 1489 1823 θεότητος

323 1841 345 1926 ἦ
369 1845 513 1928 ἔνσαρκος
536 1847 702 1927 παρουσία·
733 1851 787 1926 τῆς
814 1843 938 1925 ίιιόστης
962 1839 1138 1920 ύποθίσεως
1161 1841 1288 1930 εὐλόγως
1311 1847 1487 1928 νοουμένης,

324 1947 376 2012 καί
394 1947 442 2012 ἐπί
460 1944 493 2012 τό
513 1944 586 2011 αύτιί
601 1953 655 2028 τῆς
670 1944 769 2028 πόσης
789 1950 987 2032 πραγματείας
1005 1948 1047 2023 είς
1062 1951 1133 2029 μίαν
1153 1949 1329 2028 οἰκονομίαν
1348 1948 1404 2012 τιαλ
1421 1953 1488 2030 μίαν

323 2045 489 2130 τελειότητα
513 2045 587 2132 ἡμῖν
610 2049 826 2132 συνηνωμίυης.
873 2047 1022 2132 Παθητιίς
1043 2047 1100 2135 γοίρ
1124 2045 1197 2131 ἡμῖν
1216 2047 1396 2136 κηρύττεται
1419 2057 1488 2136 Χρι

324 2149 393 2226 στός
410 2151 459 2216 κοιλ
479 2148 662 2230 πιστεύεται,
690 2151 727 2216 οῦ
743 2148 814 2216 καθ’
837 2149 945 2218 ἔαυτόν
963 2149 1091 2231 παθοίν,
1121 2147 1192 2217 ούδί
1207 2150 1254 2217 ότι
1270 2150 1360 2228 ἄλλος
1380 2149 1489 2219 ἓστλνό

323 2252 488 2331 πεπονθοίς
510 2255 561 2319 καλ
588 2250 674 2328 ἄλλος
698 2249 853 2338 όκύριος,
883 2252 954 2320 οῦδὲ
976 2252 1022 2320 δτι
1039 2249 1061 2336 ἦ
1079 2252 1189 2336 θεότης
1212 2255 1390 2334 πίπονθεν,
1420 2254 1488 2320 dui

323 2357 461 2422 πέπονθε
477 2356 530 2439 μίν
548 2352 566 2421 ό
582 2354 687 2440 κύριος
703 2351 789 2439 ἡμῶν
801 2354 917 2438 Ἰησοῦς
933 2353 1078 2441 Χριστός,
1109 2363 1164 2439 τῆς
1179 2354 1325 2439 θεότητος
1341 2357 1488 2444 τἰτρίτττοτ

324 2457 472 2542 μενούσης
490 2483 521 2523 τε
536 2459 587 2522 καλ
603 2455 762 2536 οίπαθοῦς,
796 2457 966 2542 πασχούσης
988 2460 1020 2524 δὲ
1036 2461 1068 2524 ίν
1084 2465 1121 2548 τῇ
1145 2460 1248 2543 σαρκί,
1280 2461 1333 2524 καί
1348 2457 1489 2535 δτιαθούς

324 2559 478 2644 μενούσης.
524 2563 567 2624 Et
580 2557 636 2644 γοίρ
653 2560 789 2626 ἀπέθανε
809 2559 939 2648 Χριστός
959 2557 1035 2647 ύπίρ
1058 2557 1158 2644 ἡμῶν,
1189 2564 1239 2626 καί
1262 2559 1359 2638 ὅντως
1376 2560 1488 2628 ἆτιίθα-

324 2685 388 2742 νεν,
418 2660 472 2745 σύγ
487 2657 508 2745 ἡ
523 2661 635 2743 θεότης
655 2658 824 2743 οίπίθανεν,
857 2661 928 2728 ἄλλο’
948 2660 1099 2729 όπίθανεν
1123 2665 1156 2729 ίν
1173 2664 1275 2750 σαρκί,
1306 2662 1388 2730 um&
1402 2663 1437 2730 τό
1453 2667 1487 2728 εί-

324 2765 468 2849 ρημένον,
497 2767 691 2841 Θανατωθελς
715 2768 818 2850 σαρκί,
850 2769 1047 2848 ζωοποιηθεὶς
1068 2767 1155 2855 δίτςῦ
1171 2764 1333 2847 πνεύματι,
1365 2770 1421 2831 καί
1437 2764 1487 2830 ab·

324 2873 386 2944 λιν,
413 2871 547 2952 Χριστοῦ
564 2865 718 2943 παθόντος
737 2864 812 2951 ὑπὲρ
833 2855 920 2951 ἡμῶν
938 2873 1034 2953 σαρκί.
1080 2873 1265 2952 Θαυμαστοῖς
1279 2864 1353 2950 ἡμῖν
1374 2867 1484 2951 ω’μολό

325 2995 411 3054 γηται
430 2968 593 3046 πεπονθός
608 2973 640 3036 ἐν
656 2968 782 3058 οίληθείμ
797 2972 847 3036 καλ
862 2969 988 3054 ἀπαθὴς
1003 2973 1035 3036 ἐν
1049 2969 1192 3060 ἆληθείρι,
1215 2977 1268 3052 τῆς
1284 2972 1438 3054 θεότητος
1450 2969 1486 3052 μη

323 3070 498 3155 παθούσης,
531 3071 582 3138 διδ
608 3071 642 3139 τό
670 3072 814 3157 ἄτρεπτον
838 3074 889 3139 καλ
913 3070 1033 3148 τἰποιθίς
1057 3075 1109 3139 καί
1134 3069 1294 3156 όμοούσιον
1320 3079 1366 3162 τηῦ
1392 3078 1485 3159 πατρί

325 3174 494 3258 Παθούσης
512 3176 545 3240 δί
558 3182 612 3259 τῆς
627 3174 755 3262 σαρκός,
786 3177 837 3242 καί
860 3175 896 3241 οῦ
916 3179 1103 3259 μερισθείσης
1120 3182 1174 3260 τῆς
1190 3174 1334 3258 θεότητος
1356 3174 1426 3243 &ud
1440 3185 1485 3257 τῆς

323 3275 472 3361 ἐνσόρκου
491 3283 657 3363 παρουσίας
677 3281 708 3344 ίν
727 3285 768 3366 τῷ
795 3277 898 3345 πείθει.
942 3285 1045 3362 Συνῆν
1069 3275 1125 3365 γύρ
1151 3279 1201 3344 καί
1226 3275 1249 3359 ἦ
1261 3275 1376 3360 θεόιης
1402 3261 1485 3360 καίη

324 3378 570 3463 ίνανθροίπησις,
598 3380 669 3445 ῐὸτε
686 3383 734 3446 ίπλ
752 3387 794 3470 τῷ
808 3389 925 3469 σταυρῷ
941 3383 1047 3464 ίπασηε
1063 3381 1117 3463 μίν
1137 3377 1266 3466 Χριστός
1280 3382 1389 3466 σαρκί,
1414 3379 1484 3446 τίκα-

322 3480 385 3564 θης
401 3483 433 3547 δί
450 3484 545 3565 ἔμεινε
556 3481 692 3565 θεότητι·
722 3485 770 3548 ίνα
786 3481 840 3566 τὴν
859 3487 1012 3551 δικαίωσιν
1029 3485 1131 3566 μηκέτι
1149 3485 1182 3548 ἐν
1198 3483 1287 3570 σαρκί
1302 3480 1403 3564 μόνον
1419 3487 1483 3566 ἔχει·

323 3607 393 3668 μεν,
417 3582 488 3649 ἄλλοί
502 3586 534 3649 ίν
554 3592 590 3674 τῇ
607 3583 744 3668 θεότητι,
765 3588 817 3651 καί
836 3589 887 3651 ίνα
906 3589 938 3652 ἒν
953 3593 991 3676 τῇ
1004 3586 1126 3668 θεότητι
1141 3586 1192 3651 καί
1209 3587 1241 3650 ἔν
1257 3591 1292 3674 τῇ
1313 3588 1407 3668 σαρκί
1426 3583 1484 3650 τοτ’

323 3684 438 3770 οίμφοίν
453 3683 526 3770 ἡμῖν
542 3693 671 3772 σωτηρία
686 3689 812 3774 γίνηται.
859 3686 906 3754 Ου’
920 3687 976 3774 γοίρ
993 3686 1082 3771 ψιλός
1100 3685 1172 3772 ἡμῖν
1188 3684 1353 3774 ἅνθρωπος
1370 3685 1392 3753 o‘
1414 3695 1484 3772 Χρι-

323 3787 406 3869 στός,
431 3786 529 3853 ἀλλὰ
545 3788 633 3876 λόγος
647 3789 862 3872 ἐνυπύστατος,
884 3793 1042 3878 ίνσαρκος,
1064 3793 1116 3857 καλ
1132 3790 1207 3868 θεός
1222 3787 1392 3874 ἅνθρωπος
1406 3816 1485 3878 yxyo-

322 3889 383 3969 νοός
398 3892 431 3958 ἓν
448 3890 592 3982 δληθείρι,
623 3889 710 3976 ἡμῶν
730 3891 771 3978 μη
796 3892 922 3976 ἐχόντων
946 3891 999 3977 την
1018 3896 1120 3960 ἐλπίδα
1145 3891 1191 3960 ἐπ’
1210 3891 1395 3979 ἄνθρωπον,
1428 3891 1484 3958 ἀλλ’

323 3996 357 4061 ἐν
373 4023 409 4086 τη
426 3993 564 4078 θεότητι,
595 3997 646 4061 καί
664 3993 750 4080 ἡμῶν
774 3994 815 4080 μὴ
831 3994 958 4080 ἐχόντων
983 3995 1057 4064 θεόν
1082 3994 1251 4081 πάσχοντα,
1280 3991 1341 4061 ἄλλ’
1360 3994 1482 4086 banoy]

358 4168 416 4219 (λιν.
427 4169 553 4220 ΧΧΧΙΙΙ.
566 4197 599 4208 -
636 4172 656 4222 λ.
675 4163 716 4224 ὅτι
729 4171 840 4222 παυσατο
853 4176 887 4224 εει
902 4173 938 4222 τα
957 4173 1039 4224 Ρείσυ.
1059 4173 1139 4224 colon.
1155 4176 1228 4236 τιμαί.

357 4235 381 4288 2.
400 4231 454 4290 ἀλλ’
471 4234 545 4306 λόγος
562 4240 599 4289 εδ.
618 4243 699 4292 Ρείου.
