3072 5002
302 311 440 364 raanan
456 311 521 364 ura.
534 313 579 367 1n.
597 311 679 366 ron.
695 313 716 364 t.
737 309 839 363 naen.
860 309 983 363 uxxrn.
1185 299 1227 364 87

73 431 119 494 ists
135 434 323 518 respondent,
346 438 436 515 Apud
448 438 546 510 denam
571 433 635 498 istis
654 453 739 512 vero,
763 435 818 496 Per
837 453 890 506 ne,
918 431 1003 510 baec,
1028 435 1077 496 At
1092 445 1207 496 aeterno
1214 461 1225 510 ‚·

72 539 160 597 dnnrls
178 558 234 616 per
249 541 339 617 muns
359 541 439 618 factu
453 549 537 610 sunt,
570 541 674 598 etst'ne
694 538 877 620 rpscsactum
901 545 946 595 est
958 537 1041 596 nebit.
1088 533 1150 599 Pru
1171 535 1227 600 ltac

72 659 153 716 voce,
175 643 333 712 Fundanis,
358 639 453 717 istud,
486 643 568 718 Qaeod
578 643 687 721 suctum
703 650 763 712 est,
796 643 826 700 r'n
842 642 902 718 r'psu
920 642 977 698 cita
990 649 1063 699 erut.
1112 633 1168 702 Cui
1185 640 1226 702 si·

73 741 132 804 mile
149 751 195 804 est
211 741 300 806 illud:
325 745 359 804 In
375 747 436 823 apso
453 754 550 805 creatu
570 752 640 804 aunt
658 745 762 804 omnib.
810 737 887 803 Nam
906 739 951 802 bis
971 739 1086 819 verbis,
1111 745 1151 802 Et
1164 763 1228 804 uer-

71 844 125 904 bnn
145 865 214 906 caro
231 846 340 925 suctum
357 856 418 919 est,
453 845 500 908 illa
520 844 718 930 respondent,
751 846 898 924 Sapientia
918 845 1081 924 aedificavit
1100 845 1160 905 arba·
1177 849 1226 906 do·

69 967 143 1007 nnn.
190 943 265 1009 ltem
292 945 431 1031 probis,
465 952 553 1010 Erum
579 951 656 1029 opud
679 951 768 1028 apuam
796 967 978 1027 componens,
1015 942 1141 1008 loannes
1168 946 1224 1010 ista

69 1047 193 1132 scripsit,
223 1053 290 1110 Non
304 1052 492 1130 patestfilius
508 1071 526 1112 n
542 1055 633 1131 serpso
649 1052 748 1131 [nme
768 1053 933 1131 anbqnurn,
966 1053 1027 1110 nr'sr‘
1037 1052 1113 1131 qnod
1124 1052 1380 1124 asbemttomutns.

65 1163 166 1230 patrenr
182 1153 359 1234 ficimten:
393 1174 467 1232 qaue
481 1157 553 1215 enam
570 1157 620 1214 itte
631 1155 721 1234 feeit,
747 1156 841 1214 eudem
859 1163 889 1213 et
891 1153 979 1232 filins
997 1154 1129 1213 similiter
1139 1154 1223 1233 sner't.

69 1251 212 1317 Habemus
229 1254 320 1338 igitur
333 1275 373 1318 ex
384 1276 437 1318 cre
455 1257 578 1320 duorum
595 1257 644 1320 vel
661 1257 747 1320 trium
767 1255 885 1318 testium
901 1253 953 1316 lilii
965 1255 1125 1318 secundum
1143 1264 1228 1317 aratu·

67 1377 121 1418 ram
134 1357 355 1420 similitudinem
372 1378 437 1420 cum
453 1371 535 1443 patre
554 1357 786 1443 comprobatam.
832 1353 916 1422 Unus
931 1355 1037 1442 quippe
1052 1356 1226 1441 sapientiam

66 1459 199 1542 sapientis
219 1459 309 1522 otium
331 1461 496 1544 praedicat,
528 1461 605 1525 alter
625 1459 672 1524 dei
690 1460 812 1524 verbnm
832 1459 1012 1544 unigenitum
1030 1459 1133 1536 deum,
1167 1468 1228 1522 ter·

67 1561 116 1624 tius
130 1562 176 1625 dei
195 1561 287 1626 filium
305 1561 463 1647 imaginem
481 1564 616 1628 affirmat.
662 1564 749 1626 Adeo
766 1573 797 1626 nt
812 1567 860 1624 der·
872 1563 1004 1636 umbem,
1028 1573 1059 1623 et
1072 1565 1223 1643 rapientia,

65 1671 194 1746 etinngo
214 1687 303 1728 unam
330 1686 470 1750 prorsus,
502 1677 534 1730 ut
556 1678 645 1732 antea
665 1667 854 1743 dictumest,
886 1665 1020 1748 idemque
1044 1663 1225 1750 significent,

66 1787 94 1830 ee
110 1769 155 1831 dei
174 1767 326 1855 patrisque
351 1770 511 1833 secundum
536 1769 695 1834 essentiam
718 1768 796 1831 filius
819 1767 1014 1832 communiter
1036 1767 1072 1830 ab
1092 1767 1227 1832 umoribus

66 1881 261 1935 asseveretur.
308 1868 432 1935 Praeter
454 1871 526 1934 baec
545 1893 619 1934 veru
639 1870 728 1934 divini
753 1890 808 1935 nos
834 1870 981 1934 sermonis
1006 1870 1167 1934 auctoritas
1190 1871 1225 1934 ad

67 1973 134 2035 illam
151 1974 302 2038 essentiae
321 1973 401 2038 velut
421 1975 555 2038 manibus
571 1975 810 2038 contrectandam
827 1971 1064 2049 similitudinem,
1090 1969 1228 2036 Thomas

66 2074 169 2154 instar,
194 2077 331 2154 adducit,
362 2098 428 2139 cnm
446 2080 484 2140 ita
503 2076 648 2161 loquitnra
681 2081 766 2139 Sr'eut
774 2088 862 2158 puter
877 2075 963 2138 dubet
976 2079 1060 2136 citum
1076 2079 1105 2136 in
1120 2081 1224 2156 snpra,

66 2181 100 2238 r'tn
114 2192 142 2241 et
147 2183 220 2260 fitr'o
234 2183 313 2242 dedit
326 2184 411 2242 ortum
426 2181 530 2242 bomne
546 2185 577 2242 r'n
592 2183 694 2260 serpso.
742 2176 860 2241 Etenim
879 2177 904 2240 si
923 2177 996 2240 baec
1010 2176 1119 2253 verba,
1143 2181 1230 2239 Sient

62 2295 139 2360 pater
153 2284 257 2356 debet,
281 2281 325 2344 sic
343 2282 528 2368 accipiuntur
544 2294 575 2346 nt
590 2303 649 2346 noo
668 2282 703 2345 ad
722 2281 798 2344 alind
819 2281 953 2365 quiddam
972 2281 1157 2358 relocantur,
1191 2299 1227 2344 nc

64 2384 207 2446 diversum
232 2389 344 2467 (neque
369 2384 446 2446 enim
470 2384 546 2447 aliud
565 2397 610 2447 est
629 2395 730 2469 potor,
763 2383 840 2448 uliud
864 2384 925 2448 vita
942 2403 1016 2468 quae
1040 2393 1085 2447 est
1100 2382 1129 2446 iu
1147 2381 1225 2466 ipso,

64 2487 138 2568 qnasi
156 2487 237 2550 uliud
251 2489 290 2550 sit
304 2488 381 2570 quod
400 2488 525 2564 babeat,
549 2488 627 2551 aliod
645 2488 721 2572 qnod
740 2485 840 2550 baberi
856 2487 987 2566 dicatur,
1012 2486 1064 2550 sed
1082 2485 1144 2570 ipse
1162 2485 1229 2549 sine

63 2588 115 2650 ulla
130 2589 347 2675 compositione
363 2589 424 2653 vita
440 2599 487 2652 cst
501 2601 599 2674 pater:
633 2611 722 2675 porro
744 2590 821 2653 sicut
841 2589 927 2652 babet
943 2589 1023 2675 ipse,
1054 2586 1098 2650 sic
1117 2598 1147 2651 et
1166 2587 1227 2651 lilio

61 2689 185 2768 dederit,
212 2691 348 2756 nimirum
363 2693 436 2755 citra
455 2691 717 2778 compositionem,
742 2701 774 2756 ut
787 2704 817 2755 et
833 2695 944 2777 pater),
967 2692 1151 2756 manifestum
1168 2701 1226 2772 est,

62 2813 119 2855 eum
135 2795 177 2858 ita
196 2794 277 2858 illam
293 2795 400 2858 babeat
417 2795 514 2872 lilius,
546 2815 601 2858 uec
623 2805 760 2880 tanquam
780 2793 930 2878 ingenitus
947 2793 1070 2872 babeat,
1101 2794 1225 2856 eaodem

60 2895 280 2982 compositionis
296 2899 383 2960 modo
403 2919 460 2960 nou
477 2898 603 2976 babere,
636 2919 671 2963 ac
690 2897 836 2962 simillime
858 2896 889 2959 io
909 2895 1061 2975 omnibus,
1095 2897 1171 2980 quod
1190 2897 1226 2960 ad

60 3000 217 3063 essentiam
241 3001 364 3078 attinet,
400 3011 560 3084 cupatur,
596 3000 727 3085 citraque
752 2999 1007 3084 compositionem.
1054 2995 1121 3062 Nec
1148 2997 1226 3062 enim

60 3112 102 3162 est
116 3103 297 3179 obscurum,
321 3103 349 3166 id
369 3103 444 3187 quud
461 3102 557 3166 simile
576 3114 639 3184 est,
663 3104 739 3167 idem
757 3103 872 3188 penitus
890 3121 956 3166 cnm
974 3123 1011 3164 eo
1027 3101 1110 3164 cuins
1130 3099 1227 3165 simile

59 3212 185 3268 estesse
206 3227 266 3268 oon
284 3225 383 3289 posse.
430 3201 523 3270 Cuius
541 3206 583 3268 rei
599 3215 775 3289 argomento
793 3203 848 3283 sit,
873 3205 948 3288 quod
968 3203 1044 3266 idern
1064 3204 1114 3267 ille
1132 3205 1227 3269 lactas

60 3305 92 3368 ad
107 3307 259 3373 bominum
276 3307 494 3372 similitudinem
509 3307 554 3370 dei
575 3307 671 3384 lilius,
703 3307 773 3370 licet
798 3306 885 3370 bomo
909 3307 1015 3384 luerit,
1049 3325 1107 3372 noo
1129 3317 1227 3370 tameo

59 3406 130 3471 idem
147 3431 215 3474 cum
236 3410 352 3474 bomine
367 3409 482 3495 penitus
502 3409 602 3473 luerit.
647 3410 695 3472 Ac
711 3410 827 3473 tametsi
845 3419 982 3492 suscepta
1004 3416 1367 3494 accommodationes

59 3515 244 3574 rrmtd’tudine
261 3511 445 3597 passionibus
461 3512 539 3590 illis,
572 3533 589 3575 a
607 3512 711 3596 quibus
729 3511 827 3576 carnis
845 3523 997 3597 peccatum
1014 3512 1224 3597 proficiscitur,

60 3613 207 3678 obnoxius
223 3626 322 3694 esset,
347 3615 510 3679 cuiusmodi
524 3625 594 3680 sunt
609 3617 701 3679 lomes
721 3635 756 3679 ac
772 3615 853 3694 sitis,
878 3627 1055 3701 ceteraeque
1071 3615 1099 3679 id
1117 3635 1224 3699 genus,

61 3713 131 3780 idem
147 3728 250 3782 temen
268 3717 344 3804 qnod
359 3719 394 3782 ad
410 3719 508 3782 caruis
526 3729 676 3804 peccatum
694 3718 822 3804 pertinet
837 3741 894 3782 non
915 3719 978 3783 luit.
1027 3716 1227 3803 Quamobrem

60 3839 95 3882 ex
111 3820 285 3905 apostolicis
306 3821 386 3884 bisce
411 3822 588 3886 testimoniis
614 3821 668 3884 lilii
691 3822 852 3888 secundum
878 3822 1037 3886 essentiam
1060 3842 1124 3886 cum
1144 3831 1226 3906 patre

61 3921 219 3987 similitudo
239 3923 397 4009 colligitur.

139 4023 183 4092 Ut
200 4025 280 4090 enim
303 4025 450 4090 bominum
470 4025 517 4090 ille
536 4025 640 4090 similis
660 4029 771 4108 lactus,
804 4037 834 4093 ct
851 4027 1038 4106 hauserat,
1068 4037 1099 4089 et
1118 4047 1177 4089 oon
1195 4025 1225 4091 iu
1243 4047 1362 4116 captx

62 4129 193 4194 omnibus
215 4139 299 4208 erat,
335 4127 422 4192 bomo
447 4128 579 4214 quidem,
617 4141 761 4214 quatenus
784 4151 901 4194 carnem
928 4129 1059 4214 suscepit
1086 4129 1225 4210 bominis,

94 4301 131 4350 ιιι.
157 4299 224 4369 ἔχειν
249 4303 331 4352 obtare
355 4305 418 4352 emar
437 4303 462 4351 tn
486 4301 524 4351 ed.
541 4302 624 4353 Petua.
659 4303 706 4353 len.
724 4315 740 4350 e
756 4316 788 4351 m.
804 4315 843 4364 pr.

63 4369 137 4419 wan
153 4372 261 4432 repetitu.
696 4369 735 4421 13.
755 4367 883 4430 rusticor
899 4372 951 4421 eod.
965 4370 1062 4434 ltbcdr'q.

95 4437 131 4487 tl.
158 4438 248 4503 νοῆται
271 4439 301 4488 ed
327 4441 408 4488 Paos.
442 4444 535 4492 νοεῖται
555 4441 624 4491 codd.
696 4435 734 4488 ll.
761 4436 798 4498 εις
817 4431 945 4501 ἀπόδειξιν
960 4442 1092 4503 coaptentur
1108 4443 1141 4490 est
1157 4441 1228 4491 Petu·

62 4517 114 4553 msa.
132 4511 154 4555 et
169 4508 208 4556 ed.
225 4509 302 4568 prtnc.
658 4509 719 4558 ulus.
755 4507 882 4569 Quaeres
903 4507 942 4558 ael
964 4507 1023 4560 binc
1041 4507 1228 4578 dmonstratuq

97 4574 134 4624 tt.
149 4567 194 4626 aiat
207 4573 337 4634 συνθέτως
350 4575 402 4625 nu
415 4576 522 4640 abactio,
538 4577 623 4628 eteot.
659 4578 727 4627 nerttt
745 4578 879 4628 canonas
