3082 5006
348 381 504 465 αὐτοτελῆ,
534 379 795 466 άναθεματίζοντες
822 385 855 450 δέ
878 385 930 450 καί
954 383 1025 462 τούς
1048 383 1235 468 πλατυσμύν,
1264 385 1286 469 ῆ
1307 386 1499 471 mmm*

347 487 497 572 ένέργειαν
520 491 574 551 τοῦ
595 482 708 570 πατρός
732 483 784 551 τόν
804 487 873 553 αίύν
891 489 1044 573 λέγοντας,
1074 489 1125 553 καλ
1146 486 1218 564 τούς
1240 485 1294 554 τόν
1314 489 1390 556 θιύν
1408 489 1498 576 λόγον,

345 584 400 654 τόν
417 587 485 653 υίόν
500 595 554 654 τοῦ
569 595 662 666 θεοῦ,
690 587 888 672 προαιοόνιον,
919 592 970 655 ιιιιλ
991 592 1128 656 σναΐύιον
1142 597 1184 678 τῷ
1201 593 1291 676 πατρί
1305 595 1384 658 4τιαλ
1400 593 1499 658 έννπό-

345 709 469 771 στατον,
491 692 543 758 καί
565 687 721 775 αὐτοτελῆ,
744 689 811 758 υέύν
831 693 885 758 καλ
906 689 983 758 θεόν
1004 690 1046 776 μῆ
1068 689 1292 779 ὁμολογοῦντας.

208 911 328 984 Κεφιβ.
431 900 476 963 Er
488 922 534 974 τις
549 895 603 960 τόν
620 893 712 962 αὐτόν
729 899 842 982 πατέρα
858 900 909 963 καί
928 896 996 964 υίόν
1012 899 1065 964 καλ
1083 896 1171 984 ῦγιον
1185 906 1302 982 πνεῦμα
1317 900 1410 986 λέγει,
1436 899 1498 966 άνό

344 1007 424 1082 θεμα
445 1002 527 1066 έστοο.
572 1001 675 1076 Είτις
691 995 784 1084 άρχῆν
802 997 824 1083 ῆ
840 1001 923 1077 τέλος
937 1008 979 1089 τηῦ
996 1003 1054 1090 υίηῖ
1070 1009 1125 1066 τοῦ
1142 1008 1219 1067 θεοῦ
1235 1003 1285 1067 καλ
1300 1001 1395 1090 λόγηε,
1425 1001 1499 1090 ῆτῆ

343 1105 474 1192 βασιλείηι
498 1103 593 1168 αὐτοῦ
612 1104 750 1181 ὐίύυσιν,
783 1097 923 1185 άνάθεμα
950 1106 1032 1170 έοτιο.
1077 1105 1123 1168 Εὐ
1140 1129 1184 1179 τις
1207 1106 1297 1186 μέρος
1320 1112 1376 1170 τοῦ
1396 1104 1499 1188 πατρός

341 1207 415 1292 λέγει
434 1203 486 1272 τόν
502 1203 585 1284 ιιέύν,
615 1201 684 1287 ῆτό
706 1212 825 1288 πνεῦμα
844 1203 878 1270 τό
902 1203 999 1292 άγιον,
1026 1207 1075 1271 καὶ
1096 1203 1137 1290 μῆ
1153 1203 1290 1292 όμολογεῖ
1301 1205 1355 1272 τόν
1369 1206 1438 1272 υίύν
1452 1213 1499 1272 τοῦ

345 251 390 318 οὐ
779 263 1089 320 εεαοτιτειεεεειιιι

341 1315 419 1374 θεοῦ
435 1311 468 1374 έι
486 1315 540 1392 τῆς
555 1312 609 1373 τοῦ
630 1305 742 1389 πατρός
757 1305 861 1384 οὐσίας
875 1307 934 1394 πρύ
949 1307 1047 1391 πάσης
1064 1309 1198 1384 έπινοίας
1212 1315 1406 1394 γεγενῆσθαι,
1436 1307 1498 1374 άνά·

340 1419 422 1492 θεμα
444 1412 526 1476 έστιο.
573 1411 649 1495 Περί
673 1411 706 1476 δέ
724 1417 777 1492 τῆς
793 1407 970 1496 σαρκῶσεας
985 1417 1039 1478 τοῦ
1058 1418 1135 1476 θεοῦ
1145 1410 1239 1496 λόγου
1255 1419 1310 1477 τοῦ
1326 1419 1499 1498 μονογενοῦς

340 1515 412 1579 υίοῦ
435 1521 489 1579 τοῦ
512 1519 590 1580 θεοῦ
613 1509 814 1599 ὁμολογοῦμεν
834 1511 882 1579 ὅτι
904 1511 971 1590 υίύς
991 1520 1046 1580 τοῦ
1066 1520 1144 1578 θεοῦ
1159 1516 1210 1579 καὶ
1225 1511 1390 1598 άνθριοπος
1405 1519 1498 1600 γέγονε

338 1617 430 1700 χειρίς
452 1613 609 1702 άμαρτίας,
643 1613 719 1681 κατά
746 1615 942 1702 ιπρόςληηπν
966 1616 1064 1699 πάσης
1088 1622 1141 1698 τῆς
1164 1613 1357 1701 άνθραπεέας
1374 1619 1497 1696 φῦσευς,

215 1781 216 1784 ,
340 1720 473 1784 τουτέστι
490 1725 591 1802 ψυχῆς
604 1724 724 1802 λογικῆς
737 1719 785 1784 καί
799 1725 916 1802 νοερᾶς,
940 1720 990 1786 καί
1004 1716 1114 1804 σαρκός
1128 1718 1332 1802 άνθρανπίνης.
1379 1717 1497 1785 Πιστεό-
1532 1741 1533 1826 3

341 1846 413 1902 ομεν
446 1823 488 1896 τίς
519 1822 571 1886 ἕνα
601 1817 677 1885 θεόν
702 1822 815 1905 πατέρα
839 1821 1083 1906 παντοκράτορα,
1114 1820 1235 1886 πάντων
1258 1818 1375 1907 όρατῶν
1398 1846 1430 1886 τε
1452 1821 1497 1887 καί
1532 1831 1533 1916 3

339 1921 479 2008 άοράτοιν
493 1919 637 2006 ποιητῆν,
668 1924 719 1988 καί
737 1925 779 1999 είς
793 1924 845 1989 ἕνα
860 1921 967 2008 κόριον
980 1921 1096 2006 Ἰησοῦν
1119 1922 1266 2008 Χριστόν,
1296 1921 1349 1990 τόν
1365 1922 1435 1989 υἱόν
1449 1929 1496 1989 τοῦ
1532 1917 1533 1928 ’

337 2034 431 2107 θεοῦ,
460 2025 512 2092 τόν
535 2025 715 2112 γεννηθέντα
741 2027 774 2091 έκ
788 2031 853 2119 Ιτοῦ
878 2024 990 2110 πατρός
1015 2033 1176 2112 μονογενῆ,
1215 2027 1366 2091 τουτέστιν
1391 2029 1424 2092 έν
1449 2031 1496 2107 τῆς

214 2149 267 2196 1¹¹1·
278 2137 324 2183 ⁸¹⁸·
338 2127 442 2208 οὐσίας
455 2137 509 2196 τοῦ
525 2126 655 2216 πατρός,
677 2126 751 2193 θεόν
768 2131 801 2194 έκ
818 2136 911 2207 θεοῦ,
933 2135 1000 2210 φῶς
1016 2131 1049 2194 έκ
1068 2126 1185 2210 φωτός,
1208 2126 1282 2194 θεάν
1301 2127 1495 2211 ῦληθινύνέι

335 2240 412 2299 θεοῦ
427 2230 594 2316 α’ληθινοῦ,
616 2233 813 2319 γεννηθέντα,
836 2230 874 2296 οὐ
892 2232 1075 2313 ποιηθέντα,
1098 2227 1260 2314 όμοούσιον
1274 2237 1317 2319 τῷ
1334 2233 1441 2314 πατρί,
1462 2227 1495 2294 δι’
1532 2251 1533 2256 ’

336 2328 375 2402 οὐ
394 2334 431 2402 τά
455 2335 552 2402 πάντα
578 2337 708 2422 έγένετο,
737 2333 774 2398 τά
792 2359 822 2398 τε
847 2335 880 2399 έν
898 2331 1017 2422 σύρανηῦ
1038 2333 1089 2399 καί
1106 2331 1142 2399 τά
1159 2335 1208 2399 έπί
1226 2339 1279 2416 τῆς
1301 2341 1375 2418 γῆς,
1397 2331 1447 2398 τόν
1461 2327 1494 2396 δι’

335 2435 415 2522 ῆμᾶς
433 2437 504 2514 τούς
520 2435 723 2520 άνθρῶπους,
756 2437 807 2502 καί
822 2433 872 2501 διά
895 2433 949 2518 τῆν
965 2435 1111 2519 ἡμετέραν
1130 2439 1279 2518 σωτηρίαν
1303 2433 1493 2510 κατελθόντα,
1532 2449 1533 2512 j

333 2542 386 2608 καί
403 2541 615 2622 σαρκωθέντα,
637 2540 689 2604 καὶ
707 2537 998 2625 ένανθραπῆσαντα,
1030 2536 1186 2615 παθόντα,
1208 2537 1259 2602 καί
1278 2533 1447 2603 άναοτάντα
1460 2541 1492 2626 τῆ

333 2645 418 2733 τρίτη
437 2639 552 2732 ῆμέρηι,
582 2639 747 2707 ἀνελθόντα
762 2644 804 2719 είς
817 2639 889 2718 τοῦς
907 2639 1071 2726 οὐρανούς,
1100 2638 1259 2723 έρχόμενον
1274 2647 1375 2723 κρῖναι
1391 2647 1494 2718 ζῶντας
1532 2687 1533 2722 .

332 2745 385 2809 καί
405 2741 543 2829 νεκρούς·
567 2744 619 2809 καί
636 2745 678 2820 τίς
698 2742 731 2810 τό
754 2743 839 2830 ἅγιον
860 2749 986 2825 πνεῦμα.
1036 2741 1114 2818 Τούς
1129 2743 1161 2808 ὐέ
1176 2743 1328 2827 λέγοντας,
1355 2733 1413 2807 Ἦν
1428 2766 1494 2807 ποτε

332 2845 381 2913 ὅτι
396 2846 453 2913 οὐκ
469 2839 521 2930 ῆν,
543 2847 594 2912 καλ
611 2849 682 2931 πρίν
699 2853 881 2933 γεννηθῆναι
897 2845 954 2912 οὐκ
973 2837 1026 2929 ῆν,
1048 2845 1099 2911 καί
1117 2841 1164 2911 ῦτι
1179 2847 1210 2922 έξ
1225 2841 1281 2910 οὐκ
1297 2841 1393 2910 ὐνταν
1408 2845 1494 2930 έγένι-

331 2975 383 3029 το,
405 2947 471 3033 ῆέξ
489 2951 590 3033 έτέρας
608 2945 834 3032 ὐποοτάσεωςῆ
851 2947 956 3025 οὐσίας
973 2945 1144 3029 φάσκοντας
1161 2941 1252 3027 είναι,
1274 2943 1296 3029 ῆ
1313 2944 1456 3032 τρεπτόν,
1475 2943 1494 3027 ῆ

331 3049 494 3136 άλλοιεοτῆν
516 3051 574 3138 τόν
585 3049 652 3117 υίύν
677 3057 732 3118 τοῦ
748 3059 842 3131 θεοῦ,
871 3049 996 3128 τούτους
1022 3047 1228 3133 α’ναθεματίζετ
1245 3045 1266 3131 η’
1282 3047 1429 3131 καθολινῆ
1447 3049 1494 3114 καί

330 3151 514 3236 άποστολικῆ
536 3156 681 3237 ἐκκλησία.
723 3151 801 3240 Ἐγῶ
829 3151 979 3228 Φωτεινύς
999 3151 1197 3236 πρεσβύτερος
1221 3157 1275 3234 τῆς
1296 3149 1373 3216 κατά
1388 3149 1493 3238 ’'Arm-
1532 3225 1533 3232 η

331 3283 388 3346 ραν
407 3263 599 3340 ’καθολικῆς
612 3259 766 3338 έκκληοίας
782 3255 861 3323 οῦτοι
877 3254 1005 3321 πιστεύω
1021 3255 1071 3319 καί
1087 3261 1192 3338 φρονῶ
1210 3250 1251 3330 ῶς
1265 3253 1492 3339 προγέγραπται

326 3357 405 3446 Ἐγῶ
428 3359 567 3444 Σιγέριος
589 3357 787 3442 πρεσβύτερος
812 3366 865 3442 τῆς
886 3355 979 3440 αὐτῆς
1001 3355 1081 3423 οῦτοι
1101 3354 1228 3422 πιστεῦον
1254 3358 1304 3422 καί
1327 3361 1436 3439 φρονῶ
1456 3351 1494 3431 ῶς

330 3463 556 3548 προγέγραπται.
598 3458 674 3548 Ἐγῶ
691 3457 811 3548 ’Τγῐνος
834 3459 976 3536 διάκονος
998 3466 1051 3542 τῆς
1079 3456 1173 3541 αὐτῆς
1196 3457 1276 3525 οῦτοι
1297 3455 1425 3524 πιστεῦον
1445 3459 1491 3522 καί

331 3555 436 3649 φρονῶ
461 3560 502 3641 ῶς
525 3565 754 3650 προγέγραπται.
797 3561 874 3651 Ἐγῶ
889 3559 1078 3647 Ἡρακλείδης
1101 3557 1306 3638 ὐπούιάιονος
1326 3567 1380 3643 τῆς
1401 3561 1493 3644 αὐτῆς
1532 3637 1533 3640 ,

330 3667 410 3733 οῦτα
435 3663 563 3731 πιοτεύοο
585 3667 637 3731 καλ
660 3674 763 3753 φρονῶ
789 3663 830 3744 ῶς
854 3667 1083 3752 προγέγραπται.
1131 3661 1232 3749 ’Ἐγῶ
1249 3663 1402 3740 Ἐλπίῦιος
1423 3661 1492 3729 άνα·

329 3767 462 3858 γνῶστης
477 3765 496 3835 ό
511 3766 620 3852 ταύτης
642 3767 720 3835 οῦτοι
738 3767 865 3834 πιστεῦον
885 3771 938 3833 ’καί
959 3774 1065 3852 φρονῶ
1076 3763 1126 3844 ’ῶς
1145 3767 1374 3852 προγέγραπται.
1415 3763 1491 3852 Ἐγῶ
1532 3769 1533 3772 ’

330 3869 485 3958 Κυριακύς
505 3869 671 3959 προστάτης
692 3879 746 3955 τῆς
766 3869 859 3956 αὐτῆς
882 3870 960 3939 οὕτω
987 3867 1114 3937 πιστεόεο
1132 3870 1183 3936 καλ
1205 3873 1311 3956 φρονῶ
1328 3865 1370 3946 ῶς
1387 3869 1490 3958 προγέ-

329 4001 466 4062 γραπται.

419 4072 520 4145 Ταῦτά
535 4079 596 4144 ἔστι
607 4074 643 4142 τά
658 4071 709 4141 ὐπ’
724 4073 824 4141 αὐτῶν
838 4073 915 4161 πρός
928 4072 999 4152 τοῦς
1014 4071 1197 4160 ὐμολογητάς
1210 4075 1262 4138 καί
1276 4073 1408 4158 πατέρας
1421 4099 1489 4160 γρα·

329 4179 430 4262 φέντα.
475 4182 518 4246 Et
532 4183 633 4248 τοίνυν
647 4176 771 4246 ὐύναται
788 4176 871 4266 παρά
888 4183 1017 4244 συνετῶν
1029 4185 1167 4244 νοεῖσθαι
1182 4178 1214 4242 έν
1229 4179 1379 4242 καλλίοσιν
1393 4173 1489 4264 ὐπάρ·

361 4380 386 4436 ιλ.
404 4384 509 4439 καίτοι
526 4391 551 4440 λιι
569 4390 605 4439 ιιλ.
621 4390 703 4440 Ρελσο.
723 4391 802 4440 σολον.
819 4393 889 4450 τερα.
923 4403 982 4440 nem
1001 4385 1079 4436 εοείαι
1098 4385 1222 4436 humanae
1239 4384 1357 4453 nutum)
1375 4389 1398 4440 τί
1415 4388 1487 4440 m-

364 4453 531 4505 (λιε.ΧΙΙ.-
544 4453 725 4522 ·1.ττράςληψιν
739 4457 894 4508 mundarunt
925 4459 986 4508 οιέιε.
1015 4457 1082 4506 Libri
1097 4455 1182 4506 λσύιιιί
1198 4449 1334 4521 πρόληψιν.

329 4523 458 4576 comm
474 4524 553 4590 (νττίλί
570 4527 632 4576 καίτοι
652 4523 721 4576 ium
739 4523 892 4594 εινατομιίο-
