3066 5016
300 294 439 348 canaan
455 295 520 350 uro.
531 297 574 350 ru.
592 295 676 351 rona.
688 297 719 352 tr.
733 297 835 351 anan.
852 299 995 351 axxvnr.
1166 285 1230 352 439

74 426 147 488 reat,
173 415 349 479 convenisse
368 417 551 500 postmodum
571 417 748 498 arbitretur,
772 419 845 483 nibil
862 417 1006 482 eiusmodi
1024 419 1229 484 demonstrare

74 515 116 578 rel
132 516 283 580 declarare
301 518 442 604 quispiam
461 530 576 604 potest,
600 521 652 584 sed
671 531 702 584 ut
719 521 791 584 labis
808 521 903 585 omnis
921 532 1096 606 expertem,
1120 531 1151 584 et
1167 543 1230 586 ma·

73 618 150 680 culae
175 619 331 683 salvatoris
358 621 450 686 nostri
471 633 583 706 partum
610 624 782 688 ostenderet
799 623 961 709 scriptura,
993 623 1062 686 illud
1087 625 1227 687 asseruit.

72 717 267 802 Quamobrem
294 721 369 786 istae
387 743 495 800 voees,
528 729 593 786 Noa
609 731 831 806 cognocr'teurn,
864 727 898 788 ad
922 725 999 788 illius
1021 723 1145 809 gloriam
1162 745 1230 810 spe·

72 832 158 886 etant.
202 821 433 909 primogenitum
450 847 524 889 reru
539 827 682 906 nominat,
699 848 735 890 eo
750 829 824 912 quod
842 838 910 892 ante
925 839 1042 892 creatas
1060 847 1110 891 res
1126 847 1229 892 omnes

70 926 255 1007 genitusest,
280 937 328 1004 et,
361 939 392 990 ut
409 927 450 991 ait
468 929 637 1012 apostolus,
667 935 875 1011 primogenitus
901 935 930 993 r'a
953 935 1050 992 mattas
1065 932 1381 1013 sruoibaafflauata

71 1049 124 1091 non
150 1039 286 1114 respectu
310 1031 345 1093 ad
366 1027 481 1094 Mariae
508 1032 618 1094 liberos
639 1032 756 1109 babitu,
792 1033 875 1116 quasi
900 1033 975 1096 alius
997 1033 1046 1096 illa
1066 1031 1227 1117 pepererit,

69 1131 115 1192 sed
132 1130 167 1192 ad
186 1151 237 1194 eos
253 1134 418 1216 omnesqui
437 1131 621 1218 adoptionem
638 1133 717 1197 illius
731 1134 875 1198 buneticiu
892 1134 1043 1197 consecuti
1058 1145 1138 1210 stant,
1162 1155 1227 1198 cum

68 1228 181 1296 Mariae
205 1233 278 1298 filius
303 1236 464 1298 secundum
493 1255 612 1299 carnem
641 1255 746 1299 revera
774 1237 844 1314 initq
877 1257 913 1299 arc
937 1236 1108 1300 adrambrata
1132 1236 1227 1300 solam

68 1335 178 1416 species
196 1355 265 1399 esse
284 1336 447 1400 videretur.
496 1335 588 1422 lgitcr
605 1336 817 1421 primogenitus
845 1359 879 1402 ac
897 1338 1021 1421 virginis
1038 1337 1131 1423 ipsius
1151 1337 1227 1402 filius

67 1436 236 1521 appellator,
261 1459 319 1501 non
337 1439 412 1522 quod
431 1440 517 1516 alios,
542 1440 582 1502 uti
598 1439 681 1518 dixi,
706 1439 814 1504 liberos
839 1439 998 1525 pepererit.
1045 1439 1163 1504 Etenim
1182 1449 1229 1503 est

68 1539 198 1622 quiddam
214 1542 243 1603 in
257 1562 293 1604 ao
308 1559 419 1626 genere
434 1541 461 1603 ei
477 1542 572 1604 simile
587 1543 663 1625 qoud
678 1541 910 1606 incarnationem
926 1542 1101 1606 antecessit.
1146 1539 1226 1606 Nam

67 1651 95 1703 ut
110 1643 322 1727 primogenitus
341 1663 447 1706 revera
474 1646 563 1727 patris
587 1655 654 1707 ante
678 1655 842 1709 creaturam
866 1665 982 1707 omnem
1001 1644 1138 1708 extitisse
1155 1643 1227 1708 dici·

66 1755 127 1822 tur,
163 1765 258 1828 neqoe
276 1756 374 1810 tamea
397 1745 464 1808 ideo
480 1744 625 1829 quodalii
644 1758 710 1832 post
727 1749 821 1832 ipsum
841 1757 956 1832 epatre
972 1745 1064 1829 geniti
1085 1747 1146 1809 sint
1166 1747 1226 1829 pri·

65 1848 228 1930 ungenitus
251 1860 390 1926 vocaturq
421 1871 479 1912 aron
504 1849 580 1912 anim
605 1850 724 1912 tratrem
752 1849 876 1912 alterum
902 1848 1019 1926 babuit,
1051 1849 1156 1934 quippe
1177 1847 1226 1932 qai

65 1951 100 2011 sit
116 1951 298 2034 unigenitus.
345 1947 389 2013 lta
406 1961 435 2012 et
454 1961 591 2036 suscepto
611 1969 735 2034 corpore
751 1949 868 2014 Mariae
894 1950 1106 2036 primogenitus
1129 1951 1227 2035 appel·

64 2051 154 2128 laturq
180 2053 297 2115 tametsi
315 2053 401 2116 unice
416 2053 481 2115 eiua
500 2053 598 2137 proles
613 2051 766 2132 extiterit,
800 2071 894 2137 neque
909 2053 1056 2116 secundus
1074 2073 1114 2115 ex
1133 2071 1169 2114 ea
1187 2051 1227 2116 sit

63 2153 100 2216 illi
124 2157 219 2217 irater
242 2156 271 2217 iu
290 2155 382 2218 luceru
406 2155 512 2219 editos.
559 2151 676 2219 Sileaut
698 2156 796 2239 itaque
823 2154 956 2218 homiues
975 2153 1022 2216 isti
1041 2155 1089 2237 qui
1113 2174 1149 2216 ce
1168 2153 1224 2215 sibi

63 2257 174 2340 lingunt
201 2277 276 2342 quae
301 2257 460 2342 perniciem
489 2257 582 2342 tnagis
611 2279 695 2343 quarn
720 2258 873 2322 utilitatem
897 2257 969 2341 ipsis
991 2256 1138 2333 aderaut,
1170 2255 1224 2318 sed

62 2358 119 2436 ille,
137 2377 262 2442 quaeso,
281 2361 408 2424 lacessat
424 2380 520 2423 error.
567 2357 753 2444 Quicumque
769 2361 917 2423 dominum
936 2359 1072 2436 honorat,
1098 2358 1224 2421 bonorat

61 2472 88 2523 et
104 2472 260 2538 sauctumq
294 2463 340 2545 qui
367 2462 525 2544 ignominia
548 2474 680 2525 serratum
705 2462 811 2539 afficit,
845 2463 966 2524 eattdcra
985 2474 1015 2524 et
1032 2460 1150 2524 domino
1167 2479 1223 2524 auo

60 2560 248 2646 ignominiam
267 2563 400 2649 imponit.
448 2561 493 2626 sn
521 2564 550 2626 in
568 2583 635 2627 sese
653 2561 750 2627 Maria
767 2563 953 2628 sanctissima
980 2563 1028 2625 illa
1046 2563 1132 2646 virgo
1154 2583 1223 2627 aas

59 2685 112 2748 que
127 2665 199 2729 illud
217 2677 451 2730 sacrosanctum.
499 2663 651 2728 Eiusmodi
667 2685 740 2728 veru
758 2667 896 2750 pestilera
914 2675 1001 2748 atque
1019 2664 1152 2728 exitialia
1171 2665 1223 2728 do·

57 2780 154 2850 gmata
183 2767 290 2831 nollunt
316 2767 401 2831 nubis
425 2769 551 2831 tructam
575 2769 721 2846 allerontq
754 2789 866 2851 nosque
882 2767 965 2830 adeo.
982 2766 1223 2830 honorificentius

57 2870 91 2932 de
108 2873 157 2934 illa
176 2870 288 2933 sentire
304 2881 433 2956 penest,
467 2891 504 2933 ne
527 2872 556 2932 in
583 2870 671 2933 animi
694 2869 880 2936 insolentiam
902 2879 953 2932 aut
971 2868 1146 2932 discordiam
1171 2878 1223 2932 aut

57 2991 308 3057 supervacaneam
326 2972 533 3055 loquacitatem
553 2973 727 3036 incidamus.
768 2968 884 3056 Quippe
899 2975 934 3033 de
947 2975 1121 3033 ornaiun'oeo
1135 2973 1219 3033 uerbo
1254 2987 1340 3034 Manu

56 3081 212 3148 manaem,
239 3084 270 3138 ut
289 3075 429 3160 scriptum
448 3085 511 3151 est,
535 3079 679 3137 reddituri
698 3097 806 3137 sumas.
857 3072 938 3158 Ergo
962 3073 1112 3158 nosipsos
1135 3093 1222 3136 aare
1256 3041 1335 3094 ιω

56 3197 136 3257 naus,
172 3197 270 3239 rerum
296 3186 462 3240 nostrarum
480 3187 668 3260 satagamusq
701 3197 777 3240 nere
799 3195 874 3259 qnae
895 3175 989 3238 nostri
1014 3175 1130 3259 propria
1152 3186 1222 3240 sont

56 3275 84 3340 in
104 3290 229 3343 sanctos
244 3281 440 3364 proteramus,
466 3290 516 3341 aut
532 3300 570 3342 ex
590 3279 674 3342 nobis
689 3277 762 3363 ipsis
777 3299 852 3362 quae
867 3278 903 3340 ad
917 3277 982 3340 illos
997 3278 1144 3361 pertinent
1160 3296 1221 3340 mc·

57 3380 102 3443 tiri
128 3383 268 3446 velimus.
1332 3447 1334 3452 ,

141 3481 259 3568 Quippe
276 3482 408 3546 nonnulli
424 3493 493 3545 sunt
513 3483 560 3566 qui
581 3503 646 3546 cram
668 3479 703 3546 ad
724 3482 826 3546 luxura
844 3503 879 3545 ac
897 3481 1016 3544 delicias
1036 3481 1121 3545 adusi
1143 3481 1215 3560 sint,
1266 3482 1328 3550 esp.
1353 3485 1356 3492 ’

54 3596 84 3646 et
99 3585 301 3670 perniciosam
320 3596 446 3647 mentem
472 3583 680 3669 conceperint,
711 3585 776 3648 iure
792 3607 829 3648 an
849 3583 957 3647 iniuria
980 3594 1099 3648 sanctos
1116 3583 1219 3647 iisdem
1253 3551 1339 3604 xm

56 3687 207 3749 localitatis
226 3687 347 3751 maculis
365 3706 524 3771 aspergere
543 3697 703 3767 conanturq
728 3709 785 3771 quo
804 3707 895 3772 praru
913 3697 944 3750 et
960 3685 1107 3750 imbecillo
1123 3685 1220 3748 animo

54 3811 107 3851 suo
123 3791 282 3855 honestum
299 3787 425 3873 aliquem
441 3789 569 3852 colorem
587 3787 773 3873 speciemque
786 3789 971 3873 conquirant.
1019 3785 1133 3852 Contra
1146 3807 1220 3870 quos

54 3892 209 3976 apostolus
224 3892 263 3954 ita
282 3892 426 3976 loquitur,
454 3895 540 3954 Idaliae
557 3913 651 3954 omnes
667 3897 840 3954 raea'sr'rniles
853 3913 923 3954 erae.
970 3889 1026 3956 Ubi
1043 3890 1092 3953 illa
1111 3888 1215 3968 verba,
1231 3911 1251 3956 1.
1261 3907 1343 3966 oasa,
1351 3910 1372 3956 a.

53 3998 114 4056 lter·
135 3997 246 4056 subtiles
263 4017 341 4067 esse,
377 3996 490 4079 dequo
511 3995 568 4058 alio
591 4016 676 4078 quam
701 3995 738 4057 de
755 3994 928 4058 castimonia
944 3990 1134 4077 interpretari
1152 4012 1219 4076 pos-

53 4099 180 4160 sumus?
225 4103 325 4158 Verurn
344 4109 462 4178 propter
476 4101 687 4179 farnabutabaee
716 4101 907 4178 rramqm'aqae
926 4117 1043 4158 uuonan
1068 4115 1148 4156 auum
1165 4097 1217 4156 da·
1266 4115 1324 4164 aare,

52 4201 127 4261 deut.
180 4195 239 4262 Sed
256 4203 285 4262 in
301 4199 390 4283 priori
407 4209 490 4284 parte
511 4220 671 4284 pronomen
688 4199 829 4274 detraxit,
855 4199 930 4282 qood
945 4196 1127 4259 acerbiorem
1145 4196 1219 4261 alio·

53 4303 100 4385 qui
132 4301 397 4385 reprehensionem
424 4311 454 4362 et
480 4302 703 4387 castigationem
732 4301 863 4364 baberet.
916 4297 995 4364 Nam
1024 4319 1089 4362 cum
1119 4299 1219 4364 dicere

52 4415 177 4486 posset,
209 4407 329 4484 Propter
337 4405 548 4486 fornicationes
570 4417 694 4479 oestrus,
727 4423 831 4467 vocem
852 4402 929 4466 illam
953 4413 1061 4464 reamur
1082 4404 1217 4468 consulto

87 4540 153 4592 Car.
170 4540 255 4590 xxat.
277 4569 308 4582 -
347 4541 366 4592 l.
384 4529 435 4606 ripn
452 4541 519 4591 codd.
536 4555 591 4592 maa.
