3082 5006
396 317 537 372 neuneu
554 319 674 374 ataui.
689 317 774 370 acu.
786 319 806 372 t.
822 317 965 370 neuun.
1126 387 1133 405 υ
1234 308 1273 372 to

103 446 171 520 post
194 434 343 502 Adamom
365 435 405 506 ita
426 437 499 504 dnus
521 436 671 504 Notionem
696 438 874 523 alloquitura
909 442 984 500 Ecce
1007 442 1084 502 dedit
1106 439 1161 500 u'ia'
1179 443 1272 500 ommate
1285 451 1344 496 oen.
1359 450 1380 508 a,
1393 451 1413 495 a.

103 549 238 620 tunquam
262 541 341 602 oleru
358 545 447 621 agri:
480 554 572 604 macta
592 554 620 604 et
641 546 768 604 comede:
792 563 905 604 ruraam
922 562 985 602 cum
1004 545 1115 604 mamae
1132 544 1273 621 sanguiue

100 661 138 704 ue
155 640 303 715 ecardus,
335 647 467 722 paratuum
484 665 538 724 ego
556 648 699 724 requiram
716 648 826 706 muamus
843 655 963 709 acetrum
1011 647 1184 724 Quacumque
1198 644 1272 728 effu·

100 746 181 806 amu
201 748 371 824 mgentem
391 747 513 811 damnari
535 749 565 808 iu
582 758 676 820 terro,
704 767 761 828 pro
781 749 866 808 dutiae
884 751 1025 826 congruae
1048 749 1128 808 s'llt'ato
1152 750 1273 826 caugeio

100 846 285 929 effundetur,
317 868 350 908 eo
365 850 442 927 quod
455 851 495 910 ad
509 852 658 928 riaugruem
678 852 727 911 dei
740 851 876 912 dominam
896 851 1032 928 seconcia,
1064 859 1093 910 et
1108 869 1162 928 ego
1176 851 1273 928 requi·

99 969 165 1010 mm
181 952 349 1028 magudam
367 960 490 1012 castrum
511 952 548 1012 ud
566 972 600 1012 eo
617 953 695 1014 omui
706 954 783 1030 quod
799 952 936 1036 ffuderit
959 955 1048 1031 eperum
1067 972 1154 1031 suaper
1164 952 1273 1032 sacrem

101 1061 211 1112 terrae.
260 1047 353 1114 Vides
378 1049 454 1115 utin
474 1051 590 1116 immine
613 1063 678 1137 post
701 1051 844 1116 decimam
861 1052 897 1114 ab
916 1053 1032 1116 Adomo
1049 1051 1273 1136 generationem

100 1151 204 1236 imago
220 1150 267 1214 dei
289 1152 504 1216 constituatur?
547 1151 720 1237 Quinetiam
740 1151 837 1218 Dauid
856 1153 946 1238 tango
962 1165 1064 1239 postea
1084 1165 1216 1240 tempore
1233 1175 1273 1218 ex

101 1254 199 1318 nacti
222 1254 345 1338 spiritus
367 1253 466 1318 affiatu
488 1255 613 1333 cecinit,
651 1259 788 1320 Umicrsa
811 1261 922 1320 acuitas
945 1261 1035 1320 omum
1061 1260 1143 1320 domo
1167 1260 1272 1320 cenem
1309 1255 1394 1351 {3⁸¹5

102 1353 277 1421 Secundum
295 1377 381 1440 quem
400 1357 569 1441 apostotus,
595 1362 647 1421 Vir
661 1379 766 1422 comam
782 1361 1044 1434 clamememus,
1076 1358 1187 1444 iniquit,
1211 1381 1274 1422 eum
1288 1361 1306 1404 ¹·
1320 1340 1373 1454 ᾗόν·
1389 1359 1423 1417 ¹¹2

100 1463 143 1521 sit
157 1463 256 1540 imago
272 1471 302 1521 et
316 1463 415 1539 glorio
433 1463 489 1522 dei.
537 1457 598 1524 Sed
616 1471 647 1524 et
666 1471 732 1542 post
748 1462 827 1525 ilium
851 1459 976 1526 lacobus
999 1463 1035 1526 dc
1052 1461 1152 1546 lingua
1174 1460 1273 1546 dispu-

101 1549 185 1627 tatis.
232 1564 341 1624 Malum
356 1573 415 1636 est,
448 1561 558 1646 iuquit,
590 1563 785 1636 intractabile,
806 1567 894 1644 plenu
913 1586 1017 1626 venero
1032 1565 1190 1642 mortifico.
1236 1568 1270 1626 Iu
1284 1579 1359 1625 taem.
1372 1580 1393 1636 a,
1406 1581 1427 1626 e.

101 1668 167 1744 epea
188 1664 376 1724 &remisimus
400 1667 481 1726 deum
502 1675 534 1726 et
545 1676 673 1745 patrem,
708 1676 738 1726 at
753 1669 783 1726 t’u
799 1670 861 1746 apso
884 1667 1077 1728 maledicamus
1101 1668 1270 1740 semustas,

101 1770 157 1846 qui
170 1769 212 1827 ed
224 1769 375 1845 riuugaiaem
393 1769 442 1828 dei
452 1768 530 1848 ficati
549 1779 629 1842 suut.
674 1769 740 1830 Nou
760 1779 871 1848 opertet
893 1770 963 1830 tom
987 1772 1028 1830 itu
1044 1771 1136 1849 fieri,
1158 1771 1275 1852 fratrea

102 1873 168 1930 mai.
220 1864 270 1930 Ex
288 1867 392 1949 quibus
413 1879 536 1952 apparet
559 1888 662 1932 eorum
683 1889 789 1932 vauam
808 1889 876 1934 esse
900 1869 1043 1934 rationem
1060 1869 1109 1953 qui
1128 1871 1273 1936 Adumnm

108 1969 156 2034 dei
179 1968 341 2052 imaginem
364 1969 502 2034 amisisse
524 1970 707 2056 praedicant.
1407 2052 1410 2058 Ι

192 2068 311 2154 Quibus
333 2091 407 2135 vero
432 2072 538 2156 placuit
559 2071 589 2136 iu
609 2073 706 2135 noima
727 2071 851 2156 positam
872 2072 1048 2157 imaginem,
1074 2073 1150 2137 hunc
1164 2073 1194 2137 iu
1212 2095 1275 2140 mn-
1291 2077 1351 2146 cap.
1367 2080 1409 2134 W·

105 2174 172 2238 dum
191 2171 410 2237 ratiocinantur
434 2195 468 2238 ac
486 2193 555 2240 sese
578 2173 755 2238 defenduut:
790 2172 877 2257 Quod
898 2185 928 2238 et
945 2174 1132 2259 aspectabilis
1155 2175 1273 2240 minime

105 2275 161 2356 sit,
184 2275 310 2360 perinde
326 2296 361 2338 ac
379 2276 531 2353 deusest,
556 2277 632 2361 quod
648 2276 771 2358 egendi,
796 2276 953 2354 mouendi,
977 2276 1158 2360 intelligendi
1176 2297 1211 2340 ac
1227 2298 1275 2340 ra·

105 2377 267 2442 tiocinandi
287 2375 335 2440 ubi
351 2378 480 2460 praedite
499 2379 555 2457 sit,
589 2378 657 2441 ideo
674 2377 746 2440 haec
768 2376 924 2461 imaginem
945 2378 1166 2463 complectitur,
1198 2379 1273 2462 quod

104 2481 272 2558 movendo,
309 2481 443 2562 agendo,
477 2479 652 2564 auratique
678 2479 776 2543 omnia
803 2481 978 2564 praestando
1004 2501 1079 2566 quae
1100 2481 1216 2546 rodone
1236 2481 1275 2546 ab

104 2580 277 2646 homiuibus
297 2591 460 2664 geruntur,
495 2583 582 2648 deum
609 2583 638 2644 iu
662 2581 750 2646 terris
772 2581 915 2646 imitetur.
960 2579 1020 2648 Sed
1044 2583 1091 2646 isti
1120 2583 1275 2650 manifeste

104 2684 137 2747 ad
159 2681 356 2768 syticgismos
378 2684 562 2767 confugiunt.
608 2681 734 2748 Nomai
759 2693 915 2768 propterea
938 2686 974 2748 ad
994 2683 1151 2768 imaginem
1177 2685 1275 2754 auimo

106 2786 182 2850 taeta
199 2784 327 2866 dicitur,
357 2785 393 2848 ad
410 2785 567 2870 imaginem
585 2785 641 2848 dici
659 2785 778 2850 omuino
801 2805 860 2849 nott
881 2795 988 2869 potest.
1034 2783 1118 2852 Dens
1135 2787 1213 2852 enim
1229 2786 1274 2850 iu·

105 2887 195 2952 initis
231 2907 303 2972 prae
336 2887 433 2952 auimo
473 2888 622 2972 partibus,
663 2907 760 2972 enque
792 2886 937 2970 atmpiiua,
980 2888 1274 2971 comprehensionem

105 3009 223 3054 omnem
241 3009 278 3054 ac
294 2980 504 3072 cogitaiiouem
522 2989 636 3072 effugit,
661 2999 762 3074 utpote
777 2989 823 3053 oui
839 2999 992 3074 prospecta
1009 3000 1079 3054 suut
1098 2991 1197 3054 omniu
1216 3001 1273 3055 mm

105 3091 270 3177 praeterita
292 3112 379 3175 quam
402 3091 588 3177 praeseutia,
624 3101 682 3154 tam
707 3111 781 3175 quae
805 3091 942 3156 videntur
968 3111 1054 3176 quem
1078 3113 1153 3175 quae
1179 3090 1274 3155 uideri

105 3203 280 3278 nequeunt,
304 3204 403 3256 terrae
420 3194 494 3256 iiues
511 3193 675 3278 profundae
690 3192 843 3277 voraginis
860 3191 937 3270 insa,
969 3193 1141 3258 coelestium
1159 3193 1274 3260 orbium

107 3314 239 3371 summa,
265 3294 405 3379 quidquid
421 3295 546 3380 denique
569 3293 682 3379 uspiam
700 3305 757 3360 est.
804 3292 872 3380 lpse
895 3295 973 3360 enim
997 3316 1062 3359 eum
1080 3294 1178 3360 omitia
1193 3317 1275 3360 com·

107 3395 282 3482 prehendit,
315 3408 374 3460 tum
398 3418 415 3460 a
439 3398 518 3460 auito
541 3397 809 3481 comprehenditur.
856 3394 1054 3461 Eoontraric
1081 3418 1154 3462 varo
1176 3399 1275 3464 anima

108 3517 236 3584 corpere
252 3499 439 3577 continetur,
463 3497 564 3585 abyssi
585 3500 705 3564 fundum
723 3498 857 3584 ignorat,
890 3508 990 3562 terrae
1005 3498 1206 3578 latitudiuam,
1230 3511 1275 3566 at·

108 3621 163 3683 que
186 3599 272 3664 orbis
296 3599 461 3666 habitabitis
482 3601 590 3665 limites
608 3600 720 3680 nascit,
752 3599 902 3664 coelorum
922 3621 1037 3665 summa
1060 3623 1119 3666 nou
1141 3603 1275 3687 assequi-

109 3711 172 3782 tur,
205 3722 304 3786 neque
330 3702 398 3787 quid
423 3703 550 3767 futurum
569 3702 625 3782 sit,
658 3713 708 3767 aut
730 3702 1011 3787 quandoiuturum,
1044 3715 1274 3789 autqttaeaute

109 3823 142 3869 se
163 3804 223 3868 iam
243 3804 398 3868 extiterint
417 3805 583 3888 cogitnscit.
630 3806 677 3869 Ad
703 3804 776 3868 daco
801 3804 884 3890 ptura
908 3804 966 3867 adia
985 3815 1044 3870 tam
1062 3805 1097 3869 de
1114 3807 1163 3870 uta
1188 3827 1273 3890 quiem

111 3905 145 3967 de
162 3905 275 3969 ceteris
294 3906 321 3967 id
337 3926 432 3988 gestus
454 3926 688 3970 commemorare
708 3925 876 3992 possumus.
921 3903 1084 3970 Praeterea
1107 3930 1171 3971 cnm
1200 3909 1273 3972 deus

112 4005 267 4072 divisionis
290 4006 386 4070 omnis
409 4027 518 4093 expers
536 4008 593 4086 sit,
623 4007 719 4072 anima
744 4009 807 4094 ipsa
826 4007 984 4088 dividitus-3
1016 4009 1092 4093 quod
1113 4009 1157 4073 his
1175 4010 1274 4073 verbis

111 4110 262 4192 apostolus
279 4106 403 4172 iudicate
437 4113 522 4171 iduum
543 4121 586 4171 est
601 4114 673 4173 aue'ru
693 4131 785 4174 sermo
808 4111 858 4172 dei
869 4119 899 4172 et
913 4111 1036 4190 officum,
1069 4122 1098 4172 et
1111 4111 1273 4192 penetradi-
1286 4125 1428 4183 ttstuatt.

113 4212 166 4272 ir'ar
179 4215 262 4273 omui
270 4213 372 4291 gladio
387 4216 521 4294 ancipiti,
556 4224 584 4274 et
597 4216 765 4294 perungens
779 4233 867 4293 usque
886 4214 926 4273 ud
940 4215 1102 4274 memorem
1119 4218 1231 4276 amimae
1245 4227 1276 4278 et

143 4327 167 4380 2
184 4331 221 4382 tto
242 4331 294 4381 cod.
312 4329 411 4394 amum
435 4333 553 4382 autentus
576 4324 608 4382 noi
624 4335 678 4382 nats
712 4345 729 4379 u
743 4345 817 4380 mauu
833 4343 877 4382 see.
885 4366 894 4394 ,
921 4331 963 4381 aad
976 4333 1090 4396 antiquo,
1106 4335 1275 4398 supuuddttus

114 4391 149 4462 tui
165 4393 300 4462 ὁρώμενα,
317 4403 359 4461 qui
373 4401 399 4450 iu
417 4401 486 4448 aditis
498 4401 567 4462 mttpo
585 4400 677 4462 tepttur,
711 4399 858 4461 conspicitur.

113 4467 193 4528 quum
211 4468 276 4517 adast
290 4480 308 4517 a
323 4468 375 4518 cod.
394 4467 502 4530 Μία,
518 4470 544 4516 iu
558 4467 610 4518 cod.
628 4467 674 4518 teu.
744 4467 769 4520 3.
787 4469 834 4517 Pro
850 4459 897 4520 oda
913 4469 938 4518 tu
955 4468 993 4519 ad.
1010 4469 1092 4521 Petou.
1112 4471 1221 4523 Gotouioe
1237 4485 1274 4522 ra·

705 4538 753 4598 pu.
770 4537 851 4590 catate
868 4539 901 4588 ut
918 4533 963 4592 eoi
978 4551 1122 4610 tammum.
