3082 5006
315 351 450 404 enuanrr
468 349 530 403 nra.
551 349 593 401 ut.
611 347 694 402 rou.
713 351 731 400 r.
750 345 849 402 usna.
868 345 975 398 nxxu.
1186 327 1227 393 59

52 474 240 555 inanimam,
271 482 301 536 et
317 471 440 535 bumana
465 470 559 535 solnm
578 480 641 534 arte
660 479 856 533 constantem.
902 463 1040 530 Viventis
1061 475 1157 528 antem
1180 463 1227 526 dei

53 579 215 640 viventem
241 575 397 660 imaginem
418 593 484 638 esse
504 593 616 657 negas,
650 582 701 636 ant
716 570 875 636 essentiam
892 568 1056 646 esseratiae,
1090 577 1141 630 aut
1157 587 1228 630 oon·

52 677 134 757 silii,
174 675 489 762 uirtutisaogloriac,
521 674 694 754 consilinm,
725 675 865 738 virtutem
884 693 917 736 ac
935 671 1075 756 gloriam,
1108 669 1228 732 utbaec

54 783 160 866 imago
183 781 219 844 ab
242 801 277 844 eo
297 779 381 844 cuius
404 779 502 862 imago
525 787 572 840 cst
590 777 669 842 nulla
685 776 714 839 iu
732 797 764 839 re
780 775 939 860 discrepet.
985 771 1045 837 lam
1066 793 1131 836 cum
1149 771 1251 836 uullaf

54 903 87 946 re
105 883 284 966 discrepare
302 881 425 959 dicitur,
450 901 508 944 non
526 880 644 962 perinde
665 890 711 943 est
728 899 763 942 ac
778 877 802 942 si
818 877 978 961 ingenitam
996 895 1063 939 esse
1081 875 1229 939 interemi-

53 986 103 1063 ni,
140 987 199 1047 sed
217 983 288 1047 illud
305 984 398 1047 solum
417 981 602 1060 ostertditur,
634 982 669 1045 ad
694 992 834 1066 paternae
859 979 997 1041 bonitatis
1020 990 1050 1040 et
1067 975 1229 1040 divinitatis

56 1099 83 1148 et
103 1084 239 1149 actionis
256 1086 352 1150 omnis
376 1083 529 1169 exemplar
549 1081 741 1146 exactissime
769 1081 1044 1164 absolutissimeque
1062 1099 1128 1143 csse
1150 1078 1228 1142 illam

55 1209 252 1272 expressam.
298 1186 414 1251 Deinde
430 1187 515 1272 paulo
531 1197 613 1271 post:
638 1189 720 1248 Muto
737 1197 785 1247 tuo
802 1187 854 1246 illu
871 1205 931 1246 csse
944 1186 1042 1244 dolosa
1054 1184 1129 1244 lodoin
1146 1203 1229 1263 opor·
1243 1189 1329 1286 P'qthq

57 1295 151 1366 tedot,
189 1311 263 1373 quas
287 1294 442 1372 loquuntur
456 1293 597 1350 numam·
614 1291 695 1349 deum
714 1293 880 1350 abab-stelione
897 1307 959 1348 arun
975 1287 1107 1366 superbio
1122 1295 1230 1347 atenu-
1281 1274 1289 1299 '
1330 1273 1336 1286 ⁸

57 1407 178 1475 tempta.
230 1391 347 1456 Etenim
369 1392 450 1454 solus
468 1390 561 1454 solnm
584 1391 799 1475 paterunicum
818 1388 906 1452 lilium
925 1389 1038 1470 gennit.
1087 1384 1230 1469 Quamvis

58 1497 182 1560 minime
202 1495 231 1559 id
251 1495 302 1558 tibi
319 1494 452 1579 placeat,
485 1493 531 1555 cui
555 1492 632 1556 aliud
655 1493 741 1556 modu
762 1492 868 1578 placet.
914 1488 1020 1576 Neque
1037 1510 1109 1553 vero
1125 1511 1141 1552 a
1158 1510 1231 1574 quo·

57 1601 122 1662 dam
142 1597 424 1662 Valentinianorum
443 1596 580 1659 Aeonum
606 1593 750 1681 principio
768 1595 842 1657 tilius
867 1593 1029 1678 prooessit,
1063 1593 1115 1656 sed
1132 1614 1149 1656 a
1166 1592 1230 1656 solo

60 1713 143 1785 patre
158 1700 282 1784 genitus
298 1707 362 1778 εει,
395 1700 466 1762 item
483 1697 634 1782 periectos
656 1699 814 1782 perlectum
832 1695 945 1780 gennit.
990 1693 1073 1760 Nihil
1091 1694 1168 1758 enim
1186 1695 1232 1758 in·

60 1815 103 1866 est
121 1804 331 1888 imperfectum
346 1802 376 1864 in
394 1811 497 1886 patrae
528 1800 594 1862 ideo
616 1819 671 1862 neo
689 1799 718 1862 iu
733 1797 793 1862 blio
811 1809 907 1884 potest
918 1799 1038 1876 inesse,
1070 1818 1135 1862 enm
1152 1797 1231 1862 illino

61 1903 259 1990 perfectionis
285 1923 359 1987 qnae
382 1900 594 1989 perfectionem
616 1922 732 1964 omrrcm
760 1910 882 1987 superat
903 1921 1062 1984 germanus
1081 1902 1176 1964 loetns
1193 1901 1232 1964 sit

62 2008 109 2071 lilii
134 2006 297 2092 perlectio.
345 2003 404 2070 Sed
429 2015 458 2068 et
479 2025 536 2068 rex
556 2023 657 2088 regem
683 2002 796 2088 gestarit.
843 2000 957 2066 Pietate
981 2003 1086 2088 quippe
1105 2023 1231 2067 consen-

64 2121 183 2173 tanenm
203 2119 250 2172 est
269 2127 395 2194 regnare
410 2099 514 2186 deniae
547 2127 613 2170 oum
633 2106 750 2170 interim
773 2106 890 2190 genitus
913 2115 981 2168 ante
1001 2105 1119 2170 saecula
1142 2106 1229 2184 lilius,

62 2210 199 2295 idemque
218 2229 274 2274 rex
292 2231 385 2295 regno
402 2209 524 2274 alterius
541 2209 710 2285 subiectus,
736 2223 890 2293 perquem
909 2206 1001 2292 ipsius
1020 2228 1112 2291 reguo
1131 2219 1231 2273 cetera

64 2315 234 2385 subiacent,
264 2312 428 2376 subiectum
450 2331 483 2375 se
500 2331 567 2375 csse
584 2322 669 2394 grato
685 2311 783 2397 animo
804 2310 941 2373 intuatur.
985 2308 1056 2374 Non
1075 2311 1153 2374 enim
1172 2311 1232 2396 pri·

66 2427 181 2495 ratum,
208 2415 260 2478 sed
280 2435 380 2498 regern
400 2413 479 2478 illum
499 2414 603 2498 genuit
616 2415 699 2498 regni
717 2412 763 2477 sui
779 2424 876 2497 pater3
912 2414 988 2497 qnod
1007 2433 1101 2498 neque
1120 2424 1231 2498 tempo-

70 2519 108 2582 ris
127 2518 233 2595 initio,
269 2535 364 2601 neque
383 2517 460 2579 vitae
483 2515 540 2579 line
566 2514 817 2600 circumscriptum
835 2525 892 2579 est.
938 2512 1085 2596 Quoniam
1109 2517 1173 2582 eius
1190 2516 1232 2579 di-

69 2621 163 2702 gnitas
183 2641 245 2683 non
267 2619 457 2684 extrinsecus
476 2619 605 2695 adscita,
630 2619 681 2682 sed
700 2618 775 2682 utin
795 2628 895 2702 patre,
930 2639 946 2680 a
966 2639 1022 2701 quo
1040 2618 1156 2702 genitus
1172 2630 1231 2698 est,

72 2723 103 2784 ad
118 2722 283 2786 essentiam
303 2721 395 2806 ipsam
414 2719 554 2806 pertinet.
600 2717 648 2786 0b
666 2721 694 2783 id
713 2721 852 2804 seriptum
870 2717 939 2783 illud
957 2730 1021 2799 est,
1044 2725 1085 2783 Et
1098 2727 1185 2803 regni
1197 2727 1232 2786 il·
1244 2737 1372 2794 baanes.

73 2825 121 2885 liar
145 2846 206 2886 non
228 2825 381 2904 era'tfiars.
436 2820 549 2886 Eodem
579 2823 666 2888 modo
694 2834 724 2886 et
748 2821 882 2886 dominns
906 2821 1071 2902 dominum,
1107 2835 1138 2888 et
1161 2827 1234 2890 deus

72 2925 169 3003 deum,
197 2924 241 2988 uti
259 2946 313 2988 nos
329 2923 509 3003 asserimus,
541 2925 654 3011 gennit.
701 2925 818 3009 Atque,
853 2935 884 2988 ut
900 2945 957 2988 ono
975 2925 1067 2990 verbo
1085 2927 1231 3008 deliniam,

75 3029 238 3105 essentiae,
263 3027 394 3106 cottsilii‚
419 3026 555 3107 virtutis,
580 3039 610 3091 et
623 3027 736 3112 gloriae
751 3049 809 3091 non
825 3038 930 3092 mutam
949 3049 984 3092 ao
1001 3039 1144 3095 mortuam
1160 3030 1233 3094 ima-

74 3129 182 3211 ginem,
217 3132 269 3194 sed
286 3129 416 3194 essentia
434 3130 677 3214 consultandique
695 3129 724 3192 ui
744 3131 921 3215 praeditam,
953 3141 1171 3216 repetentem,
1204 3143 1235 3197 ει

74 3233 226 3313 gloriosam
254 3252 322 3296 esse
345 3231 543 3296 defendimus.
590 3231 693 3296 Virtus
717 3234 794 3298 enim
819 3219 1047 3296 imbecillitatem
1067 3254 1124 3296 nou
1143 3255 1234 3317 gene·

75 3345 129 3412 rat,
151 3336 205 3400 sed
222 3335 315 3420 ipsam
334 3355 388 3420 per
402 3355 470 3398 sese
484 3334 636 3399 virtutem.
684 3331 726 3398 lta
741 3335 836 3418 gloria
851 3356 909 3398 non
925 3335 1156 3418 ignobilitatem,
1180 3339 1233 3402 sed

75 3435 211 3516 glorians
246 3438 400 3502 eonsilium
421 3458 480 3500 non
499 3435 613 3500 consilii
631 3457 741 3521 expers
757 3436 884 3521 aliquid,
915 3437 966 3500 sed
982 3448 1012 3500 et
1028 3438 1121 3522 ipsum
1136 3439 1234 3502 consi-

75 3535 154 3619 linmq
189 3541 321 3604 essentia
346 3539 472 3624 denique
496 3561 554 3602 non
573 3540 702 3604 essentia
720 3557 827 3602 carens
844 3538 970 3624 aliquid,
1002 3541 1054 3604 scd
1074 3544 1232 3606 essentiam

76 3638 169 3723 gignit.
220 3640 321 3726 Quare
339 3641 463 3706 verbnm
484 3641 578 3727 ipsum
596 3641 695 3726 imago
713 3642 785 3706 deus
805 3653 867 3721 est,
900 3644 1063 3728 vivensque
1088 3643 1233 3730 sapientia

77 3744 249 3823 subsistens,
274 3744 396 3808 uerbum
414 3745 536 3822 efficax,
561 3755 592 3808 et
607 3745 700 3822 lilius,
724 3744 886 3829 eademque
904 3745 953 3810 illa
969 3747 1113 3832 sapientia
1129 3765 1233 3809 esseu-

78 3843 134 3908 tiam
159 3847 261 3910 babet.
309 3845 391 3910 liaeo
413 3848 490 3910 enirn
515 3859 560 3911 est
586 3869 642 3932 qua
667 3845 847 3931 sequutidie
870 3853 939 3912 deus
962 3851 1135 3922 oblectabat,
1169 3869 1379 3937 cumpmffl

79 3947 191 4010 absoluto
208 3961 351 4010 tuncrum
366 3950 600 4030 orbegoudednt.
648 3946 732 4033 Quae
750 3949 864 4034 quidem
883 3953 979 4014 omnia
998 3973 1062 4013 cnm
1080 3961 1122 4026 tu,
1148 3947 1230 4014 Mar·

80 4047 155 4128 cette,
190 4071 291 4114 coram
316 4051 480 4115 bominibus
504 4073 613 4136 uech,
646 4055 764 4132 negabit
777 4064 807 4114 et
821 4055 873 4114 r'lln
892 4065 919 4114 te
933 4075 1028 4114 eorum
1047 4064 1148 4133 putre,
1182 4058 1234 4136 qui
1259 4067 1351 4166 tqquqq

81 4151 103 4208 in
119 4159 197 4216 coedis
211 4165 266 4215 est.
298 4151 467 4236 Negaberis
485 4175 557 4218 vero
581 4165 738 4239 praeterea
758 4165 787 4216 et
804 4174 904 4216 coram
921 4154 1059 4233 ecclesia,
1085 4177 1158 4238 qnae
1176 4155 1230 4220 snb

81 4251 150 4316 coeto
164 4267 229 4334 est,
251 4275 325 4340 qnae
347 4254 452 4340 ubique
472 4267 615 4322 terrarum
633 4258 669 4320 de
690 4267 719 4319 te
737 4255 857 4334 scribit,
881 4261 965 4320 Audi
977 4258 1089 4320 verdum
1106 4263 1227 4322 domniu'a
1245 4274 1291 4320 ter.
1304 4277 1383 4328 anat.

80 4431 139 4481 ”tutte
153 4429 176 4476 t'n
192 4429 270 4477 latim
284 4427 353 4476 illum
365 4429 507 4489 summram
522 4431 582 4478 lueri
594 4431 631 4480 vi·
664 4430 687 4480 b.
700 4443 720 4479 e.
740 4427 851 4494 confige.

82 4486 169 4543 mmm.
203 4497 376 4546 Eacudmdmn
394 4498 467 4559 taum
483 4502 534 4548 erat
552 4497 632 4558 (torn,
702 4495 740 4547 to.
759 4493 868 4564 ἐναργὴς
884 4497 952 4548 eodd
970 4511 1025 4549 maa.
1043 4505 1144 4564 tumque.
