3072 5002
298 381 436 436 nunaunt
454 383 517 436 LIB.
529 383 574 436 111.
590 381 673 436 ΤΟΜ.
686 383 706 435 i.
724 381 822 436 Hm.
837 379 959 434 nxxrtt
1146 369 1205 434 105

57 501 100 568 itt·
112 501 221 581 sarh,
252 505 383 566 uuum
403 508 483 566 suoi
494 507 652 586 ucerpu'suu,
684 516 713 566 et
732 509 762 567 iu
779 505 989 566 simulitudinem
1009 503 1207 585 lemausu-

58 619 135 681 etau,
161 625 280 670 earnem
297 605 377 670 illum
395 605 542 691 eringius
559 605 721 692 sumpsisse
736 605 899 671 declarant.
944 601 1145 688 Quamobrem
1158 603 1208 670 itta

56 709 113 794 ipsa
128 729 217 789 oaro,
240 730 326 793 qnam
345 709 393 774 dei
410 707 489 774 lilius
507 709 617 788 induit,
641 709 742 774 eadem
763 718 893 772 osteum
922 716 1087 772 ceterorum
1115 705 1208 770 homi-

56 832 117 876 num
134 831 243 891 earneq
274 811 310 875 ad
328 811 477 878 homiuum
495 832 568 876 vero
587 809 806 876 similitudinem
831 827 898 873 esse
916 807 1038 888 dieitur,
1070 807 1208 892 qnoniam

56 935 108 979 nou
126 913 206 979 uirili
221 922 287 979 satu
304 935 338 979 ao
355 913 512 979 oonoubitu
529 913 676 978 hominum
696 933 779 978 more
795 920 955 998 prognatus
971 921 1029 976 est.
1073 908 1144 975 Non
1160 931 1209 976 se·

56 1039 102 1082 eus
116 1037 153 1082 au
165 1016 260 1096 tilius,
292 1039 359 1082 oum,
376 1016 496 1102 spiritns
516 1015 573 1095 uit,
597 1026 626 1080 et
644 1014 796 1102 spirituas
812 1024 896 1100 patra
914 1013 953 1078 sit
969 1015 1105 1098 genitus,
1138 1034 1209 1099 qna·

55 1129 134 1184 tenus
162 1118 281 1203 spiritns
304 1140 321 1183 a
344 1119 449 1205 spiritu
470 1119 594 1203 prodiit,
618 1118 696 1182 idem
718 1129 765 1181 ast
785 1138 851 1181 oum
873 1115 939 1195 illo,
971 1115 1047 1180 sieut
1064 1127 1208 1200 qnatenus

55 1243 118 1286 uero
145 1241 186 1286 ex
209 1241 297 1285 earne
322 1221 415 1286 laotos
439 1231 501 1301 est,
535 1219 652 1286 Marias
670 1219 824 1298 videlieet,
858 1219 934 1282 idem
959 1228 1005 1281 eat
1021 1237 1087 1283 oum
1105 1237 1207 1284 earne.

53 1322 145 1389 Porro
170 1334 316 1410 quatenus
339 1323 405 1388 aine
428 1324 588 1410 profluvio,
620 1321 758 1409 passione
784 1342 819 1386 ao
844 1319 990 1384 divisione
1008 1320 1066 1384 ulla
1088 1341 1106 1384 a
1126 1329 1210 1406 patra

54 1429 168 1512 genitus
193 1437 254 1507 eat,
287 1425 377 1512 putris
393 1437 440 1491 eat
456 1425 577 1505 similis,
607 1445 663 1490 neo
678 1425 758 1490 idem
775 1445 841 1488 oum
858 1444 913 1504 ao,
947 1422 991 1487 sio
1015 1432 1046 1486 et
1061 1422 1138 1488 tilius
1162 1442 1210 1486 se·
1307 1451 1308 1456 ¹

54 1532 177 1596 eundum
195 1547 332 1608 earnem,
363 1551 398 1592 οο
414 1532 624 1592 similitudinem
641 1529 892 1610 tumnensium
909 1537 969 1602 eal,
1002 1545 1059 1590 nou
1072 1536 1120 1592 eat
1133 1525 1210 1590 idam

55 1633 172 1698 omnino
195 1653 262 1696 eum
284 1630 414 1696 homine.

134 1734 232 1820 Igitur
258 1733 287 1797 in
310 1734 435 1820 epistola
461 1734 496 1798 ad
518 1729 722 1820 Philippenses
750 1732 805 1796 hoo
835 1732 885 1796 itta
911 1752 966 1796 noa
988 1729 1104 1808 doouit,
1136 1751 1210 1816 quo⁴
1253 1725 1313 1793 ⁶¹1³·

55 1839 136 1903 uodo
154 1837 206 1902 tilii
223 1823 390 1922 hypostasis
409 1837 500 1923 patria
516 1834 667 1922 hypostasi
684 1835 724 1900 sit
741 1833 863 1916 similisq
886 1833 1008 1921 spiritus
1029 1832 1141 1898 anima
1161 1853 1213 1920 pa·
1234 1793 1330 1846 ΠΜ

55 1953 95 2004 tra
116 1940 318 2026 progreditur.
364 1936 466 2023 Quoue
489 1937 515 2004 si
538 1936 659 2022 spiritus
683 1938 833 2002 notionem
849 1936 1040 2016 consideres,
1073 1935 1148 2000 idem
1167 1944 1214 1999 est

55 2063 115 2107 uum
142 2053 241 2129 patre.
284 2039 414 2106 Perinde
438 2061 474 2106 ao
497 2039 595 2105 oarnia
618 2041 696 2105 illum
725 2040 807 2105 notio
823 2039 899 2103 idern
917 2061 982 2104 oum
1006 2037 1123 2102 homine
1142 2058 1214 2102 oon-

54 2145 159 2211 stitnit.
204 2141 276 2208 Non
293 2145 370 2208 idam
387 2165 460 2209 vero
480 2153 537 2223 eat,
562 2144 614 2208 aad
632 2143 735 2208 similis
753 2142 908 2223 duntaxat,
932 2153 1076 2227 quatenus
1092 2138 1215 2226 spiritus

54 2247 115 2328 ilie,
141 2247 192 2333 qui
210 2247 288 2311 titius
307 2257 371 2325 eat,
396 2267 455 2311 non
471 2257 517 2310 eut
532 2256 626 2332 pater.
672 2243 714 2310 Et
729 2246 778 2310 illa
799 2265 886 2323 earo,
911 2265 996 2329 quam
1014 2243 1070 2308 sibi
1089 2243 1212 2308 uerbum
1312 2277 1314 2284 ·

54 2348 205 2429 adiunxit,
237 2370 296 2414 nou
316 2369 334 2413 a
356 2348 434 2413 uiridi
453 2360 519 2414 satu
538 2369 573 2412 ao
590 2349 740 2434 voluptate
757 2347 971 2435 proficiscitur,
1003 2346 1109 2411 sedeo
1127 2345 1214 2410 modo

54 2453 98 2536 qni
120 2452 153 2517 in
180 2452 338 2536 evangalio
368 2451 503 2515 traditur.
556 2449 611 2514 His
636 2451 724 2536 igitur
746 2450 901 2529 omnibus,
932 2459 1077 2514 uiantes
1106 2449 1213 2512 diotum

54 2566 108 2634 est,
138 2554 383 2640 quemadmodum
408 2554 505 2634 filius,
537 2564 681 2639 quatenus
703 2564 750 2618 est
771 2575 806 2618 ao
826 2551 962 2618 subsistit
977 2553 1058 2638 ipse,
1089 2550 1163 2635 patri
1180 2549 1212 2614 in
1325 2615 1329 2624 ,

54 2658 189 2722 omnibus
207 2656 247 2720 sit
262 2655 382 2737 similis,
412 2655 491 2720 silius
508 2677 563 2720 nos
578 2656 706 2721 edocuit.
752 2653 1003 2740 Quemadmodum
1021 2675 1094 2720 vero
1110 2653 1215 2718 voiun-

56 2769 110 2822 tute
128 2771 161 2824 et
179 2759 297 2824 actione
315 2758 511 2846 operibusque
526 2759 567 2824 ait
583 2758 705 2840 similis,
736 2779 777 2823 ex
791 2757 917 2844 epistota
939 2758 974 2821 ad
995 2755 1148 2822 Romunos
1172 2755 1217 2819 di-

54 2861 191 2940 dicimus,
216 2860 265 2926 uti
283 2861 331 2926 itte
348 2861 434 2942 dixit,
459 2865 493 2924 lu
507 2865 692 2926 similitudine
708 2867 804 2925 emula
816 2865 931 2944 perculi
944 2863 1138 2922 condemuum'l
1146 2880 1215 2940 pee-
1227 2869 1355 2927 ηοιῌ·

54 2977 144 3028 mucra
164 2970 195 3028 in
212 2985 309 3026 rurae
354 2961 434 3028 Nam
451 2963 500 3028 illu
519 2985 607 3042 earo,
631 2985 716 3049 quum
736 2963 782 3028 dei
799 2963 875 3028 filius
891 2961 1002 3041 induit,
1027 2961 1096 3025 lieet
1113 2962 1215 3024 eadem

55 3077 132 3132 esset
149 3087 218 3132 oum
237 3087 327 3130 mnne
346 3066 477 3152 peceati,
512 3077 542 3130 et
559 3067 662 3133 eodem
681 3068 768 3131 modo
788 3067 823 3130 ad
844 3068 970 3146 tamem,
1000 3064 1098 3144 sitim,
1128 3073 1216 3148 atqua

55 3189 210 3248 somnum,
242 3191 301 3255 quo
326 3167 437 3254 reliqua
457 3189 526 3233 oaro
541 3169 637 3233 omnis
653 3169 870 3256 impelleretur,
904 3168 948 3232 his
965 3177 1062 3231 umen
1081 3165 1216 3230 omnibns

54 3293 240 3358 nequaquam
256 3271 292 3334 ad
310 3281 432 3356 peecata
447 3271 662 3335 connitebatur.
707 3269 870 3357 Propterea
891 3269 966 3334 dixit
981 3269 1151 3355 upostolus,
1182 3273 1216 3331 lu
1229 3274 1369 3337 tumult

53 3378 241 3438 suturarum
254 3379 351 3436 amnui
365 3378 492 3455 ροσοοιὶ,
527 3374 604 3458 quod
623 3372 725 3437 eodem
744 3395 809 3438 uum
831 3372 882 3437 itlo
908 3371 1030 3451 redidit,
1063 3376 1219 3452 Quaeram·

53 3483 194 3560 queendn
205 3489 293 3559 puter
303 3479 394 3560 βιοῖ,
428 3480 497 3538 ltueu
512 3477 636 3558 ststluics
652 3477 882 3559 rumr'lr'lersuou'l.
928 3472 1008 3539 Nam
1026 3485 1128 3561 puter,
1151 3495 1217 3538 oum

55 3583 91 3646 ait
106 3579 252 3668 spiritns,
283 3589 420 3664 tanquam
443 3576 595 3666 principati
612 3578 698 3642 modo
716 3578 802 3657 lauit,
833 3577 910 3642 tilius
932 3597 1006 3642 vero
1029 3578 1076 3662 qui
1101 3588 1131 3642 et
1153 3577 1218 3662 ipso

55 3685 178 3769 spiritus
198 3693 264 3762 est,
295 3703 354 3745 non
374 3681 525 3767 principali
544 3681 648 3760 modo,
679 3680 761 3744 uelut
779 3691 880 3766 puter,
912 3681 964 3746 sed
982 3680 1119 3744 similiter
1135 3679 1216 3743 inuit.

57 3783 207 3869 Quomrua
222 3786 247 3849 si
264 3804 383 3849 munem
399 3784 545 3869 utrimque
560 3795 690 3870 spectes,
705 3784 781 3847 idem
799 3793 846 3848 est
864 3805 929 3848 oum
950 3781 1115 3860 hominibus
1131 3777 1220 3846 ctu·

55 3899 133 3968 stnsq
172 3887 416 3973 quemadmodum
432 3885 457 3950 ai
482 3886 615 3970 spiritum
638 3885 785 3971 utrimque
807 3898 940 3972 spectes,
980 3886 1055 3949 idem
1083 3894 1130 3947 ast
1152 3903 1218 3947 oum

56 4001 150 4076 patre.
199 3987 260 4055 lam
288 4000 432 4074 qnatenus
455 3988 783 4073 sineseminsgenitua
801 3999 865 4068 est,
902 3988 1052 4053 nunidem
1070 3995 1133 4064 est,
1166 3986 1218 4050 sed

57 4092 181 4172 rimiliaq
216 4093 339 4179 perinde
358 4101 446 4177 atque
462 4101 606 4177 quatenus
622 4094 688 4156 aine
711 4091 854 4177 profluvio
870 4091 928 4156 ulto
946 4110 981 4154 ao
994 4089 1132 4175 passione
1152 4108 1219 4173 pro-

57 4197 148 4262 oessit
167 4196 263 4274 fliius,
295 4217 353 4260 nou
371 4196 448 4262 idem
467 4205 529 4275 est,
561 4195 612 4260 sed
629 4193 750 4258 similis:
783 4203 928 4278 quatenus
947 4212 1020 4256 uero
1040 4196 1070 4254 ia
1087 4195 1218 4254 uuiuilim-

57 4302 122 4360 δῖοι
136 4311 182 4360 eat
194 4304 292 4361 uernat
305 4304 426 4381 peceati,
453 4319 511 4362 nou
527 4297 604 4361 idom
622 4307 670 4361 est
685 4317 751 4360 oum
768 4295 866 4359 narnia
886 4293 1141 4373 eommotionibns,
1166 4293 1219 4358 sed

57 4401 174 4466 similis.
218 4399 290 4466 Non
309 4402 395 4467 aliter
415 4412 501 4487 atque
522 4399 599 4465 idem
615 4398 665 4486 qui
681 4398 887 4463 eommotionis
908 4397 985 4465 itlius
1000 4397 1219 4462 similitudinem

57 4575 134 4636 prim.
170 4571 235 4628 aaut
251 4575 290 4625 ud.
306 4576 390 4628 suaa.
655 4563 747 4624 rudeis
764 4573 857 4622 uudutr
870 4572 961 4621 uuoutt
975 4571 1096 4624 Prtouiuu.

90 4643 117 4694 5.
137 4643 212 4694 Vecta
229 4640 275 4697 aaut
296 4638 362 4700 καθὸ
386 4667 430 4680 --
456 4639 501 4696 καὶ
522 4639 623 4712 πνεῦμα
689 4635 713 4691 6.
734 4639 808 4706 luipo
825 4631 908 4708 ὥςπερ
925 4625 977 4698 adu.
