3060 5026
283 372 559 426 sepenumero.
576 369 659 424 rore.
675 371 706 421 n.
725 369 825 422 nanu.
842 367 987 420 cxxuur.
1152 355 1214 420 405

49 489 179 556 Mariam
204 502 271 578 post
294 489 445 558 Christum
471 493 501 558 in
517 494 611 557 lucem
628 490 736 553 editum
761 510 825 553 cum
843 489 909 552 viro
926 509 981 552 suo
1003 485 1129 574 losepbo
1144 509 1215 552 con-

49 595 238 658 suetudinem
264 595 402 660 hahuisse
425 596 570 659 dicerent.
616 590 713 677 Quam
728 591 843 678 quidem
863 590 1050 677 opinionem,
1076 599 1217 676 utsupra

48 696 132 776 dixi,
166 697 201 761 ab
220 717 293 762 senc
308 697 360 761 illo
378 698 562 784 Apollinari,
594 707 645 761 aut
667 695 703 760 ab
722 696 787 760 eius
803 693 952 779 discipulis
975 713 1111 757 manasse
1129 713 1217 778 prae·

48 800 166 879 dioaot3
197 801 234 864 de
259 821 316 886 quo
334 801 461 865 noudum
485 799 553 864 mihi
581 799 690 884 liquido
711 807 839 862 constat.
885 794 1049 881 Utcumque
1074 815 1142 859 sese
1165 814 1216 858 res

48 902 176 983 habeat,
199 923 263 966 cum
284 903 454 968 necessario
470 925 487 968 a
506 903 591 968 nobis
611 901 651 966 illi
669 901 815 964 relutaodi
832 899 910 977 sint,
936 919 973 961 oe
993 899 1116 962 eundem
1135 895 1217 960 laho-

48 1025 111 1068 rem
127 1006 223 1070 denuo
240 1017 426 1090 repetamus,
451 1005 602 1071 sublicium
621 1003 699 1067 illam
713 1003 868 1089 ipsammet
883 1000 1055 1088 epistolam,
1081 1020 1166 1084 quam
1186 999 1216 1062 io

48 1106 190 1172 Arabiam
208 1128 224 1172 a
249 1130 294 1172 me
312 1119 398 1173 autea
423 1109 560 1193 scriptam
579 1127 647 1171 csse
671 1106 844 1169 memoravi.
891 1101 977 1188 Quae
993 1115 1040 1168 cst
1058 1102 1213 1168 eiusmodi.

134 1207 270 1275 Dominis
290 1212 363 1275 meis
380 1210 532 1298 plurimum
554 1208 748 1273 observandis
767 1229 801 1272 oc
817 1207 978 1299 rarissimis
995 1206 1080 1284 liliis,
1104 1216 1134 1268 et
1151 1203 1371 1268 siu-lil’lfflldl1

1220 1261 1368 1306 ttrtsuuca

46 1313 125 1376 ceris
145 1311 300 1392 iratribus,
325 1314 455 1378 eiusdem
475 1311 660 1376 orthodoxae
679 1311 744 1374 hdei
764 1310 1001 1397 professoribus,
1032 1320 1090 1372 tam
1108 1312 1370 1410 εαυετ-Ἇῧῗΐξῧδὲξ

45 1415 164 1478 dotibus
182 1437 266 1500 quam
285 1415 369 1479 laicis
387 1426 417 1479 et
433 1414 670 1495 catechumenis,
703 1411 883 1498 Epiphanius
903 1412 1107 1499 episcoporum
1126 1411 1363 1514 mini-Meglpgdl-

46 1539 110 1582 mus
137 1517 171 1582 S.
1233 1525 1292 1594 cap.
1308 1524 1340 1575 u.

133 1617 190 1684 Est
210 1621 266 1684 hcc
286 1631 418 1706 tempore
444 1621 519 1705 quod
544 1619 744 1684 admirandum
766 1617 853 1682 simul
877 1629 907 1682 et
930 1639 988 1681 non
1011 1616 1213 1681 admirandum

45 1723 193 1786 rideatur.
250 1722 463 1787 Admirandum
495 1722 629 1808 quidem,
672 1724 747 1807 quod
779 1731 875 1785 aetate
905 1732 1005 1784 nostra
1036 1719 1215 1806 impleantur

46 1825 157 1904 omnia,
183 1825 302 1889 minime
317 1847 391 1890 roro
408 1825 582 1903 mirandum,
607 1825 682 1908 quod
700 1824 801 1888 cadem
820 1823 867 1886 illa
887 1823 1001 1909 impleri
1019 1843 1143 1886 neccsse
1161 1821 1211 1884 sit.

46 1925 166 1991 Etenim
183 1927 312 2012 quotidie
332 1929 416 1992 nobis
439 1928 598 2014 sophistica
617 1925 713 2012 aliqua
733 1926 882 1991 cavillatio
900 1947 1054 2012 perperam
1075 1925 1213 1988 affectata

45 2029 180 2093 humanis
203 2048 244 2093 ex
267 2028 396 2114 ingeniis
426 2051 461 2092 ac
484 2029 630 2093 mentibus
656 2029 799 2114 erumpit,
832 2038 919 2113 atque
945 2028 973 2090 in
997 2028 1127 2092 deterius
1144 2049 1212 2113 pro-

43 2151 151 2214 gressa
163 2130 199 2194 eb
214 2132 374 2217 apostolica
387 2132 520 2196 doctrina
535 2132 692 2210 desciscit3
710 2130 953 2214 quemadmodum
971 2129 1121 2215 apostolus
1133 2126 1212 2194 Pau·

44 2235 88 2296 los
107 2233 316 2318 praedixerat,
341 2237 482 2317 Defioc'ent
494 2238 602 2316 peridem
616 2255 634 2296 c
650 2255 721 2296 sono
739 2239 887 2308 doctrritc,
912 2237 1087 2295 attendentes
1100 2234 1210 2316 fabulis
1223 2248 1365 2306 tulmen

41 2349 70 2398 ct
84 2341 228 2398 merobis
243 2342 451 2400 doemoniorum
468 2348 527 2401 etc.
573 2335 651 2401 Nam
674 2337 698 2399 si
716 2358 771 2420 qua
788 2357 856 2400 sese
871 2356 1077 2422 perversarum
1098 2335 1210 2399 viarum

42 2438 285 2524 inquirendarum
311 2451 399 2524 atque
422 2439 684 2524 excogitandorum
712 2439 830 2504 occasio
853 2449 883 2501 et
909 2438 1030 2502 facultas
1057 2438 1209 2517 obtulerit,

42 2541 69 2604 in
87 2565 125 2606 eo
144 2541 241 2626 potius
262 2542 409 2606 hominum
428 2543 524 2608 studio
544 2552 720 2620 versantur,
745 2564 830 2627 quam
852 2561 891 2606 ex
912 2553 1069 2626 praecepto
1087 2539 1137 2604 illo
1156 2561 1211 2606 ex·

42 2645 178 2729 equendo
195 2645 272 2728 quod
288 2645 412 2709 honesta
429 2657 456 2708 et
480 2645 690 2730 approbatione
707 2645 794 2729 digna
810 2664 955 2729 quaerere
971 2645 1070 2723 iubet,
1103 2655 1154 2708 aut
1168 2644 1211 2708 al-

45 2756 108 2810 tero
125 2747 178 2810 itto
194 2769 286 2810 sermo
301 2760 393 2810 cester
406 2751 468 2810 sele
481 2753 621 2823 soladium,
647 2759 681 2810 ut
692 2752 740 2810 det
751 2753 877 2828 grutehm
893 2749 1081 2810 audientibus.
1120 2745 1207 2832 Quod
1233 2759 1332 2858 ettugp.

43 2851 67 2914 si
87 2852 164 2916 haec
181 2850 322 2914 attentius
347 2850 444 2914 animo
471 2851 675 2929 revolvamus,
709 2852 785 2914 unde
805 2851 854 2913 het
874 2861 905 2914 ut
926 2849 1054 2937 pessima
1074 2871 1208 2936 quaeque
1221 2815 1306 2920 coh't,
1319 2867 1339 2912 c.

45 2954 130 3017 uobis
149 2953 178 3016 in
198 2954 260 3016 dics
286 2953 507 3033 instaurentur,
539 2963 568 3016 ct
586 2952 712 3037 nosipsi
738 2953 938 3037 imperitorum
957 2952 1068 3017 similes
1086 2953 1208 3034 erimus,

43 3057 89 3140 qui
114 3055 225 3120 divinis
254 3054 354 3119 verbis
375 3067 406 3119 et
429 3054 577 3118 vaticiniis
600 3055 727 3118 animum
757 3056 852 3119 minus
878 3055 1079 3118 adhibeamus.
1127 3053 1211 3120 llaec

43 3161 119 3221 enim
149 3156 266 3242 impleri
290 3177 414 3222 neccsse
438 3169 500 3236 est,
535 3167 622 3241 atque
647 3158 676 3219 ic
701 3157 837 3221 omnibus
863 3156 927 3220 lidci
952 3157 1082 3242 partibus
1110 3158 1210 3243 perlici

42 3260 116 3343 quod
133 3261 244 3323 dictum
260 3271 317 3338 est,
344 3265 412 3322 Cum
428 3262 630 3342 uenero'tfilt'us
645 3263 766 3322 hominis
779 3263 912 3341 cnfidem
928 3265 1049 3322 obveniet
1063 3266 1092 3323 ic
1106 3269 1208 3323 terro?
1221 3273 1276 3320 tue
1286 3274 1351 3331 tete

44 3359 110 3443 Quo
128 3361 208 3426 euim
226 3362 342 3425 tandem
356 3364 497 3424 dominum
513 3385 590 3424 mens
600 3384 693 3451 prono
708 3366 738 3424 in
756 3366 858 3424 molum
873 3364 909 3424 cd
924 3375 1021 3425 tenera
1035 3376 1127 3425 octote
1140 3385 1209 3449 pro·
1222 3377 1350 3436 (tenete

44 3465 156 3528 cessit?
188 3461 283 3548 Quam
304 3485 361 3527 non
380 3464 445 3527 hdci
463 3475 573 3550 partem
593 3463 812 3548 pessumdedit?
843 3463 997 3548 Quodnam
1015 3487 1087 3530 vero
1104 3469 1210 3552 dogma

43 3580 88 3630 est
103 3567 133 3630 in
159 3588 217 3650 quo
235 3565 378 3652 perditum
404 3566 521 3630 illorum
547 3566 699 3630 consilium
714 3565 849 3652 quicquid
867 3552 977 3631 fructus
999 3581 1063 3632 crat
1081 3581 1110 3632 et
1132 3568 1210 3633 utili·

46 3671 112 3734 tatis
128 3691 189 3733 noo
209 3668 409 3755 perturbaritl
431 3691 496 3732 etam
514 3668 583 3732 illud
602 3671 694 3732 semel
712 3669 896 3754 neglexisset
915 3671 991 3756 quod
1009 3673 1140 3758 apprime
1159 3673 1209 3736 de-

44 3773 146 3851 cebat,
180 3782 209 3834 ct
233 3772 348 3835 ratione
375 3773 522 3856 praeditae
540 3782 663 3835 naturae
680 3773 768 3835 statui
792 3786 1022 3837 consentaneum
1047 3785 1129 3852 erat,
1161 3773 1209 3837 cui

45 3877 159 3959 quidem
183 3875 251 3938 illud
276 3875 372 3959 potius
397 3875 607 3952 conveniebat,
644 3884 675 3937 ut
698 3873 822 3939 honesta
850 3897 984 3962 quaeque
1011 3897 1045 3940 au
1069 3876 1208 3960 religiosa

45 3981 191 4063 cogitaret
206 3977 315 4055 animo,
340 3978 418 4041 etad
439 3998 475 4041 ea
491 3997 558 4041 sese
573 3978 620 4041 vel
638 3976 758 4041 invitam
775 3989 892 4064 praeter
911 3989 1044 4043 naturam
1062 4001 1158 4059 suam,
1183 3981 1209 4044 si

45 4079 83 4142 ita
103 4100 229 4144 necesse
249 4079 343 4159 lorct,
377 4081 630 4158 accommodaret,
665 4101 750 4164 quam
778 4092 809 4143 ut
834 4081 869 4144 ad
894 4082 1042 4144 deteriora
1061 4081 1209 4147 violenter

45 4183 162 4246 enitens
185 4203 258 4266 quae
281 4203 353 4246 vera
375 4195 443 4246 sunt
466 4184 501 4246 ad
525 4185 646 4267 prolana
670 4205 705 4245 ac
727 4183 848 4270 ridicula
871 4183 1071 4269 detorqueret.

130 4283 248 4348 Etenim
273 4295 461 4369 posteaquam
480 4285 721 4371 blasphemiarum
744 4303 856 4368 genera
883 4287 979 4350 cmni'a
998 4309 1032 4350 ac
1052 4309 1208 4373 quaecum·
1227 4307 1344 4377 cppttt

76 4421 100 4474 3-
120 4411 172 4488 ἆρα
189 4423 257 4474 codd.
272 4437 327 4473 mss.
362 4414 412 4486 ἄρα
428 4423 485 4472 editt
502 4425 562 4472 llbti.
644 4437 704 4474 vcro
725 4422 880 4474 sermonibus
896 4422 988 4473 ‘molum
1006 4425 1135 4477 consilium
1157 4442 1207 4479 uon

76 4494 100 4540 ’4.
119 4491 170 4543 ποῦ
186 4489 350 4556 ecptpsmn
367 4491 418 4540 cod.
435 4492 533 4552 llbedr'p.
642 4489 752 4541 turbavit
771 4491 904 4542 utilitatem
922 4508 1005 4543 eorum
1019 4495 1061 4561 qui
1079 4494 1206 4545 decentis·

77 4560 100 4607 5.
110 4561 294 4610 dlcscrlbmdum
302 4561 401 4622 {omnm
410 4552 487 4610 ὄντων
497 4555 533 4611 δὲ
552 4561 608 4609 Ocr-
642 4557 697 4608 simi
712 4569 770 4610 suut
784 4569 810 4610 et
823 4560 849 4610 iu
863 4571 929 4612 stetu
943 4561 1070 4612 nationalis
1081 4564 1205 4616 naturae?

45 4631 126 4678 nortus
148 4630 232 4678 lucetis
252 4630 381 4679 monetatis
396 4629 463 4676 vertit
478 4626 502 4676 in
521 4625 608 4695 quibos
642 4631 755 4683 Petout'ua
771 4631 848 4687 deesse
864 4633 988 4700 putppa'orn
1005 4633 1133 4684 arbitratus
1147 4637 1188 4684 eat.
