3058 5014
322 301 386 366 230
698 391 710 412 ·
749 311 1053 366 εινοτιτειειιινιι

323 427 381 496 κάν
395 430 428 495 ἐν
441 434 483 517 τῷ
497 425 629 512 τογόντι;
674 426 780 518 Γνάσγ
794 429 827 494 δέ
843 427 888 493 δτι
901 425 1030 513 ἔναρχος
1043 425 1133 510 θεός,
1162 431 1214 496 καί
1231 425 1389 516 άγέννητος
1406 427 1460 506 θείς

324 533 477 618 ἐγέννησεν
504 533 532 608 ἐξ
561 531 655 596 αὐτοῦ
677 529 752 596 θεόν
775 529 881 614 όμοιον
906 532 1016 620 ἑαυτῷ,
1049 529 1086 598 οό
1109 528 1214 615 μόνον,
1242 528 1313 598 άλλά
1341 534 1393 600 καί
1414 536 1462 598 ίσον

323 631 398 702 κατά
410 631 515 698 πάντα.
561 635 621 698 Καὶ
635 631 690 698 οόιι
709 634 835 710 ἔκτισεν,
866 635 916 698 ίνα
932 630 973 716 μὴ
989 629 1131 716 άνόμοιος
1146 630 1165 700 ό
1179 636 1312 712 κτισθείς
1326 633 1461 720 γενόμενος

324 734 456 825 α’φανίση
481 733 515 800 τό
541 742 622 801 ῡτοῦ
642 734 716 811 θεός
740 731 832 818 ὄνομα
859 732 909 800 διά
932 743 986 818 τῆς
1010 735 1189 812 διαστάσεως
1208 743 1260 819 τῆς
1284 743 1461 823 παραλλαγῆς.

321 829 485 906 Ἀδόνατον
501 835 556 923 γάρ
577 835 629 902 τόν
643 844 790 924 γεννῶντα
810 833 951 920 α’νόμοιον
967 839 1017 903 καί
1034 835 1137 905 άνισον
1156 845 1261 925 γεννᾶν
1274 840 1399 917 ἑαυτοῦ,
1424 839 1462 903 καί

322 941 375 1010 τόν
387 940 598 1028 γεγεννημένον
614 939 758 1023 άνόμοιον
773 936 849 1005 εἶναι
871 947 926 1006 τοῦ
942 939 1156 1026 γεγεννηκότος.
1202 939 1259 1007 Διό
1277 943 1408 1008 ἐνταῦθα
1426 965 1464 1004 ιτε-

324 1045 481 1133 ριλήψεται
501 1049 555 1126 τῆς
580 1040 757 1125 ταοτότητος
778 1039 812 1107 τό
837 1041 1025 1124 κατὰφύσιν
1051 1045 1081 1122 έξ
1106 1041 1294 1130 εδογγελιιιῆς
1312 1047 1462 1129 μαρτυρίας,

324 1148 381 1227 ότι,
400 1145 508 1212 Πάντα
521 1143 556 1209 τά
573 1152 626 1210 τοῦ
640 1143 752 1230 πατρός
767 1143 823 1227 έμά
839 1145 909 1224 ἔστι,
926 1147 1057 1212 τουτέστι
1071 1143 1146 1222 θεός
1162 1143 1301 1232 όπατῆρ,
1321 1143 1396 1222 θεός
1411 1142 1464 1230 ίγό,

324 1250 384 1334 ζωὴ
404 1246 423 1316 ό
438 1245 550 1332 πατὴρ,
572 1245 631 1330 {mv}
648 1245 720 1334 έγοδ,
743 1248 792 1312 καί
807 1244 844 1310 τά
859 1247 928 1330 ἑξῆς
945 1244 1044 1312 πάντα
1061 1247 1118 1314 ὅσα
1134 1249 1239 1334 πρέπει
1254 1250 1344 1334 πατρί
1359 1251 1410 1314 καί
1421 1251 1465 1334 νίγῖ

325 1355 377 1420 καί
392 1349 466 1440 άγίςο
481 1348 623 1433 πνεύματι
641 1351 672 1415 έν
694 1355 747 1436 μιᾷ
761 1345 896 1430 θεότητι,
928 1350 1019 1432 μηδέν
1039 1357 1092 1434 τῆς
1110 1349 1230 1436 τριάδος
1245 1352 1466 1436 παρηλλαγμένον

327 1454 466 1540 λγοόσης,
495 1459 599 1533 σαφῶς
621 1449 692 1534 ἡμῖν
714 1448 848 1536 άνάργως
867 1452 919 1516 καί
947 1449 1080 1538 άγρόνοις
1101 1461 1156 1520 τοῦ
1172 1451 1376 1520 ένυποστάτον
1393 1451 1465 1536 λόγον

326 1565 380 1624 τοῦ
394 1555 507 1642 πατρός
520 1557 572 1620 καί
587 1561 641 1621 τοῦ
655 1552 857 1620 ἐννποστάτον
869 1555 1036 1638 πνεύματος
1051 1561 1106 1622 τοῦ
1119 1551 1206 1642 άγίου
1226 1558 1258 1624 ἐκ
1273 1554 1387 1642 πατρός
1405 1555 1468 1618 6ναί

327 1667 387 1726 τοῖν
407 1665 462 1725 τοῦ
483 1660 553 1724 υίοῦ
574 1654 646 1741 ἡμῖν
667 1658 699 1722 έν
720 1654 827 1742 γνοίσει
845 1661 938 1745 τελείᾳ
958 1656 1191 1742 ἠσφαλισμίνον.

411 2062 524 2135 ’Λετίον
539 2074 641 2148 κεφαλ.
654 2065 690 2148 β.
714 2069 757 2131 El
770 2065 867 2150 πάσης
881 2069 977 2144 αίτίας
993 2071 1132 2153 κρείττων
1149 2065 1274 2154 όπάρχει
1291 2064 1310 2131 ό
1325 2064 1472 2154 άγέννητος
1504 2059 1505 2070 ’

327 2168 416 2251 θεός,
446 2168 497 2237 διά
520 2177 608 2236 τοῦτο
629 2170 680 2236 καί
707 2169 866 2254 Ιγενέσεως
888 2175 1027 2256 κρείττων
1052 2169 1092 2236 α”ν
1117 2172 1171 2253 εἴη.
1215 2173 1258 2235 Εἰ
1288 2171 1321 2236 δέ
1344 2171 1471 2254 κρείττων

329 2275 391 2342 έστί
411 2272 509 2356 πάσης
524 2276 630 2350 αἰτίας,
652 2269 787 2354 δηλονότι
802 2273 853 2336 καί
869 2274 1015 2356 γενέσεως.
1062 2270 1138 2338 Οὔτε
1154 2270 1210 2360 γάρ
1223 2269 1291 2356 παρ’
1306 2273 1408 2358 έτίρας
1426 2265 1474 2352 φό-

328 2398 403 2454 σεως
424 2379 525 2458 είληφε
547 2373 579 2440 τό
603 2371 692 2452 εἶναι,
717 2370 784 2440 οὔτε
807 2372 923 2450 λαῦτδς
943 2376 1039 2462 ἑαυτῷ
1059 2373 1093 2442 τό
1114 2371 1187 2440 εἶναι
1208 2375 1340 2460 παρέσχε.

409 2477 529 2560 Ἀνατρ.
572 2478 615 2540 El
629 2476 727 2558 πάσης
741 2478 835 2553 αἰτίας
849 2480 988 2560 κρείττων
1001 2474 1126 2562 όπάργει
1141 2474 1160 2544 ό
1174 2473 1332 2562 άγέννητος
1347 2474 1436 2556 θεός,
1463 2469 1476 2538 ό

330 2579 362 2646 δέ
378 2577 515 2666 γεννητδς
532 2581 563 2656 ἐξ
579 2576 672 2643 αάτοῦ
690 2575 816 2656 α’ναξίοος
833 2575 926 2644 αὐτοῦ
940 2581 1125 2665 γεγέννηται,
1154 2580 1206 2645 καί
1224 2577 1261 2646 οὗ
1275 2575 1339 2642 κατ’
1354 2576 1476 2658 ἰσότητι,

331 2683 382 2750 καί
399 2683 430 2746 έν
442 2689 483 2770 τῷ
497 2688 551 2746 τοῦ
566 2678 679 2768 πατρός
694 2682 857 2770 προκριτέρι
874 2677 998 2764 ὀνόματι
1015 2683 1144 2764 ἕστηκεν,
1167 2678 1286 2764 άτιμίαν
1298 2685 1340 2769 τῷ
1354 2704 1480 2768 γεγεννη

330 2781 395 2850 κότι
411 2781 443 2850 τό
461 2784 589 2870 γέννημα
606 2791 816 2869 περιποιεῖται,
848 2783 949 2868 ἑτέρου
965 2779 1110 2866 ὀνόματος
1124 2781 1205 2869 παρά
1222 2782 1257 2848 τά
1274 2783 1417 2869 γεγονότα
1430 2783 1479 2845 ιιτί·

331 2907 427 2970 σματα
438 2888 511 2970 ἔχων
526 2884 560 2950 τό
574 2883 697 2968 α’ξίωμα,
722 2886 772 2950 καί
788 2883 825 2950 οό
838 2884 913 2950 κατά
929 2882 966 2949 τά
981 2885 1121 2972 γεγονότα
1135 2884 1190 2969 τήν
1202 2883 1288 2968 τιμὴν
1303 2892 1344 2974 τῷ
1364 2909 1481 2963 πεποιη

329 2987 394 3055 κότι
406 2985 662 3071 περιποιούμενον.
711 2985 753 3052 Τά
771 2990 824 3070 μὲν
837 2985 894 3073 γάρ
911 2986 995 3064 ἐκτός
1009 2987 1104 3054 αὐτοῦ
1118 2987 1208 3066 δόξαν
1221 2995 1263 3078 τῷ
1278 2985 1424 3054 κεττιιιότι
1441 3007 1482 3050 πε·

330 3099 498 3176 ριποιεῖται,
520 3087 576 3156 οόιι
594 3088 666 3156 δντα
680 3093 729 3154 ίσα
740 3095 780 3178 τῷ
795 3089 980 3173 πεποιηκότι,
1002 3087 1072 3157 οδδέ
1085 3088 1206 3173 δνόματι
1220 3098 1274 3157 τοῦ
1286 3087 1484 3173 πεποιηκότος

329 3191 512 3276 καλούμενα,
546 3190 617 3258 ιίλλιί
639 3196 731 3258 δοῦλα
755 3192 896 3279 γενόμενα
926 3196 967 3270 είς
997 3191 1088 3270 δόξαν
1108 3200 1163 3259 τοῦ
1189 3191 1409 3275 πεποιηκότος,
1440 3195 1483 3256 ίνν

329 3293 391 3363 άπό
410 3303 469 3361 τῶν
494 3295 621 3373 ἐνδόξων
642 3297 675 3360 έιι
702 3299 782 3361 8τοῦ
808 3291 885 3379 ὑπὲρ
909 3292 947 3360 τά
970 3297 1075 3372 ἔνδοξα
1095 3294 1236 3380 γεγονότα
1259 3293 1292 3360 τό
1311 3296 1485 3382 προαριτέον

204 3431 256 3475 μς.
269 3418 314 3464 εει.
328 3400 381 3465 καί
396 3394 471 3482 όπέρ
492 3396 567 3464 αότά
587 3396 623 3464 όν
639 3397 790 3483 άνολόγως
812 3404 970 3484 θεαρῆται.
1010 3394 1046 3462 ‘0
1061 3397 1094 3463 δέ
1113 3394 1211 3462 οόιιέτι
1231 3403 1268 3486 τῇ
1287 3395 1406 3464 τούτων
1424 3396 1485 3462 όνο-

330 3505 421 3589 μασίρι
438 3501 682 3582 κικλησκόμενος,
713 3507 749 3589 τῇ
767 3500 800 3564 δὲ
816 3501 992 3584 προκριτέον
1007 3495 1214 3582 όμοονσιότητι
1231 3501 1265 3565 ίιι
1279 3507 1336 3566 τοῦ
1350 3500 1486 3584 τετάχθαι

329 3603 543 3686 συνηνωμέναις
558 3605 631 3686 έχων
647 3600 680 3668 τό
698 3603 826 3685 ἀξίωμα,
850 3603 877 3667 εἰ
891 3605 991 3669 διοίσει
1006 3608 1060 3668 τοῦ
1077 3603 1254 3687 προκριτέον
1271 3601 1325 3685 τὴν
1340 3609 1486 3688 παραλία·

328 3704 401 3792 γὴν,
430 3706 483 3770 καί
512 3712 553 3794 τῷ
582 3707 746 3793 προκριτέρι
773 3707 891 3769 ἔλαττον
916 3702 1031 3788 άξίοομα
1053 3702 1292 3791 περιποιήσεται,
1323 3709 1487 3770 διαλλαττο-

330 3810 419 3891 μένης
437 3815 491 3890 τῆς
516 3805 592 3872 κατά
620 3803 653 3873 τό
683 3809 857 3892 προκριτέον
877 3813 931 3872 τοῦ
953 3804 1134 3892 γεννήματος
1158 3808 1380 3885 έπειιοινοινίας.
1438 3801 1488 3872 Διό

329 3909 434 3993 ὅμοιος
449 3912 479 3987 ἐξ
493 3905 618 3992 όμοίσυ,
647 3911 699 3975 καί
721 3912 786 3985 ίσος
802 3911 831 3987 έξ
852 3911 919 3974 ίσοο
936 3905 1009 3992 ἡμῖν
1030 3906 1049 3974 ό
1067 3906 1207 3992 βλαστός,
1240 3907 1297 3976 οὐκ
1316 3907 1381 3976 άπό
1396 3932 1489 3992 σωμα·

329 4021 412 4096 τικῆς
434 4015 563 4092 ἐννοίας,
585 4019 623 4102 τῇ
635 4017 730 4078 πίστει
745 4015 948 4094 κατείληπται,
977 4009 1037 4078 ἀλλ’
1054 4008 1095 4088 τίς
1112 4008 1186 4087 θεός
1200 4013 1233 4078 έιι
1247 4018 1342 4090 θεοῦ,
1377 4020 1448 4094 φῶς
1463 4013 1491 4076 έτ

331 4114 446 4196 φωτός,
477 4117 529 4182 καί
549 4113 636 4201 λόγος
658 4113 771 4202 πατρός
792 4111 1006 4194 έννπόστατος,
1037 4116 1202 4199 σωζομένης
1223 4121 1276 4198 τῆς
1301 4111 1490 4198 άμεταθίτον

364 4287 388 4338 5.
405 4291 450 4342 τοῦ
467 4291 566 4354 [σείσειε
582 4291 707 4340 delendum
724 4295 764 4339 τοι.
923 4293 994 4352 repet.

363 4353 388 4406 6.
409 4360 491 4408 vitiose
508 4363 532 4409 ιἰι
549 4360 604 4409 κοιλ
621 4359 703 4409 Ραον.
723 4359 801 4408 σολον.
820 4361 892 4419 repet.
958 4357 981 4408 3.
999 4359 1050 4410 τῶν
1064 4361 1176 4410 mendum
1191 4361 1224 4411 ττί
1236 4361 1290 4408 edit
1308 4359 1399 4411 Ρείσο.
1418 4361 1493 4410 σολον.

329 4431 454 4476 exaratum
468 4429 552 4489 ιιρίιατ
566 4421 792 4486 καλτδνταῦυίοῦ,
807 4419 891 4491 ιὶμτίν.
923 4429 994 4488 τιμαί.
1030 4429 1134 4477 σείειαπι
1151 4429 1208 4476 haec
1227 4429 1298 4477 οινοο
1313 4429 1377 4477 vitio
1393 4445 1443 4477 non
1458 4441 1494 4476 αι·

366 4495 387 4546 1.
405 4491 542 4558 γεινέοεως
559 4496 609 4543 cod.
631 4495 729 4556 Ηλιδίρ.
923 4497 981 4544 rent.
1018 4497 1170 4545 Scribendnm
1190 4500 1248 4557 ςιειίο
1269 4491 1300 4548 έκ
1317 4494 1367 4548 τοῦ
1385 4492 1452 4564 διελς
1465 4490 1494 4546 τά

363 4563 387 4616 2.
407 4555 483 4614 αὐτόν
504 4563 587 4612 vitium
602 4567 635 4613 est
656 4563 693 4612 εδ.
709 4563 791 4614 Ριίοο.
810 4562 889 4612 colon.
924 4557 975 4616 έιδ.
992 4560 1096 4632 γεγονὸς
1111 4559 1140 4616 τί
1158 4579 1201 4631 πρ.
