3058 5014
281 237 420 292 rnuanu
439 237 504 290 nnc.
517 237 562 290 ut.
581 237 666 290 rom.
680 238 700 288 t.
718 235 821 289 unna.
836 235 960 286 cxxvi.
1144 219 1207 290 tut

53 375 87 421 cx
111 367 211 443 patre,
247 359 395 444 perlectus
426 359 640 443 superiecto,
676 359 825 443 perlectus
856 355 956 420 itidem
990 352 1111 440 spiritus
1141 373 1209 418 seu·

54 471 108 524 ctns
129 472 186 524 etl.

124 561 210 646 Quae
233 583 298 628 oum
320 563 360 628 ita
385 565 462 643 sint,
495 563 607 628 duobus
631 563 762 628 tribusve
784 559 960 626 testimoniis
983 560 1098 625 illorum
1122 560 1203 624 dete·
1222 567 1360 636 capvttt.

52 665 155 749 gendes
172 687 260 732 error
275 676 333 731 est.
378 663 456 730 Nam
474 666 499 730 si
518 667 647 750 genitum
671 665 707 728 alr
724 665 775 729 illo
792 665 880 728 lilium
907 663 1028 729 omnino
1050 664 1206 741 fateamur,
1275 652 1279 661 ’

51 769 165 832 eundem
188 781 217 832 et
235 769 363 855 genitori
389 768 514 833 similem
541 768 712 834 necessario
734 767 901 832 lumbimur·
946 764 1138 856 Perspicuum
1156 785 1209 830 au·
1311 821 1317 838 ,

52 879 100 934 tem
116 883 181 951 est,
206 893 271 936 cnm
295 872 492 936 verbotenus
515 870 646 956 genitum
673 891 740 934 esse
767 871 845 934 dicat
869 869 977 948 lilium,
1007 867 1105 954 reipsa
1123 885 1207 932 orea-

51 983 133 1038 turam
155 974 331 1039 existimare
349 997 384 1039 so
404 974 547 1053 credere,
571 974 611 1037 ita
630 983 661 1038 ut
675 972 739 1038 sola
756 973 803 1037 dei
820 973 914 1057 gratia
932 971 1009 1036 lilius
1026 969 1206 1056 appelletur3

52 1097 116 1160 quac
140 1088 187 1141 est
212 1077 384 1142 coelestium
411 1077 537 1142 tinitonis
558 1077 654 1156 illius,
688 1086 719 1140 et
739 1096 841 1140 eorum
861 1095 937 1161 quac
957 1072 1048 1138 dividi
1062 1092 1121 1136 noo
1140 1093 1208 1157 pos·

50 1190 110 1243 sont
135 1179 294 1259 divisoris,
330 1191 361 1244 et
385 1189 505 1244 nostrae
534 1199 588 1265 per
613 1175 764 1244 Christum
789 1178 893 1242 salutis
919 1174 1066 1243 mensoris
1095 1173 1206 1260 opinio.

50 1277 153 1346 Verum
173 1283 301 1347 omnium
316 1283 441 1346 istorum
465 1283 563 1346 oratio
583 1282 669 1348 lacile
693 1281 847 1360 concidet,
879 1281 928 1366 qui
950 1301 1003 1367 pro
1021 1289 1157 1343 creatura
1173 1277 1208 1340 il·

49 1383 99 1448 lum
115 1385 202 1449 nobis
220 1385 397 1465 obtrudunt,
422 1397 509 1469 utque
526 1385 556 1450 in
575 1384 675 1470 primis
690 1384 831 1449 haeretici
847 1382 950 1463 huius,
974 1401 1059 1468 quem
1079 1381 1124 1445 luis
1139 1401 1208 1444 ver·

49 1484 87 1551 tn
102 1487 209 1552 merito
228 1487 310 1551 ellari
326 1508 414 1573 posse
433 1486 504 1552 milti
521 1487 637 1552 videor.
682 1483 740 1552 liic
759 1487 845 1564 milti,
877 1505 1006 1572 quaeso,
1039 1483 1106 1570 quid
1124 1481 1208 1547 deli·

49 1587 83 1653 lio
99 1591 143 1654 dei
159 1589 289 1670 sentias,
313 1599 344 1653 et
359 1601 523 1654 utrumnum
537 1601 701 1654 creaturam
719 1611 755 1654 sn
774 1591 884 1654 loetum
900 1588 937 1651 ab
953 1589 1056 1654 eodem
1075 1585 1208 1672 genitum

49 1691 211 1758 arbitraret
254 1689 332 1757 Nam
351 1692 376 1755 si
393 1701 557 1758 creaturum
575 1713 642 1758 esso
657 1703 788 1770 statuas,
820 1691 923 1756 desine
943 1693 1025 1756 uirus
1039 1690 1110 1754 illud
1127 1701 1208 1754 tuum

51 1794 147 1859 callida
170 1793 405 1860 dissimulatione
427 1807 546 1880 tegere,
581 1805 612 1858 et
628 1817 645 1858 a
663 1807 746 1882 putre
764 1795 894 1880 genitum
918 1793 999 1858 illum
1022 1813 1098 1858 voce
1123 1803 1209 1858 tenus

49 1897 246 1981 pronuntiare.
292 1893 411 1961 Etenim
437 1898 571 1983 quicquid
594 1909 724 1962 creatum
745 1909 808 1978 est,
841 1898 972 1983 genitum
995 1916 1137 1962 essenon
1156 1915 1208 1982 po·

48 2009 117 2078 test,
151 1999 226 2064 etsi
246 1997 377 2084 genitum
399 2013 462 2082 est,
486 2011 618 2065 creatum
635 2010 767 2064 nonest.
812 1997 1011 2083 Quamobrem
1028 1999 1157 2084 genitum
1173 2000 1208 2064 il·

47 2099 99 2166 lum
115 2103 210 2169 verbo
234 2103 388 2170 nominare
410 2103 524 2168 desine.
571 2101 641 2167 Non
659 2102 736 2170 cuim
762 2104 847 2167 decet
870 2113 900 2167 te
921 2103 967 2166 rel
984 2103 1049 2188 ipso
1069 2123 1207 2168 sermone

48 2204 180 2270 veritatis
197 2227 288 2272 voces
306 2206 486 2292 exprimere.
532 2203 613 2290 Quin
631 2206 727 2292 potins
752 2207 881 2270 trandent
900 2216 978 2270 tuam
998 2227 1114 2270 omnem
1129 2205 1208 2269 edis·

48 2327 125 2387 serr,
150 2319 187 2374 ut
199 2311 248 2395 qni
266 2309 307 2374 sis
323 2328 505 2394 cognoscere
522 2310 687 2395 possimus,
711 2329 746 2372 ac
762 2307 938 2373 malitiosum
956 2318 1036 2372 tuum
1053 2307 1206 2372 artiliciuoa

48 2411 192 2496 elingere,
217 2433 235 2474 o
254 2422 386 2499 captator
401 2411 582 2491 animarum,
608 2432 768 2496 eorumque
785 2432 860 2496 quos
873 2410 970 2496 diligis
984 2410 1126 2475 insidiose
1143 2430 1208 2472 cor·

48 2516 160 2598 ruptorl
209 2512 270 2580 Sed
292 2516 361 2580 illud
380 2515 433 2578 ais
450 2525 479 2578 te
499 2536 610 2600 quaero
630 2515 717 2580 lilium
739 2514 786 2578 dei
808 2516 914 2579 adores
933 2515 1047 2578 necuel
1090 2512 1206 2592 Adoro,

47 2613 144 2699 inquit.
195 2617 261 2703 Age
289 2618 374 2682 deum
401 2618 526 2697 adoras,
561 2639 598 2682 an
624 2621 704 2682 noni
748 2615 926 2702 ligonem,
957 2617 1069 2702 inquit,
1100 2620 1205 2682 adoro.

47 2712 98 2781 Uli
113 2719 207 2805 igitur
224 2719 273 2784 ille
290 2721 442 2798 deusest,
475 2741 560 2806 quem
585 2731 617 2783 tu
634 2731 765 2785 creatum
783 2719 1021 2804 adorandumque
1035 2719 1208 2806 praedicas?

48 2814 119 2882 Nam
137 2821 164 2886 si
183 2842 273 2886 noum
290 2823 435 2887 duntaxat
454 2823 595 2887 colendus
618 2823 790 2886 adoratione
812 2823 885 2887 deus
903 2832 971 2896 afse
989 2835 1119 2888 creatum
1138 2824 1208 2888 edo-

47 2921 101 2986 rari
125 2924 241 3002 uoluit,
273 2935 371 2990 cetera
397 2947 470 2989 vero
490 2926 587 2988 omnis
607 2924 655 2989 ille
678 2925 742 3010 ipse
761 2925 808 3010 qui
825 2925 957 2989 condidit
975 2925 1092 2990 adorari
1112 2935 1206 3006 vetat,

49 3033 74 3086 et
89 3045 140 3090 eos
159 3029 281 3090 damnat
300 3025 349 3112 qui
365 3039 481 3092 creatas
496 3047 545 3092 res
560 3028 733 3092 adoratione
749 3038 946 3106 venerantur,
977 3049 1042 3093 cum
1059 3028 1100 3092 ita
1121 3049 1209 3114 prae·

47 3128 161 3192 tendit:
194 3133 363 3210 Nonsccier
379 3131 433 3194 tt'lr'
446 3133 534 3192 allum
549 3135 776 3206 similitudem,
810 3143 839 3193 et
852 3131 986 3193 adomim
1005 3152 1084 3207 eom,
1117 3153 1207 3215 neque
1222 3147 1361 3206 uacum.

47 3231 186 3307 titemlo,
219 3255 309 3316 sepse
325 3238 354 3296 t'n
377 3245 471 3308 terra,
504 3255 594 3316 neque
614 3238 644 3295 in
665 3239 758 3315 nqur'r.
805 3231 865 3299 Sed
888 3243 918 3296 et
937 3235 1103 3319 apostolus,
1135 3238 1204 3298 Scr-
1216 3251 1361 3310 ttontsttt

47 3339 171 3411 merum,
208 3336 320 3420 iuquit,
353 3347 503 3398 crentrtrne
520 3339 618 3416 pntt'us
637 3357 720 3416 punto
734 3341 873 3411 creatori,
903 3348 932 3398 et
946 3339 1032 3398 stulti
1039 3339 1116 3418 sacti
1125 3349 1205 3402 runt.

48 3431 164 3517 Quaero
183 3437 275 3522 igitur
291 3459 344 3501 cnr
360 3438 477 3502 adorari
501 3437 598 3501 omnia
619 3437 669 3500 illa
692 3437 864 3524 prohibenti
907 3436 987 3503 Nom
1009 3440 1081 3504 dens
1105 3461 1208 3526 perso-

47 3555 144 3602 usrum
167 3541 311 3605 rationem
332 3540 436 3604 inisti
479 3538 604 3604 Minime
627 3561 713 3604 vero.
759 3537 860 3626 Quare
880 3541 936 3605 hon
953 3541 1018 3625 ipso
1037 3544 1112 3627 quod
1131 3565 1207 3608 uuus

45 3641 210 3707 adorandos
228 3652 293 3720 est,
316 3642 403 3707 sliam
422 3643 498 3706 lnnnc
516 3665 533 3708 n
549 3654 715 3710 creatarum
728 3662 826 3708 rerum
844 3643 1013 3708 conditione
1030 3665 1097 3708 esse
1115 3646 1208 3730 signi·

47 3739 125 3820 icat,
152 3756 183 3810 et
198 3755 364 3810 creaturam
381 3745 529 3825 vicissim,
562 3765 639 3830 quae
652 3745 768 3809 edormi
787 3746 975 3832 prohibetur,
1005 3747 1041 3810 ab
1059 3747 1208 3812 odorando

46 3844 161 3911 domino
179 3847 287 3932 deique
303 3847 360 3913 ttto
377 3860 407 3912 et
422 3868 438 3911 a
455 3859 536 3933 pntre
559 3849 660 3931 genito
679 3848 838 3914 diuersam.
885 3845 972 3932 Quod
995 3849 1073 3914 enim
1091 3850 1128 3916 alr
1143 3851 1207 3935 ipso

47 3948 160 4029 genitus
177 3960 225 4014 est
246 3951 309 4013 eius
331 3950 434 4014 similis
457 3950 645 4036 aequalisque
661 3951 757 4031 lilius,
787 3951 855 4015 ideo
873 3952 910 4014 ab
928 3951 1063 4016 omnibns
1082 3954 1208 4018 adoran-

46 4049 95 4114 tm
116 4063 176 4117 est.
223 4057 278 4114 Per
304 4055 601 4137 tuscanensem,
633 4065 664 4116 et
678 4058 740 4116 eine
764 4059 826 4135 r'pro
840 4057 956 4136 scotum
978 4066 1021 4116 ert
1040 4058 1124 4118 mitri.
1173 4053 1206 4120 ln
1220 4073 1351 4136 temus

47 4149 125 4236 ipso,
150 4155 288 4240 inquom,
318 4177 445 4220 necnon
465 4167 495 4219 et
510 4167 613 4220 sancto
632 4175 686 4220 sno
703 4154 825 4240 spiritu,
857 4156 905 4240 qui
923 4177 939 4220 s
955 4177 988 4221 se
1004 4158 1153 4242 procedit,
1178 4172 1207 4224 et

47 4253 79 4317 de
99 4256 159 4320 lilio
183 4257 306 4342 accipit,
341 4257 470 4322 condidit
491 4278 526 4321 nc
553 4257 679 4322 lirmnvit
694 4258 846 4324 universa.
893 4259 982 4320 Verbo
1003 4264 1075 4344 enine
1097 4267 1360 4342 dommine-tamt

47 4361 242 4441 emt‘stmao·
255 4370 340 4438 sunt,
365 4372 394 4422 et
407 4365 512 4442 maleto
526 4365 586 4423 om's
599 4365 661 4422 eius
677 4365 767 4422 omnir
781 4364 873 4423 vatem
890 4383 997 4426 eorum
1043 4361 1123 4429 Nam
1139 4388 1206 4430 cum

47 4494 175 4548 conoetm
188 4496 299 4566 ipsorum
313 4500 389 4550 uertit
415 4499 443 4548 ln
457 4499 525 4550 editis
538 4499 610 4562 culpo
626 4502 658 4550 est
675 4490 761 4551 circi.
