3042 5016
288 301 425 356 annuunt
442 304 504 358 ere.
521 305 564 356 m.
580 303 662 358 sont
679 306 700 356 1.
718 305 816 358 nnus.
833 303 955 358 cxxvi.
1135 287 1195 356 stt

49 432 174 488 uentura
197 423 372 510 npilicioqne
396 425 605 510 praestantior.
651 421 720 489 Non
745 435 900 510 propterea
918 425 993 509 quod
1015 424 1197 510 productisa

48 545 75 588 se
90 525 221 590 omnibus
238 527 405 604 aruecellit‚
431 549 490 591 non
509 528 610 590 cadem
631 526 688 590 istu
708 527 828 590 molitur
844 549 880 592 eo
897 539 1045 612 procreat.
1092 525 1199 612 Neque

48 628 117 691 enim
136 649 210 712 quse
226 629 305 692 illius
323 640 368 694 cst
386 629 521 708 bouitas,
545 629 655 694 invidia
673 629 821 714 tangitur,
855 631 1088 713 quandoquidem
1106 632 1197 714 ipsam

46 730 118 794 inse
135 730 295 794 bonitatem
318 732 542 818 complectitur,
578 753 654 816 quae
678 751 727 794 res
750 753 807 794 una
826 731 934 796 ceteris
957 744 1088 816 praestat
1105 731 1198 796 omni-

46 831 104 896 bus.
149 831 256 919 Neque
279 832 549 920 perturbationibus
566 833 713 897 obnoxius
730 845 795 912 est,
829 834 910 897 uelut
932 835 1079 913 invidiae,
1112 833 1198 898 livori

45 947 97 999 etc.
144 931 243 1018 Quare
261 955 462 1020 quaecumque
482 937 597 999 demtum
615 936 767 1015 existunt,
792 935 917 1000 enibiln
941 939 1074 1021 perfecit.
1118 933 1199 1000 Nam

45 1057 112 1120 quoe
136 1037 171 1099 ab
196 1038 261 1124 ipso
286 1039 404 1101 cotidita
429 1047 515 1117 snut,
554 1059 686 1122 quaeque
711 1037 933 1123 incomparabili
956 1038 1020 1102 eius
1046 1038 1200 1102 divinitate

44 1138 126 1224 louge
142 1139 282 1203 interiora
303 1151 389 1219 sunt,
424 1161 482 1204 uon
503 1141 647 1210 adversus
668 1139 761 1224 ipsum
788 1141 954 1226 excogitata
979 1142 1116 1219 luerunt,
1146 1141 1199 1206 sed

43 1241 73 1304 nd
95 1240 161 1305 cius
184 1242 326 1308 bonorem
351 1243 546 1326 angleriam,
578 1254 610 1306 ut
631 1244 816 1327 magnificam
841 1253 872 1306 et
892 1242 1020 1306 inuidiae
1046 1253 1198 1328 expertem

41 1343 115 1408 illius
140 1345 322 1410 divinitatem
349 1345 493 1409 indicent.
550 1342 636 1427 Quae
664 1346 780 1430 quidem
806 1347 931 1432 ipsemet
959 1355 1003 1408 est
1029 1345 1145 1410 bonitas
1169 1357 1198 1408 et

42 1447 221 1525 substantia,
255 1469 410 1531 quaecum
429 1448 465 1512 iis
481 1448 570 1510 rebus
594 1469 666 1534 ques
683 1469 701 1511 e
718 1449 809 1513 nihilo
825 1448 940 1512 creavit
963 1467 1017 1512 sua
1038 1447 1198 1512 eommuni-

41 1561 104 1627 cet,
131 1550 308 1634 easdemque
326 1562 355 1614 et
372 1571 441 1614 esse
457 1551 520 1612 vult
538 1560 568 1612 ct
584 1571 817 1635 unamquamque
835 1571 887 1636 pro
905 1561 1026 1614 naturae
1042 1570 1113 1615 suec
1129 1571 1200 1614 enu-

41 1651 148 1716 diticne
169 1671 291 1716 suorum
306 1653 517 1718 beneficiorum
536 1673 604 1716 ense
619 1655 800 1739 participem.
845 1651 930 1719 Unde
948 1663 980 1716 et
993 1653 1140 1717 sideribus
1157 1654 1200 1716 lu·

39 1774 98 1818 cem
116 1753 284 1838 impertitus
301 1767 366 1833 est,
391 1767 421 1819 ct
435 1757 519 1820 ecclc
535 1755 742 1840 descriptionis
757 1757 926 1840 ordinisque
943 1754 1198 1840 pulchritudinem,

40 1867 67 1919 et
83 1871 203 1935 terrae,
234 1859 424 1944 ceterisque,
454 1880 507 1943 pro
525 1879 562 1923 eo
579 1880 614 1922 sn
632 1859 725 1923 voluit
742 1869 853 1943 partem
871 1857 998 1942 aliquam
1021 1857 1139 1922 virtutis
1154 1869 1200 1922 et·

39 1958 160 2037 tribuit,
191 1969 222 2024 et
237 1960 351 2044 augelis
369 1981 403 2024 ac
419 1961 540 2046 reliquis
557 1961 667 2026 sanctis
690 1962 837 2026 utentibus
860 1959 1109 2025 immortalitatem
1129 1983 1200 2026 eon·

37 2065 148 2142 cessit,
174 2071 204 2126 et
226 2062 373 2126 bominem
399 2063 523 2148 denique
540 2062 676 2147 imaginis
693 2063 852 2146 dignitate,
884 2064 966 2142 vita,
992 2063 1133 2142 scientie,
1164 2085 1200 2130 nc

37 2164 164 2229 rationis
188 2162 307 2250 proprio
334 2186 456 2230 munere
482 2165 614 2230 donavit.
662 2164 749 2250 Quod
775 2165 889 2250 quidem
915 2167 1009 2252 ipsum
1035 2187 1094 2230 uon
1121 2165 1199 2230 illiue

35 2268 63 2332 in
84 2269 153 2332 sola
173 2268 325 2332 voluntate
343 2269 468 2350 positum
488 2270 558 2346 tuit,
580 2269 663 2353 quusi
680 2269 862 2345 cunctando,
893 2267 967 2330 etin
984 2268 1110 2332 futurum
1129 2269 1200 2332 deli·

35 2369 187 2449 bernndc,
219 2381 251 2432 ut
265 2369 304 2434 ita
326 2371 439 2448 dicem,
474 2372 547 2454 apud
565 2393 598 2434 se
616 2381 774 2450 tractaret,
805 2371 856 2434 sed
880 2371 1092 2456 proipsamet,
1123 2390 1198 2454 quuc

33 2471 60 2536 iu
75 2473 131 2536 illo
148 2482 212 2550 est,
236 2471 368 2538 bonitate
386 2473 529 2558 perleuita
551 2474 636 2537 onius
654 2473 708 2536 bnc
726 2473 873 2558 proprium
892 2483 954 2550 est,
987 2482 1020 2536 ut
1034 2491 1199 2556 eortgrucn·

33 2584 77 2638 ter
95 2575 157 2639 sibi
179 2573 346 2654 contiueat,
378 2577 484 2640 efficiat
499 2597 534 2640 ac
552 2577 671 2640 molitur
685 2576 795 2640 omnis.
842 2572 1094 2657 Quemadmodum
1111 2575 1199 2658 igitur

31 2679 106 2759 quod
129 2678 242 2740 dictum
263 2689 326 2756 est,
353 2679 423 2742 uiltil
444 2679 593 2763 iudignum
611 2690 661 2742 eut
678 2677 819 2742 indecens
837 2677 960 2740 bonitati
978 2679 1042 2744 eius
1057 2679 1197 2762 aspersit,

30 2782 79 2842 sed
97 2780 229 2864 gloriam
246 2801 282 2844 an
299 2802 363 2843 cum
382 2781 600 2866 praedicatione
615 2782 799 2844 coniunctam
815 2779 959 2864 largitatis
978 2799 1050 2843 suan
1065 2780 1200 2844 notitiam

28 2883 168 2966 peperit,
195 2883 242 2945 ubi
262 2884 298 2946 ad
318 2903 421 2946 eorum
438 2905 511 2968 quus
527 2883 656 2948 condidit
675 2883 873 2965 coguitionem
894 2903 1072 2967 sensumque
1093 2903 1199 2968 perve-

28 2983 86 3061 nit,
122 2985 169 3048 ita
186 2995 217 3048 et
232 3006 345 3048 summa
370 2985 399 3047 iu
415 3007 451 3049 eo
468 2985 629 3048 divinitatis
647 2987 739 3070 gloria
759 2997 824 3066 est,
859 2986 989 3056 uonilla
1010 2985 1125 3070 quidem
1143 3007 1199 3050 ex·

26 3086 185 3150 tmnseem
207 3086 319 3151 adscita
343 3091 415 3168 (uec
433 3087 510 3150 enim
537 3086 667 3152 divinum
694 3109 802 3153 tnttmen
820 3088 1130 3180 accessionemlullant
1151 3109 1199 3152 re-

27 3189 136 3270 quirit,
175 3189 282 3274 quippe
305 3209 370 3252 cum
396 3191 518 3274 ipsamet
544 3189 638 3274 gloria
660 3191 717 3267 sit,
755 3191 850 3254 virtus
873 3191 954 3276 ipsu,
989 3190 1198 3260 etmtrauitinn

25 3287 105 3373 ipsa,
144 3291 213 3376 ipsu
241 3290 451 3376 praedicatio),
486 3291 541 3355 bon
566 3293 682 3377 inquam
699 3292 729 3355 in
747 3293 824 3356 illius
847 3291 971 3376 gloriam
996 3294 1090 3372 cedit,
1121 3295 1199 3378 quod

23 3405 109 3476 pater
129 3393 203 3478 ipse
218 3404 343 3476 generet
360 3415 377 3458 a
394 3395 474 3458 nullo
489 3394 624 3478 genitus,
649 3405 682 3458 ut
695 3415 734 3458 ex
751 3395 872 3479 pereuni
894 3399 973 3460 lntute
990 3397 1129 3481 perennis
1148 3417 1199 3461 ne·

23 3515 76 3576 que
97 3498 180 3559 lons
195 3507 332 3574 emanet,
357 3517 422 3562 eum
437 3498 502 3583 ipsu
518 3507 548 3561 et
566 3518 604 3560 cx
623 3496 707 3582 ipso,
731 3517 748 3562 e
767 3500 867 3576 torttc,
891 3498 1026 3582 iuquam,
1052 3500 1119 3562 lotis
1133 3500 1199 3564 exi·

21 3609 124 3678 utens,
162 3599 296 3662 deusen
315 3600 389 3678 deo,
421 3599 571 3663 lumeude
594 3598 722 3678 lumiuc,
754 3599 885 3683 quisine
902 3602 961 3665 ullo
980 3600 1064 3665 initio
1081 3621 1199 3686 semper

23 3699 95 3778 luit,
132 3721 202 3764 non
220 3700 370 3764 subiectus
388 3700 529 3784 tempori,
563 3703 684 3766 adeunt
704 3713 734 3766 et
748 3712 861 3787 patrem
880 3704 955 3768 ilius
972 3702 1002 3768 in
1020 3725 1053 3770 se
1069 3724 1141 3768 uere
1158 3703 1198 3767 sit

20 3803 229 3890 complexus,
254 3813 285 3865 et
301 3813 386 3887 pater
404 3804 507 3883 blium,
528 3806 576 3889 qui
594 3825 649 3868 nec
667 3805 716 3868 illu
732 3805 869 3889 indignus
887 3817 951 3884 est,
976 3827 1030 3870 nee
1047 3807 1197 3892 incompu-

20 3906 104 3970 tabili
129 3905 207 3970 eins
233 3905 429 3970 excellentiae
446 3907 601 3992 quicquam
616 3907 754 3972 detrabit.
801 3905 953 3992 Siquidem
971 3929 1028 3972 non
1052 3929 1197 3995 corporet

19 4009 177 4090 quaedam
201 4007 354 4072 distractio
369 4008 463 4072 locum
482 4007 540 4072 illio
561 4009 664 4088 babet,
697 4011 749 4074 sed
767 4009 888 4074 verbnm
908 4009 1090 4090 subsistens,
1124 4013 1197 4078 deus

20 4121 140 4194 epatre
172 4111 361 4193 procedens,
393 4110 513 4196 spiritus
536 4111 691 4197 aspiritu,
724 4112 797 4174 deus
817 4131 856 4174 ex
876 4112 947 4190 dec,
983 4133 1086 4178 omnes
1105 4115 1196 4200 syllo-

17 4213 199 4294 gismorum
215 4213 347 4295 argutias
362 4213 542 4292 excludens,
565 4235 599 4276 ac
616 4213 748 4276 fidelibus
766 4211 856 4275 vitam
872 4212 1052 4293 concilians,
1076 4218 1195 4282 unirer·

18 4314 121 4400 sisque
148 4335 234 4402 quos
252 4326 336 4400 pater
354 4335 406 4399 per
424 4316 517 4402 ipsum
535 4325 565 4380 ct
581 4315 618 4380 ab
634 4315 699 4402 ipsc
720 4315 876 4400 produxit,
908 4315 963 4379 lide
979 4317 1132 4399 nimirum,
1166 4331 1196 4386 et

16 4421 208 4503 cognitione
224 4415 382 4498 praeditis,
407 4419 454 4502 qui
470 4420 516 4483 dci
534 4419 592 4482 rim
608 4439 643 4482 an
659 4417 850 4503 sapientiam,
881 4439 957 4504 quae
975 4419 1194 4505 inquisitionem

15 4557 84 4622 ndns
100 4559 210 4610 tem
226 4551 315 4607 ἐλθών.
667 4550 691 4610 7.
709 4551 831 4610 indecisae
853 4555 922 4608 codd.
939 4570 995 4610 msc.
1010 4563 1033 4612 et
1048 4559 1104 4612 edtt.
1118 4561 1194 4622 mter.
