3068 5008
445 344 770 396 concessissemus.
1130 333 1192 400 ott

32 467 68 530 ab
97 465 242 531 divisione
275 465 452 549 linguarum.
508 462 618 528 Postea
652 485 724 528 vero
759 463 974 528 recenlioribus
1013 463 1193 548 temporibus

33 567 149 632 Graeca
167 568 338 653 superstitio
356 578 453 631 certas
470 565 501 630 in
518 567 659 630 haereses
679 589 714 630 ac
733 577 831 630 sectas
850 563 940 645 abiit,
963 576 1065 651 utputa
1084 563 1195 650 Pytha-

31 693 210 757 goreorum,
236 667 422 748 Stoicorum,
447 667 687 749 Platonicorum,
719 667 951 754 Epicureorum,
976 680 1035 732 etc.
1081 665 1194 732 Eodem

31 795 123 860 porro
139 785 270 858 tempore
290 773 407 858 propria
426 773 520 835 lorma
538 793 572 835 ac
594 781 662 834 nota
681 792 771 835 uerae
790 772 906 857 pietatis
922 781 953 834 et
971 769 1124 854 religionis
1141 791 1196 834 ex·

31 877 108 953 titit,
133 898 190 939 una
206 898 270 940 cum
289 876 354 960 lege
370 886 509 953 naturae,
535 895 610 959 quae
626 873 663 938 ah
680 873 795 958 origine
813 873 912 936 mnndi
930 893 999 936 sese
1020 871 1128 936 abillis
1145 892 1197 936 na-

31 979 162 1042 tionibus
182 989 324 1064 perpetuo
339 977 525 1062 segregavit,
558 978 593 1040 ad
613 976 688 1039 hanc
713 997 806 1060 usque
826 975 901 1039 diem
923 975 1001 1038 inter
1021 972 1196 1054 Barbarum,

30 1077 207 1167 Scythicam
227 1080 430 1164 Graecumque
449 1078 689 1165 superstitionem
708 1078 879 1156 interiecta,
905 1078 999 1141 donec
1016 1099 1081 1142 oum
1100 1077 1198 1140 Abra-

31 1183 91 1247 ami
116 1183 225 1268 pietate
244 1183 363 1246 coaluit.
411 1179 489 1244 Tum
517 1203 590 1246 vero
609 1179 773 1244 ludaismus
797 1180 833 1244 ah
855 1181 996 1244 hhraami
1017 1178 1198 1264 temporibus

31 1287 183 1370 propriam
208 1287 330 1348 formam
356 1284 496 1368 adeptus,
529 1305 563 1346 ao
588 1304 640 1368 per
659 1281 788 1368 Moysen
809 1284 844 1346 ah
868 1283 1018 1346 Ahraamo
1042 1281 1198 1366 septimum

31 1411 67 1452 ac
86 1389 182 1472 legem
198 1388 285 1451 adeo
302 1385 438 1449 traditam
456 1385 668 1470 amplificatus,
701 1395 730 1448 et
748 1386 784 1450 ah
801 1383 872 1448 luda
888 1397 993 1470 quarto
1007 1381 1106 1448 lacohi
1126 1383 1197 1462 lilio,

32 1493 130 1576 quiet
148 1489 240 1553 lsrael
256 1488 423 1552 nominatus
443 1498 508 1567 est,
542 1509 594 1573 per
610 1486 771 1566 Davidem,
803 1485 1199 1573 quiprimusetrihuluda
1281 1493 1285 1502 '

31 1615 160 1678 regnum
183 1601 338 1655 assecutus
355 1601 418 1670 est,
451 1593 614 1676 perlectum
631 1589 771 1654 Iudaismi
789 1611 896 1654 nomen
917 1590 1055 1654 obtinuit.
1102 1586 1200 1654 Grae·

33 1717 139 1761 corum
162 1715 251 1779 porro
274 1695 331 1758 ista
354 1703 424 1756 suut
445 1691 625 1757 discrimina.

122 1794 319 1883 Pythagorei,
344 1797 409 1859 sive
429 1793 640 1882 Periparetici,
666 1795 819 1859 monadem
837 1804 869 1856 et
884 1795 1099 1879 providentiam
1118 1815 1200 1858 asse·

32 1911 181 1978 ruerunt,
206 1900 261 1964 diis
279 1899 468 1974 sacrificare,
494 1899 629 1962 animatis
648 1898 747 1976 vesei,
773 1917 808 1960 ae
824 1896 893 1960 uiuo
913 1898 954 1961 uti
974 1897 1198 1983 prohibuerunt.

32 2003 130 2067 lidem
150 2023 224 2087 quae
241 2001 277 2064 ah
295 2001 362 2064 luna
379 2021 495 2064 sursum
514 2011 629 2085 patent,
654 2000 842 2076 immortalia,
866 2021 941 2084 quae
958 1999 1102 2064 inferiora
1118 2009 1198 2078 suot,

31 2105 173 2170 mortalia
190 2104 338 2168 dicebant.
384 2103 508 2166 Animas
527 2124 543 2166 e
558 2103 732 2188 corporibus
746 2102 776 2164 in
791 2101 848 2165 elia
867 2123 1009 2187 corpora,
1033 2102 1121 2166 etiam
1138 2101 1202 2164 ani·

34 2209 158 2272 aralium
175 2207 210 2272 ac
228 2206 388 2271 hestiarum
406 2207 583 2269 transfundi.
629 2203 742 2269 Horum
759 2203 900 2289 magister
914 2203 1099 2289 Pythagoras
1111 2203 1203 2268 sileo-

31 2311 68 2374 tii
93 2310 206 2394 rigidus
229 2309 407 2372 observator
429 2309 515 2371 deum
538 2307 638 2371 haberi
662 2328 696 2372 se
720 2305 826 2371 uoluit.

126 2511 272 2579 Platonici
290 2515 375 2577 deum
394 2522 425 2576 et
442 2513 593 2575 materiem
612 2533 647 2576 aa
668 2515 790 2576 formam
809 2512 1040 2594 constituerunt3
1065 2512 1202 2576 muudum

33 2618 172 2703 genitum
190 2637 225 2680 oc
242 2615 425 2701 corruptioni
443 2615 622 2694 obnoxium,
646 2615 770 2679 animam
787 2613 947 2699 ingenitam
964 2625 995 2678 et
1010 2614 1203 2681 immortalem

33 2743 75 2783 ac
98 2719 226 2782 divinam
253 2717 385 2782 arbitrati
404 2728 483 2781 sunt.
532 2715 628 2782 Huius
654 2729 715 2782 tres
742 2739 809 2780 esse
832 2727 948 2803 partes,
982 2739 1069 2781 unam
1088 2717 1204 2782 ratione

33 2823 220 2910 praeditam,
263 2822 384 2885 alteram
418 2843 474 2905 qua
506 2820 677 2898 irascimur,
720 2819 836 2884 tertiam
869 2841 924 2904 qua
956 2820 1203 2905 concupiscimus.

33 2923 224 2990 Communes
241 2907 512 2987 omnihus‘uxcres
530 2943 597 2987 esse
619 2922 730 3001 voluit3
762 2941 850 2986 nemo
869 2932 901 2986 ut
917 2922 1059 3008 privatam
1082 2922 1206 2988 haberet

34 3049 76 3093 ac
95 3026 295 3112 praecipuam,
319 3026 370 3089 sed
390 3036 421 3089 ut
435 3025 556 3110 quilibet
568 3045 690 3110 quarum
704 3024 792 3091 vellet
808 3026 921 3109 copiam
937 3025 1070 3089 haberet.
1112 3021 1204 3090 lidem

34 3130 208 3195 animarum
225 3129 257 3192 in
274 3129 356 3192 varia
382 3149 524 3215 corpora,
559 3129 646 3192 etiam
663 3129 841 3207 hostiarum,
872 3128 1014 3192 transitus
1031 3127 1203 3194 affirmabat.

35 3231 129 3296 Deos
153 3231 277 3316 denique
301 3231 467 3316 complures
490 3231 525 3293 ab
550 3251 607 3294 uno
631 3251 698 3294 esse
722 3231 890 3316 productos.

132 3330 228 3399 Stoici
252 3352 360 3420 corpus
379 3332 550 3396 universnm
574 3350 642 3398 esse
662 3333 819 3412 deliniunt,
853 3344 883 3397 et
901 3332 1110 3418 aspectabilem
1129 3332 1206 3395 huuc

35 3438 184 3504 mundum
199 3437 284 3501 deum
302 3455 370 3500 esse
384 3445 527 3500 statuunt.
573 3433 716 3500 Nonnulli
732 3435 819 3498 etiam
836 3455 877 3498 ex
892 3435 960 3519 igne
977 3445 1112 3500 naturam
1127 3434 1207 3498 illius

36 3551 185 3606 constare
203 3539 375 3603 defenduut.
420 3535 516 3602 Deum
533 3539 638 3623 qnippe
665 3547 791 3600 mentem
809 3557 876 3602 esse
895 3548 1015 3622 putant,
1048 3559 1083 3602 ac
1100 3536 1207 3604 vastis-

37 3647 140 3710 simae
158 3643 246 3706 totins
262 3643 366 3721 molis,
391 3641 466 3704 coeli
485 3651 640 3724 terraeque
664 3639 819 3720 videlicet,
844 3641 983 3705 animam.
1029 3637 1124 3705 Cuius
1139 3659 1208 3703 cor-

39 3767 119 3834 pus,
147 3755 178 3809 ut
197 3745 277 3824 dixi,
302 3754 393 3808 totum
413 3743 468 3806 hoc
486 3745 525 3808 sit
543 3742 724 3822 uuiversum,
750 3743 826 3808 coruli
846 3764 918 3808 nero
937 3743 1053 3826 sideraq
1078 3742 1206 3806 omnium

38 3847 173 3914 interire
195 3867 331 3928 caruem,
367 3857 397 3910 et
418 3847 544 3910 animam
566 3845 597 3910 iu
620 3847 738 3910 diversa
767 3846 894 3912 transire
917 3867 1042 3932 corpora
1064 3843 1120 3908 sihi
1143 3863 1209 3928 per·

39 3951 187 4020 suadent.

135 4049 275 4138 Epicurei
292 4062 406 4117 atomos
427 4062 458 4116 et
475 4051 624 4118 individua
649 4071 775 4137 corpora
793 4051 936 4116 similibus
962 4047 1126 4114 constantia
1144 4068 1210 4132 par-

41 4159 147 4236 tibus,
165 4147 207 4218 'et
224 4155 354 4234 inlicita,
387 4175 486 4220 rernm
503 4154 632 4219 omnium
657 4152 829 4240 principium
851 4175 886 4218 ac
903 4154 989 4216 linem
1012 4172 1079 4216 csse
1103 4151 1211 4215 docue-

77 4394 126 4448 49.
145 4387 199 4448 ἀλλ’
217 4388 310 4454 αὐτοὺς
327 4397 392 4446 edttr'.
678 4393 718 4446 5¹2.
745 4395 811 4446 tueri
839 4395 910 4456 culpo
937 4386 1082 4458 edoctum
1126 4393 1212 4442 Vitium

80 4465 126 4518 50.
144 4465 207 4514 nott
225 4465 320 4516 Petcutt
345 4465 424 4515 Goion.
440 4468 510 4526 repat.
531 4464 612 4515 umore
645 4465 775 4525 munros
796 4464 1105 4513 conmemoratione
1123 4462 1213 4512 Conec-

43 4531 124 4590 cnirri·
648 4533 699 4582 rius
716 4535 740 4580 r'o
758 4535 861 4581 versione
880 4531 974 4580 Latino.

81 4608 126 4656 ot.
144 4601 189 4654 τοῦ
209 4601 276 4651 codd
295 4613 350 4652 mss.

940 4682 1008 4750 35¹
