3072 5002
300 359 438 413 rsusnu
455 359 521 412 uu.
534 361 579 414 ιιι.
591 359 677 414 rou.
689 360 709 412 ι.
726 357 827 412 mun.
840 357 963 411 uxxuu.
1151 341 1218 409 lttt

63 479 164 548 alienos
177 501 196 548 ι
211 479 316 560 nabis,
349 479 401 545 sed
419 501 578 566 germanos
600 491 668 544 esse
684 497 911 563 cognoscamus.
955 473 1062 543 Potest
1082 475 1159 542 enlm
1183 484 1213 540 et
1340 525 1343 530 .

62 604 106 648 aaa
119 601 209 662 auro,
238 593 269 648 et
286 593 410 667 argento
427 593 582 661 stanuum,
616 591 646 646 et
663 583 743 646 forro
760 581 906 668 plumbum
932 578 1036 644 similis
1057 599 1124 644 esse
1142 578 1212 643 sub·

61 685 187 750 stantiae.
234 681 295 752 Sed
318 706 373 752 uos
390 697 491 750 vestra
513 685 563 750 illa
588 703 741 770 perperam
763 682 932 768 rxoogitatn
960 703 995 744 ao
1012 681 1213 750 fraudulenter

63 787 178 853 conficta
207 797 373 856 commenta
400 809 459 853 unu
487 787 600 852 fallent.
652 785 733 850 Nam
759 787 805 867 si,
838 794 870 850 ut
891 785 921 849 in
943 805 1076 848 errorem
1098 783 1214 867 aliquus

60 889 224 976 impellatis,
248 891 353 957 inanes
369 890 484 975 speeies
502 889 776 974 commentitiaeque
791 886 949 972 quaeritis,
975 896 1005 950 et
1019 886 1213 952 cousubstau·
1322 970 1329 981 ,

61 993 149 1058 tialeu
170 1003 328 1079 propterea
346 991 449 1058 vocari
472 1013 530 1058 uon
548 1002 686 1078 oportere
703 989 876 1069 defenditis,
909 1010 946 1054 ee
969 989 1059 1054 lilium
1079 1010 1143 1056 eun
1162 1009 1213 1075 pa·

60 1105 116 1172 tre,
138 1105 169 1160 et
182 1095 316 1182 spiritum
333 1106 466 1160 sarnetum
483 1117 548 1160 eun
568 1105 691 1178 utroque
707 1093 940 1172 confundamus,
972 1113 1009 1158 uo
1025 1092 1080 1156 beo
1097 1091 1212 1176 quidem

61 1196 84 1259 iu
104 1208 183 1282 parte
205 1208 330 1281 possunt
346 1197 496 1262 mendacia
515 1183 614 1262 vestra
636 1197 812 1262 consistere.
857 1193 929 1260 Non
947 1195 1023 1260 euim
1040 1198 1127 1258 sabaal
1146 1196 1213 1258 snb·

59 1303 221 1375 enatabfanr,
246 1300 299 1364 sed
315 1302 581 1364 consubstunnbfcm
597 1297 732 1379 dicimus,
757 1319 794 1364 ne
810 1298 917 1384 aliquid
935 1297 1084 1362 diversum
1101 1318 1118 1362 a
1132 1308 1213 1383 patre

60 1404 259 1485 profiteamur,
294 1403 348 1466 sed
373 1403 457 1466 deum
474 1423 514 1466 ex
531 1404 587 1468 deo
605 1421 677 1466 vere
693 1402 842 1487 genitum,
864 1421 923 1466 unu
941 1401 1078 1480 aliunde,
1103 1421 1157 1464 nee
1175 1420 1215 1466 ex

59 1504 158 1582 eibile,
188 1505 242 1570 sed
264 1525 280 1566 a
301 1516 384 1592 patre
410 1505 475 1570 siue
502 1515 635 1590 tempore
657 1514 689 1568 et
710 1503 795 1570 initio
817 1515 848 1568 et
866 1504 1066 1590 inexplicabili
1089 1504 1219 1588 quadam.

60 1608 163 1670 ratione
190 1608 364 1694 productum
389 1607 597 1691 eugenitem,
629 1607 678 1692 qui
703 1627 821 1694 semper
836 1629 902 1674 anm
919 1618 1002 1692 patre
1021 1607 1127 1684 buerit,
1159 1625 1217 1672 nso

60 1728 117 1774 esse
140 1711 318 1795 quaudoque
341 1709 468 1774 desinat.
514 1706 655 1774 Genituut
674 1730 780 1794 porro,
812 1731 870 1776 uon
886 1729 1059 1794 germanum
1079 1710 1214 1787 fratrem,

60 1832 111 1876 neu
130 1834 232 1879 avum.
278 1809 355 1878 Nam
379 1811 452 1878 baec
475 1811 634 1897 particula,
661 1815 735 1887 Coa,
761 1811 936 1898 hypostases
955 1813 1045 1891 tuas,
1070 1832 1126 1876 nen
1143 1811 1214 1876 alie-

59 1934 104 1980 nas
127 1927 234 1982 natura
256 1914 416 2000 siguificat.
463 1912 549 1980 Unde
572 1926 603 1980 et
618 1915 754 1980 veritatis
776 1915 857 1978 velut
879 1935 1034 1988 nexussn
1051 1913 1213 1991 vinculum,

59 2035 109 2080 nou
124 2019 189 2082 siue
207 2017 304 2082 saructi
325 2017 445 2102 spiritus
460 2017 575 2097 afflatu,
607 2037 660 2103 per
683 2017 796 2082 illorum
821 2037 873 2082 ora
901 2017 948 2101 qui
968 2016 1052 2103 primi
1075 2025 1213 2082 auctores

60 2118 168 2188 fuerunt
181 2131 231 2186 est
246 2120 276 2184 iu
292 2140 328 2184 ea
343 2141 416 2184 voce
432 2120 635 2186 constitutum.
681 2117 776 2184 Vides
792 2119 881 2202 igitur
897 2119 1006 2182 nullum
1022 2119 1079 2182 iam
1096 2116 1147 2181 tibi
1163 2137 1214 2180 oo-

59 2220 141 2286 lorem
157 2233 210 2288 ant
224 2223 355 2309 speeiem
373 2243 440 2286 esse
455 2221 614 2306 reliquam,
640 2242 735 2308 oeque
753 2222 898 2286 adversus
914 2220 1108 2286 orthodoxam
1127 2219 1214 2284 fidem

60 2325 154 2388 nerito
179 2345 270 2410 posse
286 2326 483 2404 contendere,
516 2325 564 2390 vol
589 2345 641 2390 eos
658 2325 832 2411 perturbere
857 2322 906 2406 qui
923 2323 1028 2388 falsum
1042 2322 1115 2388 illud
1133 2333 1214 2391 tuum

60 2437 122 2489 ate
152 2429 366 2494 decretumne
393 2447 561 2494 sermonem
592 2428 777 2512 acceperint,
812 2427 838 2492 si
867 2427 933 2512 quis
962 2424 1215 2492 consubstantiale

60 2547 194 2613 usurpare
210 2529 305 2610 velit„
318 2529 523 2594 confusionom
539 2530 682 2614 quandam
699 2529 729 2594 in
748 2529 901 2594 diuinitate
920 2528 1070 2594 confiteri.
1106 2527 1214 2614 Neque

59 2629 127 2694 enim
143 2631 272 2717 amplius
289 2631 365 2696 istud
385 2631 515 2696 obiicere
534 2641 631 2717 putea.
677 2629 792 2718 Quippe
812 2634 1067 2696 consubstantiales
1088 2631 1137 2696 illa
1153 2651 1216 2699 vex

60 2733 123 2798 duos
145 2735 291 2820 quosdam
316 2734 484 2817 signidem,
515 2735 676 2820 eademqne
702 2735 777 2800 baud
801 2733 926 2798 alienam
944 2755 962 2796 a
980 2745 1062 2820 patre
1083 2733 1215 2798 sobolem

59 2856 118 2901 esse
134 2839 332 2902 demonstrat.
377 2833 425 2902 Τιι
446 2857 518 2900 nero
540 2841 756 2912 bomoeousa'on,
789 2837 845 2902 boc
866 2846 914 2900 est
933 2839 1093 2900 cannaco
1110 2839 1213 2910 scinde,

59 2951 255 3018 commentus,
286 2938 410 3026 primum
427 2939 492 3024 ipso
513 2943 611 3016 Unice,
644 2939 698 3004 boo
717 2943 970 3015 estmbstean’ae,
1003 2937 1146 3004 vocabulo
1169 2959 1217 3004 re·

59 3041 179 3122 felleris,
211 3041 318 3108 deinde
343 3053 393 3106 tua
410 3052 439 3106 te
456 3042 504 3106 illa
521 3042 709 3128 discrepans,
743 3062 798 3106 nec
820 3052 1038 3120 consentanea,
1071 3041 1217 3127 professio

58 3147 247 3223 condemnant,
279 3165 345 3208 cum
363 3163 423 3208 uon
448 3165 483 3210 ea
503 3145 583 3209 dieas
601 3165 675 3230 quae
691 3144 821 3224 sentias,
854 3146 908 3210 sed
925 3165 1000 3230 quae
1017 3144 1111 3211 sentis
1128 3145 1215 3223 falso,

58 3267 87 3310 ae
100 3249 285 3312 mendaciter
302 3246 422 3312 doceas.
468 3245 587 3311 Etenim
612 3247 638 3312 si
662 3245 698 3310 ab
720 3247 784 3334 ipso
800 3258 883 3333 patre
902 3269 960 3311 nou
981 3257 1028 3315 est
1045 3247 1165 3312 omuino
1181 3247 1217 3314 ft-

57 3348 122 3428 lies,
157 3351 213 3415 sed
243 3349 433 3414 nibilominus
461 3348 566 3414 similis
598 3358 664 3428 est,
699 3353 864 3415 scoritano
896 3349 1050 3435 plurimum
1079 3351 1213 3416 aberras.

57 3449 126 3518 llam
152 3472 339 3538 quacumque
357 3453 528 3516 densantes
549 3451 669 3516 aratoria
689 3451 810 3536 quilibet
833 3472 1009 3538 expressum
1032 3452 1156 3519 alicuius
1174 3455 1216 3519 si·

58 3557 214 3620 odacrum
236 3573 345 3618 ornare
360 3554 507 3634 noluerit,
538 3575 685 3638 nunquam
703 3554 771 3618 illud
786 3575 851 3618 oum
869 3555 1031 3642 exemplari
1051 3556 1115 3643 ipso
1130 3558 1217 3620 adae·

58 3678 139 3738 quare
173 3658 296 3744 poterit.
348 3655 405 3720 Est
426 3657 503 3722 cuim
532 3668 699 3734 structurae
723 3668 811 3740 atque
838 3657 1006 3724 effectionis
1028 3681 1102 3744 epus
1133 3659 1215 3724 illud.

59 3755 135 3842 Quod
159 3771 261 3825 autem
286 3759 323 3824 ab
342 3759 441 3844 aliquo
461 3759 611 3845 gignitur,
640 3759 764 3845 idipsum
787 3759 824 3824 ad
851 3760 878 3824 id
910 3763 986 3828 unde
1002 3763 1132 3848 gignitur
1147 3783 1216 3848 ger-

59 3863 201 3928 manitatis
227 3882 299 3927 suae
322 3861 447 3928 similem
466 3873 497 3926 et
518 3863 670 3947 aequalem
698 3865 818 3927 formam
843 3863 963 3928 retinet.
1017 3862 1215 3948 Quamobrem

58 3965 78 4028 si
99 3968 132 4030 ab
149 3968 217 4052 ipso
245 3976 329 4051 patre
347 3987 405 4030 nou
422 3977 468 4030 est
483 3965 619 4049 genitus,
653 3977 683 4029 et
697 3977 783 4030 extra
800 3967 892 4052 ipsum
911 3977 975 4047 est,
999 3966 1068 4030 licet
1083 3965 1217 4030 similitu·

60 4067 147 4134 dinem
170 4069 318 4156 quandam
340 4067 541 4145 substantiae,
574 4069 655 4132 velat
672 4070 883 4154 gratificando,
920 4069 1049 4145 tribuas,
1074 4068 1144 4133 nibil
1162 4069 1216 4156 ipsi

59 4168 179 4256 largiris,
211 4173 263 4236 sed
281 4170 317 4236 ab
338 4172 403 4236 eiua
427 4170 564 4236 excidisti
590 4172 697 4254 gratia.
744 4175 803 4249 Qui
817 4177 890 4233 enain
913 4193 969 4234 aon
988 4175 1372 4256 bonorutstb‘umtuma,aa

58 4278 126 4338 urat
139 4278 266 4338 honoret
277 4285 388 4356 putrere
395 4320 404 4349 ,
437 4280 482 4338 ι’νιι
497 4279 546 4338 rfee'
558 4286 652 4336 munet
665 4278 694 4336 fn
710 4278 817 4354 ι’ριιιιιι,
849 4273 1027 4338 aitsanctus
1046 4277 1217 4361 apostuluse

59 4371 139 4454 item,
161 4381 255 4442 Eaabe'
272 4389 403 4459 epatre,
426 4390 454 4439 ct
468 4382 557 4452 eodo,
589 4375 638 4440 ille
660 4377 722 4459 ipso
742 4375 880 4442 nimirum
905 4377 953 4462 qni
976 4377 1072 4458 aisn,
1101 4383 1167 4460 Ego
1187 4384 1218 4444 ιἰι
1256 4367 1335 4463 ’,Ἥ

56 4489 132 4555 moe
151 4491 182 4542 ιι
197 4493 283 4562 pater
310 4484 340 4541 a
361 4501 421 4552 na·
455 4489 514 4546 ouo
539 4479 625 4545 ittam
655 4482 798 4562 nartem,
831 4486 884 4562 ,aa
902 4485 977 4544 omae
997 4503 1056 4559 ne,
1089 4486 1164 4545 unet
1183 4493 1214 4544 m
1253 4451 1334 4614 ἓξὲξ

56 4591 179 4658 lm·-
1251 4582 1333 4680 dl'd.
