3082 5006
287 391 424 445 cannen
442 391 505 446 um
520 391 565 444 nr.
581 387 697 444 rerer.
713 387 815 442 enea.
830 387 951 442 exxrn.
1159 371 1199 436 ad

46 511 261 599 temptaretne
279 534 362 578 soem
381 511 440 576 iem
461 531 539 576 nuuc
556 531 589 574 ee
608 509 818 574 collocuturum
836 507 979 586 oriuntur,
1004 503 1198 572 delectionem

44 636 91 700 per
110 637 179 679 sese
202 625 384 702 comparent.
1172 675 1175 682 .

123 715 219 804 lgitur
237 719 308 782 lidee
332 728 434 782 nostra
453 717 490 780 ad
514 726 625 802 patrem
643 725 674 778 et
692 713 778 780 tilium
796 724 827 776 ot
849 711 982 798 spiritum
1002 720 1135 779 sanctum
1151 730 1199 774 re·
1224 721 1338 791 capnt

44 821 141 886 lerlnr.
189 819 242 886 Sic
262 821 339 886 enim
361 819 497 884 domiuus
514 829 616 886 noster
639 815 722 882 lesus
739 812 878 880 Christus
893 813 1052 900 discipulos
1069 835 1141 880 suos
1156 814 1201 878 in·

44 923 142 988 stituit.
189 928 317 998 Eunter,
342 923 454 1008 inquit,
478 927 574 986 docetc
590 931 814 1001 mergentes,
847 920 1198 1000 dnpn'eouteseorrirno·
1236 905 1322 1014 {fif}

45 1031 110 1088 noire
131 1032 230 1107 pctn's
252 1029 357 1108 elfile'r'
382 1039 411 1089 et
432 1031 552 1108 sprir'tnc
574 1028 677 1087 suncti.
725 1018 828 1105 Quare
848 1021 941 1105 quiin
961 1020 1035 1083 hunc
1055 1020 1120 1083 lidei
1142 1021 1200 1082 lor·

45 1150 112 1192 mam
131 1129 243 1194 iterato
259 1129 350 1212 geniti
368 1149 490 1206 snmus,
516 1127 664 1192 nominum
682 1125 824 1190 eiusmodi
840 1122 977 1188 notiones
995 1123 1133 1206 religiose
1151 1123 1202 1185 de·

45 1230 139 1296 benum
154 1232 304 1316 accipere.
349 1229 457 1314 Neque
474 1231 551 1294 euim
569 1230 656 1308 dixit,
681 1225 873 1314 Baptiznntes
890 1247 943 1290 eos
958 1225 987 1289 iu
1003 1224 1069 1290 eius
1084 1226 1201 1290 nomine

45 1335 86 1417 qui
121 1333 224 1398 caruis
253 1353 363 1418 expers
395 1353 514 1397 curnem
541 1333 653 1410 induit,
694 1351 790 1415 nequo
816 1328 990 1394 immortalis
1022 1337 1052 1392 el
1075 1337 1200 1392 mortem

46 1437 171 1521 experti,
205 1455 303 1520 oeque
327 1435 451 1519 ingeniti
474 1447 504 1498 et
525 1435 636 1520 geniti,
667 1433 739 1512 sed,
771 1433 1161 1514 Innomr'nepctrr'setfilei'
1174 1441 1203 1494 et

44 1544 154 1618 peritus
184 1543 300 1602 enecti:
336 1548 368 1601 ut
395 1537 607 1624 appellationes
638 1535 821 1600 naturalibus
852 1555 892 1602 ex
923 1533 1011 1598 rebus
1043 1533 1201 1598 traoslutas

45 1643 197 1706 audientes
228 1652 340 1728 petrem
372 1641 417 1704 sui
440 1640 545 1705 similis
576 1651 699 1704 naturae
719 1637 890 1725 principium
909 1637 1124 1722 intelligemus,
1156 1635 1203 1699 iti·

46 1743 159 1828 lemque
188 1743 240 1808 lilii
264 1763 372 1807 nomeu
396 1744 549 1808 audientes
567 1744 654 1808 filium
675 1741 739 1806 eius
757 1739 849 1827 patris
866 1739 949 1806 cuius
968 1741 1044 1806 lilios
1060 1751 1105 1805 est
1122 1739 1204 1804 simi·

46 1845 94 1910 lem
110 1867 179 1912 esse
197 1845 374 1928 cogitemus.
422 1842 579 1912 Credimus
595 1845 686 1930 igitur
701 1843 730 1906 in
745 1855 856 1929 patrem
871 1851 901 1905 et
917 1842 1005 1907 lilium
1023 1853 1052 1906 et
1067 1843 1202 1929 spiritum

46 1960 191 2030 sanetum,
225 1970 284 2013 eron
308 1949 338 2012 iu
366 1959 552 2026 creatorem,
582 1959 613 2011 et
630 1958 807 2012 ereaturam.
852 1944 1036 2010 Aliudenim
1057 1957 1204 2012 esterett·

47 2061 128 2116 toret
143 2061 303 2130 creatura,
332 2051 409 2116 aliud
429 2060 513 2138 peter
530 2060 561 2113 et
579 2050 667 2115 filius.
712 2045 760 2114 0b
781 2049 809 2112 id
830 2059 984 2133 ulrnrmque
1001 2047 1121 2113 notione
1138 2047 1203 2135 ipss

46 2165 206 2238 separatum
230 2164 289 2218 est.
334 2151 412 2218 Nam
432 2175 496 2218 oum
513 2163 678 2216 ereaturam
696 2153 779 2232 dieo,
811 2151 938 2237 priorem
954 2171 1022 2215 esse
1038 2163 1203 2216 erectorem

46 2255 186 2340 sigtriirco.
236 2255 279 2320 m
295 2255 346 2319 lilii
364 2277 423 2320 vox
443 2275 482 2320 ex
500 2255 588 2318 rebus
607 2266 747 2340 usurpntu
764 2253 936 2338 corporeis,
967 2264 997 2318 et
1017 2254 1053 2317 ab
1071 2253 1204 2317 affectio-

47 2359 122 2424 nibus
144 2357 207 2424 illis
233 2381 269 2422 ec
291 2359 443 2445 prollnriie
466 2357 629 2435 sentinam,
661 2379 736 2441 quae
757 2357 785 2420 in
805 2337 957 2444 corporeis
974 2355 1104 2442 putribus
1121 2354 1204 2420 utite-

46 2471 295 2542 preoccupatae,
327 2471 448 2547 purgate
468 2461 680 2544 quodammodo
696 2481 731 2524 ae
749 2461 900 2526 defaecata
926 2470 1052 2524 mentem
1073 2467 1203 2522 ttoelram

46 2561 70 2624 in
86 2585 140 2628 una
161 2566 334 2649 incorporei
350 2563 402 2627 lilii
419 2562 456 2626 ab
474 2563 650 2647 incorporeo
667 2572 750 2649 petre
767 2563 958 2647 productione
975 2562 1089 2646 delegit.
1122 2559 1204 2645 Que-

47 2678 157 2751 pmpter·
181 2678 340 2732 erraturae
359 2685 475 2751 puroque
494 2685 535 2730 ex
554 2685 591 2728 eo
612 2667 687 2750 quod
706 2687 880 2751 corporeum
898 2675 946 2730 est
961 2665 1132 2729 trmrsletem
1151 2685 1205 2726 no·

48 2767 145 2832 tionem
163 2770 303 2852 illigavit.
350 2767 390 2832 Et
407 2767 544 2852 quoniam
562 2777 715 2834 creaturae
732 2771 807 2832 reuda
824 2769 899 2834 ratio
915 2768 1004 2832 lilium
1023 2766 1204 2832 constituere

48 2873 154 2955 nequit,
189 2893 207 2933 a
225 2882 362 2936 creatore
379 2881 410 2934 et
428 2881 564 2935 creatura
589 2871 730 2954 quaedem
753 2891 914 2936 secernens
933 2893 950 2936 a
968 2880 1103 2935 creatore
1120 2869 1205 2932 nimi-

48 2991 119 3053 mm,
153 2975 180 3038 si
198 2975 234 3038 ad
253 2985 418 3038 creaturum
435 2974 600 3052 celeratur,
632 2973 777 3058 passienis
793 2986 946 3059 expertem
964 2984 1071 3040 stalom
1087 2993 1105 3036 e
1122 2993 1206 3036 erea-

48 3085 102 3138 tura
123 3099 201 3141 vero
226 3077 341 3142 lirmum
360 3077 495 3161 quiddam
519 3087 549 3138 et
573 3075 717 3156 solidum,
750 3077 826 3161 qood
850 3077 886 3140 eb
911 3086 1034 3162 experte
1059 3075 1206 3160 passionis

48 3190 175 3244 creatore
194 3181 358 3264 proiectum
377 3188 441 3258 est,
466 3189 522 3242 tarn
542 3199 558 3241 a
576 3199 721 3265 corporeo
742 3189 824 3265 petre
841 3191 870 3244 et
897 3180 958 3242 lilio
978 3199 1064 3263 qinom
1087 3197 1206 3242 uerea-

49 3289 103 3344 torc
127 3293 156 3344 et
178 3292 317 3346 ereatura
341 3283 500 3367 perlectam
518 3281 603 3346 noble
624 3301 660 3344 ee
675 3282 822 3347 sincerem
842 3283 878 3344 de
894 3293 976 3366 petre
994 3280 1113 3364 filioque
1129 3279 1206 3344 noti-

49 3381 109 3445 tiam
132 3385 318 3448 iuiormmit.
364 3382 483 3448 Etenim
508 3385 568 3446 sia
591 3395 726 3448 creature
750 3395 848 3449 certas
867 3384 1022 3468 qrtnlitutes
1042 3383 1204 3463 exemeris,

49 3485 120 3550 relut
146 3487 226 3572 qrrod
254 3497 340 3552 extra
363 3497 526 3550 creatorem
551 3485 711 3564 subsistat,
744 3489 820 3571 proed
843 3507 908 3550 eum
928 3485 1048 3551 numeria
1066 3497 1205 3550 currerem

48 3586 95 3666 sit,
125 3589 245 3674 aliaque
270 3589 298 3654 id
324 3609 419 3672 genus
434 3610 510 3674 quoe
533 3609 694 3672 corporeae
714 3601 869 3654 creaturae
887 3589 1042 3676 appellatio
1062 3589 1205 3668 continet,

50 3691 103 3752 sola
127 3693 271 3776 deinceps
294 3691 441 3778 supererit
467 3714 482 3756 a
506 3691 643 3778 pensione
671 3703 784 3758 remota
813 3695 1004 3778 perlectoque
1036 3702 1203 3770 creaturae,

48 3791 162 3879 eiusque
180 3815 268 3880 quem
288 3805 406 3857 creator
424 3795 575 3882 procreari
592 3794 721 3858 volucrit
738 3797 831 3862 notio.
876 3791 910 3859 Si
927 3795 1050 3880 igitura
1070 3805 1205 3860 creatore

49 3969 155 4024 petuntur.
175 3967 291 4019 Pelctdue
304 3969 437 4030 suspicatus
451 3973 483 4018 est
500 3966 544 4020 καὶ
559 3963 608 4022 olor
642 3967 780 4034 perlectum
797 3987 857 4020 eene
880 3987 910 4020 ex
936 3967 1059 4038 corporali
1083 3975 1155 4034 putre
1175 3982 1206 4016 oe

51 4028 165 4098 ίβοῦλετο.
642 4035 708 4094 lilio.
735 4048 803 4088 etex
819 4037 942 4105 corporali
959 4047 1116 4088 cremorem
1133 4051 1206 4084 cree-

63 4106 217 4179 ·*.t'omxi
239 4102 301 4154 υἱοῦ.
337 4103 403 4152 ΗΜ
429 4105 513 4154 nonme
537 4105 608 4166 vulpe
641 4115 697 4156 ture
711 4104 902 4173 intelligentium
919 4107 951 4156 dc
967 4115 1036 4173 petre
1053 4113 1078 4153 et
1093 4101 1144 4152 lilio
1160 4118 1205 4152 nos

50 4163 103 4246 uris.
136 4173 163 4222 ln
187 4173 256 4222 rdltr's
279 4173 350 4232 melpo
370 4173 503 4222 distinctum
524 4178 556 4221 est
574 4176 608 4222 r'tc
641 4171 735 4224 docnir.

49 4249 128 4298 sapor
144 4239 246 4301 κτίζων.
265 4235 385 4304 ἐβούλετο
399 4238 495 4292 essere»
511 4267 542 4278 ·-
559 4257 607 4292 rm·
675 4241 699 4292 9.
725 4235 822 4308 ὅσαπερ
847 4243 994 4308 ompurrxoir
1019 4244 1151 4306 suspicetur
1173 4247 1207 4294 ert

50 4300 111 4364 mdc,
127 4307 170 4359 eal
182 4313 233 4356 cett.
270 4310 401 4357 t'crncrtus
411 4313 478 4358 oerttt
496 4309 525 4358 Et
540 4325 606 4376 quo-
640 4310 759 4362 Petamne.

51 4369 107 4420 uiam
123 4385 252 4434 meatuum,
271 4389 333 4443 quoe
351 4375 410 4425 feeit
426 4375 501 4425 lilium
516 4376 606 4433 serlum.
679 4379 714 4428 ltt.
741 4373 791 4430 olon
816 4377 903 4444 scripsi
922 4381 1017 4430 retento
1041 4393 1137 4430 suasore
1161 4395 1206 4442 pro

51 4451 185 4518 curatore
200 4443 356 4503 alienirotem
372 4461 385 4492 a
404 4445 517 4508 passione
532 4462 605 4493 eece·
641 4436 679 4508 dr,
697 4447 759 4508 quod
774 4448 828 4496 ltdrr'
845 4449 962 4509 praebent.
982 4451 1111 4498 t'omurlnr
1127 4451 1205 4512 sterpi-

52 4515 91 4581 ppt.
107 4508 140 4558 ira
157 4522 184 4560 ιιι
197 4528 228 4561 ex
246 4511 353 4561 meotida
369 4511 499 4562 alienitele
516 4530 530 4562 a
545 4529 606 4579 pss-
640 4519 771 4564 colerence
793 4517 886 4566 oldetm
901 4509 961 4568 καῖ
976 4508 1016 4582 ἦν
1054 4519 1123 4566 Vertit
1142 4519 1205 4566 enlm

52 4588 113 4622 none
137 4577 191 4644 ipsa
217 4589 330 4630 ereptura
355 4579 489 4636 nubsietot.
517 4591 606 4646 utpote
641 4581 830 4648 (intelligentia)
847 4583 1001 4652 iuxtaqnem
1016 4599 1101 4634 creeris
1119 4597 1203 4633 occure

53 4655 117 4706 queas
134 4663 220 4698 ercam
235 4645 331 4698 firmem
348 4659 424 4717 prout
440 4647 519 4702 voluit
536 4649 606 4716 lecit,
640 4649 719 4704 voluit
737 4651 804 4720 quod
822 4664 932 4708 mentum
950 4661 996 4706 eat.
