3068 5008
328 292 390 358 564
755 301 1062 356 οιαοοιοειεειαιι

328 444 387 497 σεις
400 417 483 496 τινάς
497 417 671 506 Ἑβραϊκαῖς
683 422 792 500 λέξεσιν
810 421 989 506 ἐπιλέγοντες
1007 422 1057 486 ἐπὶ
1074 427 1111 510 τῇ
1125 425 1239 509 κεφαλῇ
1256 427 1312 486 τοῦ
1331 423 1433 506 δῆθεν
1450 431 1490 486 λυ

326 525 502 610 τρουμένου.

406 626 544 707 Ὀφῖται,
568 629 600 692 οί
613 623 665 692 τάν
677 623 751 708 ὅφιν
762 625 946 704 δοξάζοντες,
977 627 1029 691 καὶ
1043 632 1149 692 τούτου
1170 623 1302 712 Χριστάν
1320 623 1489 714 ήχσύμενος

326 731 439 812 ἔχοντες
460 729 492 794 δέ
513 727 546 794 τά
569 727 691 814 ἑρπετόν
714 736 803 800 τοῦτο
826 731 858 796 ἐν
879 733 964 818 κίστη
986 733 1051 794 τινί.
1529 813 1530 818 ¹

413 834 556 914 Καϊανοέ,
591 829 730 908 ιδςαύειος
753 830 814 914 άμα
841 840 902 908 τοῖς
925 829 1069 916 πρότερον
1092 829 1143 896 τάν
1159 829 1253 914 νόμον
1270 835 1324 898 καλ
1342 832 1401 899 τάν
1416 835 1491 916 λαλή

326 953 417 1000 σαντα
436 935 469 1000 ἐν
487 933 569 1024 νόμῳ
587 933 765 1010 ἀθετοῦντες
783 932 893 1016 σαρκός
906 959 937 998 τε
952 931 1113 999 άνάστασιν
1135 931 1319 1019 ἀρνούμενοι
1342 936 1400 1002 τάν
1422 938 1491 1002 m

326 1041 496 1119 δοξάζουσι,
526 1040 657 1123 λέγοντες
680 1035 773 1102 αύτάν
795 1043 849 1120 τῆς
871 1038 1059 1122 ἰσχυροτέρας
1085 1035 1246 1118 δυνάμεως.
1280 1036 1372 1120 ’Ἅμα
1394 1041 1429 1104 δέ
1451 1043 1491 1105 καί

195 1171 201 1184 ·
324 1139 376 1207 τάν
391 1140 508 1208 Ἰούδαν
524 1141 747 1218 ἐκθειάζουσιν,
770 1135 847 1222 ύμοῦ
866 1163 895 1203 τε
911 1140 962 1204 καλ
976 1137 1046 1216 τούς
1062 1141 1130 1226 περὶ
1149 1140 1228 1224 Κορέ
1241 1145 1294 1205 καί
1312 1141 1434 1208 Δαθάν
1450 1148 1490 1208 καὶ

209 1301 218 1319 .
323 1241 477 1330 Ἀβειρούν,
501 1241 572 1308 άλλά
594 1245 645 1308 καί
667 1241 738 1318 τούς
759 1246 935 1325 Σοδομίτας.

411 1348 572 1428 Σηθιανοί.
619 1336 709 1411 Ούτοι
730 1343 819 1410 πάλιν
835 1343 888 1410 τάν
906 1343 980 1428 Σήθ
1004 1343 1172 1423 δοξάζουσι,
1205 1343 1382 1426 φάσκοντες
1407 1349 1491 1412 αύτάι

328 1445 403 1514 εέναι
427 1449 460 1514 ἐκ
483 1452 668 1530 μεταμελείας
689 1455 742 1529 τῆς
766 1446 886 1512 άνωθεν
911 1445 1038 1530 μητρός,
1068 1448 1272 1530 συνελθούσης
1297 1449 1376 1530 μετά
1401 1449 1491 1514 ῑῑτύτ

326 1550 406 1616 Κάλν
419 1549 567 1634 καλἈβελ
580 1548 826 1632 άποκτανθήναι,
847 1552 900 1614 καὶ
914 1549 1052 1635 καθαράν
1067 1551 1182 1632 σπέρμα
1196 1547 1249 1614 τάν
1264 1549 1343 1634 Σήθ
1362 1558 1404 1598 ¹⁷
1416 1579 1488 1634 ποιη

324 1652 433 1736 σάσης,
464 1655 493 1731 ἐξ
510 1645 603 1737 ούπερ
626 1652 731 1720 λοιπόν
754 1652 890 1735 κατήχθη
906 1650 939 1717 τά
957 1654 1077 1718 πάντων
1097 1651 1273 1735 άνθρεύποιν
1290 1655 1394 1738 χένος.
1440 1657 1490 1718 Καὶ

324 1752 409 1822 αύτοέ
435 1755 467 1821 δέ
493 1752 630 1839 ἐθάρχάς
655 1758 705 1821 καὶ
724 1757 873 1833 ἐξουσίας,
904 1755 956 1819 καὶ
979 1753 1036 1820 ὅσα
1060 1757 1092 1820 οἷ
1107 1751 1186 1820 άλλοι
1210 1758 1432 1840 δογματίζουσι
1447 1761 1490 1822 καὶ

327 1857 414 1924 αύτοέ
436 1855 639 1944 ἐδογμάτισαν.

406 1958 594 2046 Ἀρχοντικοί.
642 1953 734 2026 Ούτοι
758 1959 846 2026 πάλιν
863 1962 904 2036 είς
919 1963 1028 2035 πολλάς
1044 1958 1137 2044 άρχάς
1153 1957 1186 2025 τά
1205 1966 1266 2024 πάν
1292 1961 1489 2049 άναφέρουσι,

323 2065 374 2130 καλ
396 2061 432 2128 τά
457 2063 597 2149 γενόμενα
620 2066 654 2129 ἐκ
678 2060 792 2128 τούτων
820 2069 1052 2150 ὀγεγενῆσθαι.
1103 2059 1285 2128 Ἁλίσκονται
1310 2065 1347 2128 δὲ
1373 2068 1427 2130 καὶ
1449 2069 1489 2129 ἐπὶ

323 2165 490 2252 αίσχρύτητί
503 2193 567 2233 τινι.
612 2164 731 2250 Σαρκάς
749 2167 781 2230 δέ
797 2164 958 2231 άνάοτασιν
973 2162 1135 2244 άθετούσι,
1157 2167 1209 2228 καί
1233 2165 1370 2230 παλαιάν
1386 2167 1489 2248 διαθή-

323 2295 380 2352 κην
398 2267 663 2352 80μεταβάλλουσι.
712 2271 872 2354 Κέχρηνται
892 2268 923 2332 δέ
937 2272 1048 2355 παλαιᾷ
1063 2270 1114 2332 καὶ
1131 2276 1217 2358 καινή
1233 2269 1398 2360 διαθήκη,
1430 2271 1489 2335 ἐκεί·

323 2393 396 2456 στην
416 2374 494 2451 λέξιν
515 2375 557 2450 είς
577 2371 631 2438 τάν
652 2372 767 2436 ἐαυταῐν
787 2377 862 2436 νοῦν
883 2367 1106 2454 μεθοδεύοντες.

410 2577 628 2662 Κερδανιανοέ,
659 2579 691 2642 οἱ
712 2573 773 2641 άπά
800 2577 959 2660 Κέρδανος
985 2583 1038 2642 τοῦ
1054 2573 1270 2660 Ἡρακλέωνος,
1307 2573 1487 2652 ’ἐδιαδεξά

325 2704 408 2762 μενοι
426 2676 479 2763 τήν
496 2676 618 2762 μετοχήν
634 2685 686 2761 τῆς
705 2677 831 2762 πλάνης,
855 2677 915 2744 άπά
934 2677 967 2742 δέ
984 2685 1036 2760 τῆς
1051 2682 1164 2762 Συρίας
1178 2680 1220 2753 είς
1234 2675 1354 2760 Ῥάμην
1369 2703 1486 2760 μετακα-

324 2781 461 2861 στάντος,
484 2783 534 2847 καί
551 2781 689 2867 κήρυγμα
705 2782 813 2848 ἐαυτοῦ
832 2781 995 2864 ἐκθεμένοα
1011 2783 1043 2845 ἐν
1058 2779 1175 2866 χρόνοις
1193 2777 1357 2866 ΗΡλ’χίνου
1374 2779 1488 2847 ἐπεστά-

322 2911 391 2952 που.
435 2882 500 2950 Δύο
522 2884 553 2948 δέ
571 2881 661 2970 άρχάς
682 2881 817 2969 κηρύττει
838 2875 926 2958 οὗτος
952 2885 1102 2960 ἐναντίας,
1133 2881 1176 2966 μή
1194 2879 1269 2947 εέναι
1285 2883 1319 2947 δέ
1336 2883 1399 2950 τάν
1420 2893 1485 2966 Χρι

322 2986 392 3054 στάν
408 2985 564 3072 χενυητδν,
586 2983 697 3069 δμοίως
711 3009 742 3051 τε
758 2993 871 3072 νεκράν
887 2983 1047 3051 άνάστασιν
1062 2983 1193 3064 άθετοῖν,
1214 2986 1264 3050 καί
1280 2984 1338 3068 τήν
1357 2987 1486 3054 παλαιάν
1532 3019 1533 3036 ¹

322 3088 481 3172 διαθήκην.

407 3194 644 3276 Μαρκιανισταί.
690 3194 839 3274 Μαρκίαν
864 3182 953 3268 ούτος
974 3193 1006 3256 ἐκ
1028 3189 1148 3257 Πόντου
1169 3187 1345 3275 ύρμύμενος
1367 3191 1482 3258 ἐπισκά·

198 3335 250 3384 Μ,
263 3323 309 3371 ηις,
323 3319 384 3358 που
404 3293 456 3376 μέν
470 3285 509 3376 ήν
524 3292 605 3374 υἷάς,
627 3297 757 3378 φθείρας
771 3293 804 3359 δέ
818 3293 971 3377 παρθένον
986 3293 1118 3380 άπέδρα,
1141 3291 1191 3358 διά
1210 3291 1243 3358 τύ
1258 3293 1413 3370 ἐξεαῖσθαι
1429 3291 1482 3359 ύπύ

320 3401 374 3462 τοῦ
389 3397 467 3461 ἐδλου
485 3394 597 3482 πατρὸς
613 3393 673 3462 άπά
695 3401 750 3478 τῆς
769 3397 930 3479 ἐκκλησίας.
970 3395 1123 3462 Ἀνελθσίν
1136 3395 1168 3461 δέ
1185 3397 1217 3460 ἐν
1232 3401 1269 3484 τῇ
1281 3391 1407 3486 Ῥάμη,
1438 3397 1482 3462 καὶ

321 3498 444 3581 αέτήσας
463 3495 621 3582 μετάνοιαν
636 3496 706 3574 τούς
721 3495 784 3563 κατ’
801 3501 896 3564 ἐκεῖνο
913 3505 1036 3584 καιροῦ,
1065 3500 1117 3563 καὶ
1132 3495 1174 3581 μή
1193 3495 1305 3580 ταχύν,
1338 3499 1483 3585 ἐπαρθεὶς

320 3599 397 3668 κατά
413 3607 465 3684 τῆς
483 3605 608 3677 πίστεως
630 3601 804 3685 ἐδογμάτισε
827 3609 905 3688 τρεῖς
928 3599 1022 3686 άρχάς
1037 3599 1280 3686 εέςηγησάμενος,
1314 3599 1441 3686 άχαθότ
1456 3623 1481 3665 τε

321 3706 373 3771 καλ
389 3708 506 3770 δίκαιον
521 3707 571 3770 καὶ
585 3710 711 3784 φαῦλον·
742 3700 818 3768 είναί
834 3729 864 3769 τε
880 3703 934 3786 τήν
958 3701 1065 3786 καινήν
1088 3702 1238 3786 διαθήκην
1254 3699 1418 3788 άλλοτρίαυ
1436 3713 1482 3786 τῆς

319 3813 465 3886 παλαιάς,
492 3808 543 3872 καλ
565 3812 619 3872 τοῦ
646 3808 678 3871 ἐν
705 3803 781 3894 αύτή
806 3805 992 3889 λαλήσαντος.
1031 3805 1205 3870 Ἀνάστασιν
1227 3803 1345 3891 σαρκάς
1371 3805 1480 3872 α’θετεί

320 3907 480 3994 Βάπτισμα
495 3912 617 3975 δίδωσιν
631 3905 669 3974 ού
683 3906 776 3990 μόνον
788 3913 837 3988 ἐν,
860 3905 931 3973 άλλά
944 3909 996 3973 καί
1012 3907 1084 3988 δύο,
1113 3910 1165 3974 καί
1181 3912 1260 3991 τρία,
1284 3905 1359 3990 μετά
1375 3907 1413 3976 τά
1430 3936 1480 3974 τα·

319 4021 465 4098 ραπεσεῖν.
506 4009 596 4095 ’Τπέρ
620 4011 651 4076 δέ
666 4017 726 4075 ταῖν
749 4009 922 4076 τεθνεοίταν
943 4011 1171 4094 κατηχοαμένοιν
1193 4011 1314 4095 ἐτέρους
1340 4015 1477 4094 βαπτίζει

316 4111 429 4192 Ἀδεοῖς
449 4116 501 4179 καλ
521 4115 655 4200 γυναιξίν
677 4115 823 4199 ἐπιτρέπει
845 4110 970 4197 λουτράν
991 4111 1117 4180 διδόναι.

406 4221 628 4284 Λουκιανισταί.
672 4214 844 4293 Λουκιανός
865 4242 908 4293 τις
931 4214 1070 4301 άρχαῖος,
1103 4213 1156 4298 ούχ
1182 4211 1200 4280 ά
1223 4221 1279 4280 νῦν
1303 4217 1339 4280 ἐν
1362 4215 1477 4300 χρόνοις

352 4353 394 4410 λδ.
411 4359 519 4408 ἐπίσειε
541 4353 569 4409 τδ
586 4353 639 4410 rav.
673 4357 785 4409 Ριίουλυε
805 4358 883 4420 τυιρί-
916 4356 1018 4408 Ponant
1027 4371 1085 4420 μσς.
1094 4353 1152 4407 λθθ.
1175 4355 1241 4404 λῦτο·
1252 4357 1315 4405 εισι
1329 4355 1416 4406 m
1428 4371 1476 4407 τα·

319 4429 386 4474 οσιαα
402 4430 435 4475 ιιλ
451 4421 480 4476 τδ
499 4419 547 4476 διεδ
565 4420 631 4476 Κάῐι
647 4422 691 4478 τὸν
701 4417 789 4494 ’λβελ
913 4420 1008 4490 ήοαοα.

353 4491 393 4542 ’λ’ί.
417 4489 562 4557 ποιησάσης
583 4496 675 4555 repom
699 4507 729 4544 ιτ
748 4495 878 4544 nammatio
944 4493 985 4544 λδ.
1002 4486 1086 4561 ἀρχῆς
1102 4491 1170 4542 αοδιλ
1188 4503 1244 4541 τινα.
1262 4495 1286 4542 τί
1302 4493 1357 4542 εδει
1372 4497 1449 4554 μετα

943 4558 984 4612 29.
1003 4559 1158 4628 γεγενῆσθαι
1171 4557 1286 4626 λέγουσιν
1299 4561 1389 4611 τελεία
1407 4559 1473 4612 1*
