3042 5016
298 283 435 335 eunucu
453 282 569 342 arnan.
589 279 702 334 rcum.
719 279 949 332 ueremur.
1084 295 1088 302 ·
1145 267 1208 332 295

48 421 192 466 summam
211 403 385 468 adoratione
400 403 448 466 illa
465 412 512 466 tua
533 400 782 487 perturbationem
802 399 928 478 inducis,
953 421 1018 464 cum
1038 398 1209 464 dissimilem
1316 429 1320 440 =

48 505 151 566 eodem
175 525 241 582 cupa
265 526 302 569 eo
324 507 408 570 cuius
436 517 482 571 est
503 504 652 568 dissimilis
677 504 788 567 honore
813 504 913 568 afficis.
960 499 1107 585 Quodsi,
1133 523 1207 587 quae

47 605 87 668 tui
104 605 251 690 dogmatis
269 609 389 692 perlidia
407 620 469 686 eat,
503 607 591 672 lilium
610 606 733 673 adorare
751 617 780 669 te
800 589 909 689 neges,
942 605 1040 669 statim
1058 616 1085 667 te
1101 624 1205 668 omnes

47 709 244 790 redarguent,
278 721 309 774 ut
326 711 374 796 qui
390 729 570 794 nequaquam
589 709 668 774 illum
688 729 834 792 agnoscas
853 728 939 792 quem
959 708 1083 770 adorere
1102 726 1206 771 omnes

47 821 76 872 et
91 811 244 894 aequalem
261 813 394 878 oculitari
409 814 527 878 delreut.
572 813 745 876 Adorabunt
760 815 832 872 earne
846 832 908 872 euna
925 831 1019 872 omnes
1036 813 1136 888 angeli
1146 813 1201 872 dei.
1218 823 1346 924 iffi&

46 909 182 978 Eundem
210 912 327 994 Maria,
361 937 425 980 curu
459 915 488 980 in
521 936 610 978 carne
640 913 874 997 splendidissima
904 911 1139 991 resurrexisset,
1172 933 1207 976 ac

46 1025 196 1098 postremo
220 1017 351 1103 discipuli
374 1038 477 1082 omnes
496 1019 667 1082 adorarunt.
712 1014 789 1080 Huic
808 1015 886 1078 enirn
907 1013 977 1078 laeti
998 1013 1129 1078 creative
1155 1035 1206 1100 ep·

46 1117 233 1198 pellaticnem
250 1119 369 1184 minirne
383 1119 562 1196 convenire,
588 1127 687 1204 utpote
705 1140 720 1180 a
737 1129 819 1203 patre
836 1117 954 1202 genito,
978 1138 1038 1180 uon
1055 1118 1204 1202 ignorant.

46 1215 149 1302 ltaque
168 1221 345 1286 existentem
361 1222 398 1286 ab
416 1222 564 1286 existente
580 1231 697 1299 natum,
730 1241 785 1282 nec
803 1241 861 1284 non
879 1229 910 1282 et
922 1218 1054 1304 spiritum
1072 1231 1204 1284 sanctum

45 1321 180 1385 adorant.
217 1319 424 1387 Noruntenim
440 1323 519 1388 illum
535 1323 571 1386 alr
585 1322 768 1386 conditerem
784 1343 880 1386 rerum
900 1334 1005 1386 natura
1021 1322 1202 1408 discrepare.

47 1419 164 1509 Quippe
184 1446 241 1488 non
260 1427 434 1504 iactusest,
467 1435 672 1505 autoreatus,
706 1425 757 1488 aad
779 1434 893 1509 epatre
918 1425 1047 1506 genitus.
1094 1421 1205 1507 Quam-

45 1527 146 1590 obrem
164 1549 229 1592 enna
246 1528 398 1612 plurimum
412 1527 609 1606 restaureris,
625 1548 660 1590 aa
678 1527 799 1590 multum
816 1526 955 1611 temporis
971 1529 1202 1614 consumpseris,

46 1629 131 1706 teti,
166 1650 202 1692 ae
223 1631 396 1716 peregrinas
416 1642 445 1695 et
464 1630 611 1696 inauditus
630 1649 720 1694 uoces
739 1628 910 1706 invexeris,
941 1628 1022 1692 illum
1042 1639 1137 1693 tamea
1155 1631 1205 1695 vel

44 1730 156 1794 invitus
179 1731 327 1797 adorabis.
381 1739 497 1816 Oportet
521 1737 593 1796 enain
617 1752 828 1794 amorreorum
856 1734 934 1794 r'llrias
958 1733 1099 1796 trr’dunalr'
1118 1739 1356 1806 tartareaeque.

44 1855 76 1894 aa
89 1845 150 1896 tuuc
164 1840 253 1897 omnm
268 1839 367 1916 lrirguu
383 1839 574 1919 confitebitur,
610 1839 739 1916 quantiam
758 1837 886 1896 duratium
899 1839 980 1896 Iesus
999 1839 1130 1898 Christus
1144 1859 1201 1900 nnn
1214 1851 1301 1910 Ριιιι,
1312 1857 1344 1903 tt

44 1940 154 1998 altanus
172 1949 217 1999 eat
231 1959 249 2000 a
263 1942 336 2013 deo,
359 1943 455 2002 cedria
470 1942 567 2018 glareis
582 1941 750 2018 dea'putrclr,
782 1937 1023 2020 quemadmodum
1047 1947 1106 2002 tam
1128 1939 1203 2002 acri·

45 2049 126 2122 ptura
150 2060 235 2123 quam
259 2039 401 2106 catholiea
424 2041 495 2104 lidos
519 2039 617 2104 hebet.
1070 2034 1074 2042 ‘

127 2141 211 2204 Aelii
229 2139 326 2226 Caput
341 2139 464 2206 xxvt.
511 2138 544 2208 Si
567 2142 728 2227 ingenitum
746 2141 821 2205 nuda
845 2140 874 2203 in
892 2141 947 2203 deo
966 2151 1012 2205 est
1034 2140 1202 2226 appellatio,

45 2243 113 2306 adeo
128 2252 264 2328 utsupra
279 2256 444 2309 creatarum
461 2265 559 2308 rerum
573 2244 701 2310 amnium
715 2243 912 2308 conditionem
926 2243 990 2306 sola
1003 2241 1202 2328 pronuntiatio

46 2345 173 2411 diuinam
199 2346 391 2412 substantiam
417 2347 559 2426 extollat,
591 2366 776 2430 consequens
795 2355 842 2408 cst
864 2345 1012 2410 hominum
1032 2345 1204 2430 pronuntia-

46 2447 152 2512 tionem
171 2448 379 2534 omnipotentis
398 2449 444 2513 dei
464 2449 628 2514 substantia
647 2447 891 2534 praestantiorem
910 2446 1020 2526 uideri,
1045 2466 1120 2532 quae
1140 2445 1204 2532 qui·

46 2549 104 2614 dem
128 2552 222 2636 ipsam
245 2551 482 2638 incomparabilis
504 2552 682 2616 excellentia
704 2549 854 2634 diguitatis
878 2560 1017 2616 exornet.

121 2650 250 2718 'Conium
267 2651 390 2718 XXVI.
436 2652 541 2739 Neque
567 2654 674 2718 nudum
696 2653 725 2716 in
751 2653 806 2715 deo
825 2673 932 2716 ruomen
961 2663 1006 2717 est
1026 2651 1202 2736 ingenitum,

46 2773 136 2838 neque
152 2775 220 2828 cum
236 2755 344 2820 creatis
358 2755 446 2820 rebus
463 2767 585 2820 naturae
602 2754 836 2820 communionem
852 2755 949 2819 hahet.
988 2751 1091 2838 Quare
1107 2775 1203 2838 nequo

45 2869 197 2922 creaturae
221 2858 326 2920 nudam
346 2858 569 2943 appellationem
587 2858 762 2943 significant.
809 2853 870 2920 lam
889 2877 962 2920 uero
979 2877 1045 2920 euna
1063 2856 1141 2920 inter
1158 2856 1203 2920 in-

44 2959 172 3039 genitum
197 2980 231 3023 ac
250 2971 380 3024 creatum
398 2960 522 3024 medium
547 2960 663 3049 aliquod
687 2959 858 3024 vccabulum
875 2969 1051 3044 quaeratur,
1086 2957 1142 3022 hoc
1157 2970 1203 3025 eet

45 3060 127 3140 llius,
154 3061 331 3146 minimeque
346 3074 477 3140 creatus,
501 3065 617 3126 cuinam
632 3059 773 3126 eximium
787 3060 856 3124 illud
872 3059 1053 3146 potissimum
1071 3059 1202 3125 tribuen·
1271 3072 1275 3079 ‘

45 3161 106 3225 dum
126 3164 196 3228 est?
238 3163 284 3228 Ac
308 3163 334 3228 si
351 3166 466 3249 quidem
491 3164 635 3228 creaturis
656 3183 809 3228 commune
833 3184 897 3227 oum
923 3163 983 3226 filio
1001 3162 1071 3227 illud
1090 3164 1202 3229 adseri·

45 3263 162 3343 hamus,
195 3287 259 3328 cuna
278 3277 413 3332 neutrum
429 3266 603 3330 uocabulum
629 3265 692 3328 sola
708 3285 742 3328 ac
765 3265 840 3328 nuda
860 3264 1052 3350 appellatione
1071 3277 1200 3347 constet,

46 3376 72 3428 tt
86 3367 330 3450 quemadmodum
347 3369 512 3453 ingenitus,
538 3377 716 3445 alerentur,
741 3377 770 3431 et
785 3377 939 3431 creaturae
956 3388 1013 3430 non
1032 3390 1123 3433 voces
1140 3391 1202 3432 me·

45 3481 197 3549 recount,
221 3469 260 3532 ita
278 3472 411 3553 genitus,
436 3482 463 3534 et
484 3469 559 3534 lilius
577 3468 684 3554 aliquid
701 3479 821 3554 practer
835 3489 942 3532 nomen
960 3469 1084 3552 babeat,
1115 3471 1201 3536 uimi-

46 3591 103 3634 tum
120 3573 198 3657 quod
218 3591 270 3656 per
287 3594 427 3636 summam
447 3571 619 3636 calumniam
637 3569 840 3636 ratiocinando
860 3571 971 3656 colligit
988 3573 1112 3652 Aetius,
1146 3574 1201 3636 mi-

46 3673 149 3736 n'fioam
177 3675 424 3758 perturbationem
449 3685 480 3737 et
506 3674 709 3738 confusionem
737 3673 847 3759 pariet3
879 3675 1112 3760 quandoquidem
1134 3696 1200 3739 cum

47 3773 90 3836 ilii
105 3777 225 3840 nomine
241 3787 414 3856 creaturae,
439 3795 671 3861 quaererem,
697 3798 755 3841 non
774 3777 967 3862 appellatione
986 3788 1089 3855 tenus,
1121 3777 1201 3842 eiua·

48 3878 116 3940 nodi
134 3898 203 3942 esse
222 3879 373 3959 dicuutur,
397 3879 553 3964 adaequari
574 3876 692 3942 minime
710 3889 843 3965 possunt.
888 3877 966 3942 Nam
983 3889 1014 3942 et
1029 3878 1105 3942 filius
1122 3877 1199 3965 ipse,

48 3999 108 4040 aum
132 3979 211 4044 lilios
238 3980 362 4057 dicitur,
394 4002 452 4046 uun
477 4001 587 4044 meram
610 3980 639 4043 id
665 4001 699 4044 ae
718 3981 811 4044 sulam
834 3979 1057 4066 appellationem
1075 4000 1146 4067 prae
1166 4002 1200 4047 se

48 4079 118 4142 ierre
138 4083 295 4166 putandum
319 4091 376 4146 est.
423 4080 571 4166 Quocirca
588 4103 653 4146 cum
670 4082 774 4146 unicus
792 4081 838 4145 dei
855 4081 950 4159 itlius,
985 4092 1015 4145 ut
1033 4092 1063 4147 et
1080 4083 1200 4169 spiritus

47 4193 178 4261 sanctus,
202 4205 297 4269 neque
312 4204 418 4268 reapse
434 4207 491 4248 non
506 4185 628 4265 existat,
653 4203 747 4267 neque
766 4184 841 4247 nuda
858 4182 1053 4268 appellatione
1072 4185 1197 4265 dicatur,

47 4302 105 4346 tum
129 4285 220 4370 patris
242 4285 336 4369 gloria
360 4285 532 4352 coniunctus
550 4277 614 4367 est,
648 4305 742 4369 neque
762 4306 826 4348 cum
844 4297 1010 4382 creatarum
1031 4307 1130 4352 rerum
1148 4309 1199 4374 ap·

47 4455 103 4512 mod
118 4457 142 4504 tn
162 4459 309 4520 aquantibus
322 4457 441 4520 respondit
458 4437 603 4520 comparatio
672 4455 1012 4522 metamaucensem.

48 4518 79 4585 μή
97 4523 176 4590 ψιλῆς
192 4521 360 4594 ἐνδεχομένης
377 4519 521 4592 ὀνομασίας.
670 4525 695 4578 6.
714 4524 893 4596 coaequiparat
909 4525 960 4576 eod.
978 4526 1076 4597 ltdrdtq.
