3072 5002
328 394 389 458 172
750 409 875 461 amen
891 409 1065 460 τοιουτου

325 522 359 590 τό
375 521 504 590 δυνατόν
510 575 519 604 ,
541 526 593 589 ίυα
609 522 650 608 μή
666 522 838 611 ἀμάρτυρον
851 527 918 612 περί
935 523 1103 609 πνεόματος
1117 528 1168 592 καί
1184 527 1217 592 ἐν
1230 533 1274 616 τρῖ
1287 525 1414 612 παρόντι
1429 553 1476 591 πα-

327 626 499 714 ρελεῦσομαι
521 625 577 710 τήν
601 625 760 712 ῦφήγησιν.
804 627 914 704 Εαίθῦς
938 629 991 712 μὲν
1011 626 1067 714 γάρ
1090 625 1108 695 ό
1127 629 1224 716 πατήρ
1245 652 1321 712 φησι
1342 631 1413 714 περί
1433 637 1477 712 τῆς

326 737 381 796 τοῦ
394 733 465 796 υίοῦ
478 734 645 817 παρουσίας
660 729 723 811 ότι,
747 733 885 815 Θήσομαι
898 729 932 797 τό
952 729 1069 814 πνεῦμά
1084 758 1144 812 μου
1159 730 1205 798 ἐπ’
1221 731 1328 812 αῦτόν,
1358 733 1410 797 καί
1426 735 1477 816 κρί-

326 856 373 900 σιν
387 843 452 910 τοῖς
466 837 584 900 ἔθνεσιν
603 832 775 920 όπαγγελεῖ,
801 837 852 900 ’ίνα
872 833 996 920 γνήσιον
1013 835 1127 925 κηρόξη
1149 834 1224 902 θεόν
1239 837 1272 902 τό
1289 833 1380 922 ῦγιον
1394 832 1478 900 αῦτοῦ

325 943 453 1019 πνεῦμα,
476 943 548 1002 πᾶσι
566 945 681 1012 πιστοῖς
695 939 738 1013 είς
752 941 909 1022 σωτηρίαν.
954 939 996 1002 El
1009 940 1042 1002 δὲ
1059 937 1078 1003 ό
1094 937 1254 1024 μονογενής
1268 946 1305 1028 τῇ
1319 936 1399 1028 αὐτῇ
1415 965 1476 1022 μαρ-

326 1043 413 1128 τυρίρι
430 1041 576 1124 προσθείς
595 1038 719 1122 φάσκει,
753 1046 878 1122 Πνεῦμα
892 1044 1001 1126 κυρίου
1017 1038 1063 1105 ἐπ’
1085 1041 1150 1124 ίμί,
1179 1034 1219 1108 οῦ
1240 1045 1374 1106 Ιε’ίνεκεν
1393 1041 1478 1124 ἱγρισί

326 1165 376 1224 με,
397 1145 448 1207 ῖνα
467 1139 487 1225 ή
506 1145 647 1226 ίνσαρκος
662 1140 756 1208 αότοῦ
771 1147 937 1228 παρουσία,
960 1145 1068 1232 καὶτῷ
1084 1142 1227 1226 πνεύματι
1240 1151 1281 1233 τῷ
1297 1141 1373 1232 άγίφ
1390 1142 1478 1226 ήσφα·

324 1245 459 1326 λισμίνη,
491 1247 544 1310 καί
569 1253 684 1320 πιστοῖς
710 1247 912 1331 κηρυττομίνη
936 1253 1041 1328 σαφοῦς
1066 1243 1240 1336 ὁμολογηθῇ
1266 1243 1326 1312 άπό
1352 1253 1405 1328 τῆς
1430 1251 1478 1310 τοῦ

328 1353 462 1432 Χριστοῦ
472 1351 644 1432 μαρτυρίας,
667 1347 713 1414 ότι
725 1348 782 1414 οῦκ
796 1345 949 1434 α’λλότριον
962 1346 995 1414 τό
1014 1347 1132 1431 πνεῦμά
1148 1351 1208 1416 ίστι
1221 1356 1276 1415 τοῦ
1289 1355 1376 1414 θεοῦ.
1422 1345 1479 1412 Πά-

325 1457 370 1516 λιν
389 1450 421 1515 δὲ
436 1447 455 1516 ό
473 1448 576 1536 κόριος
592 1451 660 1536 περί
680 1458 735 1516 τοῦ
751 1451 920 1534 πνεύματος
938 1449 999 1530 ότι,
1034 1451 1074 1517 Τό
1089 1459 1206 1534 πνεῦμα
1222 1457 1275 1518 τοῦ
1296 1449 1413 1536 πατρός
1427 1447 1479 1532 μοό

327 1554 388 1620 ίστι
407 1551 441 1618 τό
457 1559 566 1618 λαλοῦν
584 1555 616 1619 ίν
631 1551 711 1636 όμῖν.
757 1557 818 1619 Καί
834 1553 937 1632 πάλιν,
971 1551 1013 1631 οῖς
1034 1553 1090 1620 οῦκ
1106 1552 1260 1640 α’λλοτρίου
1282 1561 1335 1619 τοῦ
1355 1553 1480 1634 πνεῦμα·

327 1681 378 1732 τος
393 1655 588 1741 τυγχάνοντος
608 1663 663 1739 τῆς
684 1663 739 1722 τοῦ
758 1664 836 1723 θεοῦ
850 1656 1011 1740 θεότητος,
1037 1656 1237 1741 Ἐνεφῦσησεν
1255 1660 1297 1734 είς
1313 1654 1348 1722 τό
1372 1654 1479 1742 πρόςα

327 1783 385 1824 πον
398 1764 458 1824 τοῖν
476 1765 637 1842 μαθητῶν,
659 1761 709 1824 καί
731 1757 808 1838 είπε,
831 1759 948 1844 Λάβετε
963 1767 1080 1844 πνεῦμα
1094 1759 1190 1846 όίγιον.
1234 1761 1295 1824 Καὶ
1310 1757 1417 1838 πάλιν,
1438 1762 1481 1823 ῖνο

327 1863 408 1951 ῦείξη
423 1858 477 1944 τήν
500 1863 609 1927 ἑαυτοῦ
627 1859 747 1945 ίσότητα
763 1865 815 1929 καί
831 1861 1047 1946 όμοουσιότητα
1068 1861 1145 1946 πρός
1161 1861 1194 1928 τό
1210 1869 1328 1944 πνεῦμα
1346 1861 1443 1926 αῦτοῦ
1456 1885 1481 1924 τε

326 1965 378 2028 καί
395 1970 449 2029 τοῦ
467 1961 579 2050 πατρός
594 1962 689 2031 αὐτοῦ
703 1962 736 2031 τό
753 1965 854 2052 άγιον,
877 1968 968 2049 φησί,
989 1963 1060 2032 Ἐάν
1078 1964 1209 2051 άγαπᾶτί
1227 1991 1277 2048 με,
1299 1961 1354 2040 τάς
1370 1963 1481 2037 ἐντολάς

327 2091 387 2150 μου
403 2065 551 2150 τηρήσετε·
575 2065 633 2153 ίγοῖ
649 2067 786 2153 ἐρωτήσω
801 2067 855 2135 τόν
870 2071 996 2155 πατίρα,
1018 2071 1070 2134 ταί
1087 2067 1174 2135 ἄλλον
1190 2066 1384 2154 παράκλητον
1400 2067 1482 2132 ῦοίσει

325 2165 411 2250 ῦμῖν·
442 2167 482 2246 οός
502 2167 595 2235 αῦτοῦ
616 2178 671 2236 τοῦ
693 2175 800 2256 κυρίου
826 2171 1017 2257 παρακλήτου
1038 2169 1138 2250 όντος,
1169 2173 1221 2236 καί
1242 2176 1297 2236 τοῦ
1317 2170 1482 2252 πνεύματος

324 2281 379 2338 τοῦ
393 2270 480 2358 άγίου
491 2271 742 2359 συμπαρακλήτου
758 2271 845 2350 όντος
865 2272 984 2357 ὁμοίως.
1033 2277 1072 2340 Οί
1085 2275 1117 2340 όί
1129 2271 1289 2340 άπόστολοι
1301 2272 1482 2346 δεικνύοντες

326 2373 372 2441 ότι
387 2373 424 2441 οῦ
441 2378 551 2442 ῦοῦλον
574 2375 709 2462 τυγγάνει
732 2375 766 2442 τό
792 2383 925 2459 πνεῦμα,
958 2375 1030 2442 ἄλλα
1051 2385 1105 2460 τῆς
1128 2375 1220 2459 αότῆς
1241 2374 1404 2459 θεότητος,
1435 2373 1483 2456 τήν

326 2477 421 2544 αῦτοῦ
437 2476 595 2544 αῦθεντίαν
615 2477 844 2556 όποῦεικνόντες
864 2482 955 2561 φασί,
986 2483 1048 2545 Καί
1070 2477 1134 2545 είπε
1155 2477 1188 2544 τό
1208 2486 1326 2560 πνεῦμα
1342 2478 1377 2544 τό
1393 2478 1483 2564 ἅγιον,

324 2576 499 2665 Ἀφορίσατί
521 2607 572 2664 μοι
592 2582 753 2666 Βαρνάβαν
778 2585 830 2648 καί
852 2589 970 2648 Σαῦλον
993 2585 1035 2658 είς
1056 2580 1089 2648 τό
1115 2585 1202 2668 ἔργον
1224 2581 1242 2648 ό
1268 2584 1484 2666 προςτίτλημαι

326 2680 452 2762 αῦτοῦς,
488 2686 539 2748 καί
556 2683 591 2750 τά
605 2687 679 2768 ίξής.
723 2682 757 2750 ‘0
772 2687 805 2752 δὲ
819 2683 983 2762 οίπόστολος
1004 2691 1108 2766 σαφοῦς
1124 2687 1192 2770 περί
1210 2681 1329 2749 ἀὐτοῦ
1343 2685 1435 2769 λίγει,
1454 2680 1484 2745 Ὁ

325 2785 358 2850 ῦί
376 2785 480 2871 κῦριός
499 2789 560 2852 ἐστι
582 2785 616 2852 τό
634 2795 764 2871 πνεῦμα·
793 2781 831 2855 οῦ
850 2789 883 2854 ῦί
897 2785 930 2853 τό
947 2794 1063 2870 πνεῦμα
1086 2791 1210 2873 κυρίου,
1239 2789 1301 2852 ἐκεῖ
1318 2789 1484 2872 ίλευθερία·

325 2889 393 2968 καί,
410 2885 508 2972 ’Τμεῖς
523 2890 597 2966 ναός
613 2897 689 2956 θεοῦ
707 2893 780 2970 λστε,
801 2892 854 2957 καί
874 2889 908 2957 τό
929 2897 1046 2973 πνεῦμα
1060 2895 1166 2976 κυρίου
1183 2892 1262 2956 οίιιεῖ
1275 2891 1307 2954 ἐν
1322 2886 1402 2971 όμῖν.
1449 2888 1487 2950 Εί

325 2993 425 3055 τοίνυν
442 2990 528 3068 Ναός
542 2999 620 3058 θεοῦ
631 2990 805 3074 καλούμεθα
821 2993 873 3060 ῦιά
889 2997 1007 3076 οίκησιν
1020 2989 1109 3079 άγίου
1125 2991 1302 3076 πνεόματος,
1325 2997 1369 3068 τίς
1382 2989 1485 3074 τολμή

326 3115 385 3158 σειτ
412 3093 654 3180 παραιτήσασθαι
683 3093 716 3161 τό
745 3103 879 3183 πνεῦμα,
909 3097 959 3161 καί
989 3094 1223 3180 α’παλλοτριοῖσαι
1253 3101 1305 3178 τῆς
1333 3101 1388 3160 τοῦ
1410 3099 1486 3159 θεοῦ

325 3194 444 3276 οῦσίας,
475 3205 580 3278 σαφοῦς
603 3205 657 3265 τοῦ
680 3195 848 3264 άποστόλου
871 3200 1007 3284 λέγοντος
1031 3196 1111 3282 ήμῦς
1131 3196 1223 3274 ναοῦς
1241 3203 1318 3262 θεοῦ
1340 3201 1485 3282 γίνεσθαι,

198 3311 250 3357 Μ’
260 3299 306 3344 η
328 3295 379 3363 aa&
394 3296 427 3364 τό
443 3301 581 3366 ἐνοικοῦν
593 3307 709 3383 πνεῦμα
725 3299 811 3386 ῦγιον
827 3303 859 3366 ἒν
872 3310 935 3378 τοῖς
947 3299 1054 3379 άξίοις,·
1100 3305 1174 3376 Πῦς
1189 3301 1221 3365 ῦί
1240 3299 1398 3386 ἀλλότριον
1414 3305 1487 3366 θεοῦ

325 3403 406 3466 ίσται
428 3399 461 3467 τό
485 3411 601 3486 πνεῦμα
628 3401 661 3468 τό
689 3401 774 3486 βάθη
798 3411 853 3468 τοῦ
876 3411 953 3470 θεοῦ
975 3406 1118 3488 ίρευννῖν,Ι
1172 3405 1235 3469 Καί
1261 3402 1304 3486 μή
1334 3400 1400 3488 λέγε
1428 3427 1487 3485 μοι,

324 3501 466 3594 Ἐρευνᾷ,
495 3508 546 3571 καί
563 3503 648 3572 οῦπνι
668 3505 818 3591 γινάσκει,
842 3505 883 3582 όίς
898 3531 974 3582 τινες
989 3513 1115 3590 τολμῦσι
1128 3510 1329 3589 βλασφημεῖν,
1352 3508 1407 3570 καὶ
1422 3507 1487 3570 ἑαυ-

324 3603 397 3683 τοῦς
424 3604 611 3674 ἀ’πολλόειν.
653 3606 736 3674 Ἐπεί
762 3607 800 3673 άν
821 3611 872 3673 καί
899 3606 997 3674 4αότό
1016 3611 1120 3688 λίξοισι
1137 3610 1206 3694 περί
1224 3613 1278 3674 τοῦ
1295 3606 1423 3690 πατρός,
1446 3606 1488 3672 ότι

324 3711 459 3795 καὶπερὶ
476 3706 569 3774 αότοῦ
585 3712 744 3797 γέγραπται
761 3710 808 3776 ότι
820 3712 925 3800 ἐρευνᾷ
941 3721 1044 3794 ταμιεῖα
1062 3715 1206 3787 οκοιλίας.
1252 3712 1314 3774 Καί
1330 3713 1358 3775 εί
1373 3710 1489 3794 οἰσεβοῖς

324 3813 455 3898 νοήσεις,
485 3811 535 3878 ῦιά
564 3811 619 3878 οτό
646 3811 688 3896 μή
715 3816 884 3879 ίπικεῖσθαι
908 3821 949 3902 τρῖ
976 3816 1101 3900 ἐρευνᾶν
1126 3812 1159 3878 τό
1185 3812 1341 3899 γινοίσκειν
1363 3815 1417 3878 ἐπὶ
1438 3819 1490 3878 τοῦ

325 3916 506 4002 πνεύματος,
538 3913 700 3999 άσεβήσατς
727 3913 764 3980 όν
781 3917 832 3980 καί
856 3918 923 4000 περί
939 3925 991 3982 τοῦ
1007 3914 1123 4000 πατρός
1141 3914 1195 3998 τήν
1215 3913 1309 3998 αῦτήν
1327 3912 1490 4001 άναγτιαζό-

325 4044 412 4102 μενος
444 4021 668 4106 7παρεκφίρειν
690 4015 847 4084 όπόνοιαν.
904 4015 950 4082 Οῦ
972 4041 1003 4082 τε
1022 4017 1078 4105 γάρ
1102 4020 1153 4083 ἐπί
1174 4015 1288 4104 πατρός
1309 4020 1491 4103 λρευνοῖντος

325 4131 430 4204 ταμεῖα
452 4128 565 4198 κοιλίας
590 4120 761 4206 πρόςκειται
783 4118 817 4186 τό
840 4119 1002 4206 γινυίσκειν.
1049 4119 1096 4185 Οῦ
1110 4145 1141 4184 τε
1158 4119 1214 4206 γάρ
1232 4126 1314 4205 χρεία
1330 4112 1370 4202 ήν
1386 4124 1490 4196 εἰπεῖν,

326 4231 431 4304 σαφοῖς
450 4227 634 4308 ῦηλουμίνης
649 4231 703 4306 τῆς
725 4231 778 4290 τοῦ
799 4229 876 4288 θεοῦ
893 4227 1082 4308 προγνωσίας
1099 4219 1160 4290 άπό
1179 4229 1234 4292 τοῦ
1253 4225 1379 4309 ίρευνᾶν
1393 4222 1429 4288 τό
1449 4224 1489 4286 τί-

361 4395 500 4448 οιε.ΧΙΙΙ.
518 4427 543 4436 -
570 4397 697 4451 1.ιίυεκιν
712 4398 887 4461 umquem.
923 4400 1003 4448 θυῖον.
1022 4403 1093 4459 τιμαί.
1111 4399 1181 4448 οπλα
1200 4391 1215 4449 ό
1232 4393 1262 4450 a
1278 4393 1424 4458 ἀπόστολος
1445 4413 1492 4450 σα-

326 4479 381 4516 ιοιι.
416 4462 499 4518 ῖιικιν
519 4469 582 4516 τοία.
922 4467 980 4532 φῶς
995 4481 1021 4518 τι.
1031 4459 1108 4518 αῦτοῖι
1124 4465 1192 4531 λίγιι
1209 4469 1304 4516 απιιῖυο
1321 4481 1369 4518 τινα
1393 4481 1493 4532 eome-

360 4535 385 4582 ¹2.
402 4527 479 4585 αὐτοῦ
494 4538 583 4584 restitui
605 4548 635 4584 τα
654 4539 750 4598 utroque
770 4537 828 4584 libro
845 4547 888 4583 τοι.
921 4540 972 4584 rm

327 4603 405 4652 Ελλαοι
419 4603 548 4652 θαητοῖσι
562 4606 662 4652 ναίεται
676 4617 706 4651 ex
723 4602 787 4670 ipso.
821 4606 850 4652 λλ
863 4605 889 4652 λα
956 4601 981 4653 3.
1000 4595 1116 4656 άπολῦιιυ
1133 4604 1186 4652 edit
1207 4603 1290 4653 Ρτλου.

326 4673 394 4724 cauis
419 4671 490 4736 υυλρο
512 4675 545 4721 ιιι
566 4665 657 4724 αῦτῦκ
693 4672 720 4727 λυ
744 4673 781 4724 τῦ.
806 4671 888 4724 petav.
956 4666 980 4722 λ.
997 4663 1076 4731 αῦτῖς
1093 4672 1162 4724 συλλ.
1180 4683 1237 4721 ποι.
