3066 5016
296 225 433 278 rnuuau
451 226 514 278 ura.
527 228 572 278 ιιι.
588 227 672 280 rou.
689 229 721 278 ιι.
739 225 838 279 nura.
852 226 980 279 nxxrx.
1156 217 1219 280 455

44 353 119 422 rat,
155 365 243 410 aomo
267 355 299 410 ut
325 357 533 410 sacrosanctae
559 346 684 431 virginis
711 346 924 411 uehementiori
947 348 1070 432 quadam
1093 347 1220 412 admira·

45 445 137 510 uoce
154 458 304 532 permotus
321 469 389 512 sese
404 449 439 512 ad
458 449 536 513 illins
554 449 686 514 haeresis
704 471 798 532 nugas
816 470 851 512 ae
869 449 970 534 deliria
989 459 1190 514 converteret.

142 547 199 614 Est
216 550 293 615 enim
317 561 376 614 tota
401 551 457 617 iste
476 551 605 616 narratio
622 571 694 616 saue
714 572 799 637 quarn
816 549 956 631 ridicula,
991 563 1021 615 et
1037 551 1218 616 anicularum
1249 545 1353 622 capsv.

47 650 261 717 lucubratione
275 653 375 738 digna.
423 652 540 719 Etenim
558 674 683 739 quanam
703 654 733 718 in
751 653 915 740 scripturae
931 665 1013 741 parte
1029 654 1220 719 continetur?

47 751 133 836 Quis
152 755 357 838 prophetarum
376 777 523 841 unquam,
548 756 595 820 vel
613 755 761 820 bominem
780 755 914 835 adorari,
941 756 1045 820 nedum
1065 756 1218 820 mulierem

49 856 212 940 permisit?
254 854 440 944 Quamquam
462 859 539 924 enim
569 859 711 923 selectum
736 859 878 943 quoddam
899 879 951 922 vas
971 869 1057 943 atque
1075 857 1217 923 eximium

47 959 111 1036 sit,
138 958 326 1024 nibilominus
344 961 449 1024 mulier
469 973 532 1042 ιιι,
556 962 746 1046 eiusdemque
769 983 833 1024 cum
852 961 960 1026 ceteris
978 970 1117 1037 naturae,
1149 959 1219 1025 licet

46 1061 151 1124 animo
169 1071 256 1145 atqua
273 1083 362 1128 sensu
379 1063 566 1150 amplissimis
580 1062 740 1128 bonoribus
756 1063 861 1128 allecta
879 1063 936 1142 sit,
962 1064 1081 1149 perinde
1097 1084 1133 1126 ac
1148 1063 1218 1127 reli·

49 1185 178 1249 quoram
203 1175 372 1230 sanctorum
397 1187 540 1252 corpora,
572 1178 624 1230 aut
645 1166 753 1250 siquid
779 1167 815 1232 ad
838 1167 1012 1250 gloriamur
1030 1165 1217 1250 splendorem

47 1266 197 1330 illustrius
215 1268 353 1332 attulero.
401 1266 653 1352 Quemadmodum
678 1265 777 1348 Elias,
811 1269 858 1354 qui
883 1268 920 1333 ab
938 1279 1003 1332 ortu
1021 1265 1352 1352 aperimini-ssent

50 1380 143 1433 tatem
162 1380 304 1454 perpetuu
321 1371 471 1452 servarit,
496 1383 525 1434 et
543 1372 572 1434 in
589 1372 703 1436 coelum
722 1381 843 1434 erectus
862 1380 918 1434 est.
964 1368 1003 1436 Ut
1023 1367 1150 1434 loannes
1165 1391 1216 1455 po·

49 1483 135 1549 stea,
166 1477 219 1554 qai
232 1477 262 1534 in
274 1485 374 1554 ριιιιι
388 1479 497 1536 domani
509 1475 654 1547 recubuit,
691 1495 770 1555 quem
789 1475 928 1554 burgetor
948 1477 1038 1536 lesus.
1086 1467 1127 1538 Ut
1148 1493 1216 1535 sao·
1242 1477 1322 1578 lpprqq

48 1574 184 1638 ctissime
211 1575 257 1639 illa
276 1573 408 1654 Thecla,
442 1575 489 1640 oui
515 1587 612 1640 tamen
636 1575 724 1660 longe
750 1585 796 1638 est
823 1576 1026 1658 anteponenda
1052 1571 1151 1638 Maria
1176 1572 1214 1638 ob
1232 1562 1349 1638 abab

47 1677 185 1740 coeleste
208 1676 276 1742 illud
300 1680 470 1763 mysterium
495 1679 571 1762 quod
597 1677 625 1740 ia
650 1677 714 1742 eius
733 1687 817 1740 utero
837 1679 999 1762 perlectum
1019 1687 1076 1742 est.
1123 1675 1216 1762 Atqui

47 1801 110 1842 nec
132 1777 214 1842 illias
239 1780 405 1844 adorandus
422 1791 486 1858 est,
511 1778 627 1844 ιιιιιιιὶ
645 1778 739 1843 adbuc
757 1791 908 1865 superstes
925 1779 982 1858 sitq
1013 1799 1108 1864 neque
1128 1777 1216 1843 loan-

47 1902 124 1958 nes,
156 1879 225 1944 licct
243 1882 378 1966 precibus
398 1893 519 1946 mortem
538 1902 621 1945 suam
638 1881 839 1946 admirabilem
858 1902 893 1946 ιι
910 1881 1090 1966 singularem
1108 1882 1215 1946 adece-

46 1985 109 2062 rit,
141 1982 188 2048 rel
208 1985 234 2048 id
252 1985 348 2070 potius
368 1984 467 2048 divino
484 1985 524 2048 sit
541 1982 683 2048 becelicio
701 1994 889 2058 consecutus.
935 1981 996 2048 Sed
1013 2005 1069 2047 nec
1085 1983 1213 2062 Thecla,

44 2098 104 2150 ιιι
119 2086 194 2150 ιΙὶιι
211 2085 353 2172 quispiam
369 2106 385 2151 e
402 2086 514 2150 sanctis
530 2087 681 2149 adoratur.
728 2084 798 2150 Non
816 2086 892 2150 enim
911 2098 996 2150 retus
1012 2085 1096 2149 nobis
1111 2107 1215 2172 super-

43 2189 134 2253 stitio
151 2189 367 2269 dominabitur,
399 2200 430 2254 ut
447 2189 516 2251 vivo
531 2189 586 2252 deo
603 2188 762 2266 derelicto,
787 2209 862 2272 quae
878 2188 915 2251 ab
933 2209 970 2251 eo
988 2187 1130 2252 labrioata
1145 2197 1215 2253 sunt
1227 2199 1367 2260 aurnuns

45 2295 178 2357 adorare
196 2292 332 2356 velimus.
378 2295 561 2365 Seruierant,
585 2290 691 2374 inquit,
714 2303 745 2352 et
762 2295 891 2354 venerati
902 2303 971 2354 sunt
987 2301 1148 2353 creaturum
1160 2312 1214 2372 po-

44 2401 110 2459 tr'as
125 2416 207 2476 quarn
225 2406 397 2470 amtorem,
433 2407 464 2456 et
474 2397 555 2476 satur?
573 2397 680 2456 redditi
694 2405 771 2456 runt.
819 2391 896 2456 Nam
915 2393 940 2457 si
958 2413 995 2456 ue
1011 2393 1135 2478 angelos
1149 2392 1213 2478 qui-

44 2501 117 2562 dem
135 2496 251 2560 adorari
271 2495 431 2581 permittit,
462 2506 571 2580 quanto
594 2496 690 2559 minus
713 2496 740 2559 id
761 2494 868 2560 Annae
890 2495 967 2559 tiliae
984 2494 1071 2559 tribui
1089 2515 1213 2558 eonces-

41 2598 136 2676 serit,
153 2619 238 2682 quam
256 2599 297 2662 illi
313 2620 330 2664 e
347 2597 476 2662 loacimo
492 2598 538 2661 dei
554 2598 670 2662 bouitas
686 2597 825 2663 indulsit?
847 2619 931 2683 quam
946 2597 1095 2684 precibus,
1119 2596 1214 2660 omui·

42 2723 107 2787 que
125 2701 214 2764 animi
232 2700 329 2764 studio
349 2722 384 2764 ac
403 2700 610 2776 contentione,
636 2721 743 2786 parens
765 2711 889 2786 uterque
910 2699 1091 2787 promeruit?
1112 2698 1153 2762 ita
1170 2711 1214 2762 ta·

42 2825 118 2868 men
140 2813 173 2866 ut
194 2824 252 2868 non
278 2803 362 2867 aliam
381 2823 467 2888 quam
485 2803 579 2870 ceteri.
595 2803 734 2867 mortales
750 2802 890 2867 nascendi
909 2801 1106 2866 conditionem
1122 2802 1213 2867 babu-

41 2907 126 2983 erit,
159 2907 210 2968 sod
235 2916 267 2969 ut
285 2906 325 2970 illi
349 2925 365 2968 e
388 2905 465 2969 virili
490 2916 556 2968 satu
581 2925 616 2968 ac
640 2903 743 2969 matris
766 2915 850 2968 utero
869 2905 1020 2989 prodierit.
1067 2901 1212 2986 Quamvis

42 3019 147 3072 autem
166 3028 205 3072 en
221 3003 338 3071 Mariae
355 3007 476 3072 historia
494 3029 528 3072 aa
549 3007 705 3072 traditione
726 3007 795 3071 illud
813 3006 972 3084 habentur,
999 3003 1127 3069 Ιοιιίιιιο
1146 3007 1211 3072 eius

41 3110 124 3196 patri
144 3109 284 3174 diuinitus
310 3111 364 3172 boc
382 3109 411 3172 iu
428 3111 546 3174 deserto
565 3109 729 3174 uuruiatum
747 3109 855 3174 luisse:
890 3107 975 3174 Uxor
991 3118 1040 3172 tua
1058 3109 1210 3195 concepitl

42 3235 106 3277 non
134 3213 174 3274 ita
199 3221 296 3274 tamen
315 3212 514 3297 accipiendum
539 3222 585 3275 ost
609 3211 691 3296 quasi
710 3212 765 3276 boc
782 3213 857 3288 eitra
880 3211 1035 3297 nuptialem
1057 3212 1212 3276 corrsocia·

41 3317 159 3379 tionem
184 3335 219 3378 ιι
239 3312 354 3376 uirilem
373 3325 467 3378 satum
488 3313 638 3378 acciderit.
686 3312 797 3379 Verum
814 3315 890 3400 quod
911 3316 1038 3378 futurum
1060 3325 1125 3378 erat
1142 3315 1212 3378 mis·

41 3439 97 3482 sus
118 3438 134 3478 ι
153 3416 210 3480 deo
236 3416 411 3500 significavit
435 3417 574 3502 angelus,
607 3435 644 3480 ιι
668 3437 724 3500 qua
747 3417 889 3481 dubitatio
910 3419 987 3481 loret
1006 3428 1125 3504 propter
1140 3415 1212 3480 illud

41 3521 126 3605 quod
150 3539 258 3583 revera
278 3519 308 3582 ia
330 3519 425 3582 luceru
444 3518 571 3598 editum,
603 3529 634 3581 et
651 3539 668 3582 a
686 3521 741 3583 deo
757 3520 966 3600 constitutum,
1000 3542 1034 3584 ιι
1050 3520 1128 3584 iusto
1144 3517 1211 3582 riro

41 3636 148 3689 natum
173 3622 279 3686 luerat.

135 3721 215 3808 Quin
233 3723 326 3786 eidem
342 3723 386 3786 rei
402 3743 504 3786 sacras
523 3722 625 3786 literas
639 3723 809 3810 adstipulari
825 3725 970 3790 videmus.
1006 3722 1085 3789 Nam
1100 3719 1207 3787 Esaias
1233 3725 1346 3796 capvt.

42 3829 78 3892 de
96 3827 161 3892 lilio
179 3826 227 3889 dei
244 3825 288 3890 sic
302 3825 499 3890 vaticinatur:
530 3829 606 3888 Ειιι
622 3831 704 3906 uirgo
719 3832 749 3890 in
767 3839 847 3892 utero
863 3833 1002 3909 concrprirt
1016 3839 1044 3890 et
1056 3831 1154 3909 puniet
1160 3828 1206 3907 fi·
1218 3844 1282 3892 ιιιι
1294 3847 1316 3903 t,
1329 3846 1362 3894 rt.

42 3935 116 3994 biam
137 3941 166 3991 et
185 3931 324 3992 accubant
344 3951 443 3991 nornen
461 3933 522 3991 ciue
539 3932 715 3992 Emmanuel.
763 3927 804 3996 Et
820 3931 955 4015 quoniam
973 3929 1107 4014 genitura
1122 3928 1208 4014 virgo

42 4031 219 4108 dicebatur,
252 4042 284 4094 et
298 4040 383 4096 utero
400 4030 530 4094 mulieris
546 4032 706 4115 gestandus
721 4031 770 4096 ille
787 4031 870 4096 cuius
893 4052 998 4096 unomen
1014 4031 1090 4094 idem
1108 4043 1206 4112 sorsat,

42 4157 77 4199 ac
94 4135 254 4198 Nobiscum
279 4139 365 4208 deur,
397 4153 434 4198 ne
454 4155 510 4218 qna
528 4133 558 4197 iu
579 4133 738 4219 prophetae
755 4134 853 4202 animo
870 4134 905 4198 de
922 4135 965 4198 rei
983 4133 1108 4199 veritate
1125 4133 1208 4198 dubi·

43 4238 119 4303 tatio
135 4236 300 4310 resideret,
333 4235 462 4300 oblatum
478 4234 535 4298 sibi
553 4235 647 4302 ιίιιιι
664 4236 824 4321 instigante
840 4236 944 4322 spiritu
964 4248 1066 4302 nancto
1083 4237 1208 4324 propbe-

75 4477 101 4528 2.
123 4473 162 4532 ln
176 4479 276 4528 camard
296 4479 415 4530 Ponetur.
450 4477 516 4532 tort
538 4477 610 4544 culpo
627 4472 676 4530 ἐπὶ.
