3066 5016
276 322 413 376 ananau
432 323 495 375 ctu.
507 323 549 376 ur.
569 323 652 375 rom.
664 323 696 374 u.
714 321 812 373 auca.
824 321 966 372 uxxaur.
1138 303 1200 367 aaa

51 442 159 527 quidem
173 441 293 528 impium
310 463 344 507 ac
359 443 514 506 scelestum
533 453 590 521 est,
615 453 675 506 eta
692 441 784 505 sancti
799 440 919 526 spiritus
934 439 1065 502 doctrina
1082 455 1203 523 prorsus

50 544 182 608 alienum.
229 543 332 630 Quare
356 555 447 609 totum
472 545 542 609 illud
563 566 580 607 a
603 543 755 608 daemonis
779 545 875 608 afflatu
899 551 928 605 et
949 541 1052 626 impuri
1081 538 1203 625 spiritus

49 646 197 732 disciplina
222 651 384 734 proiectum
410 658 467 711 est.
521 645 586 710 Hoc
614 646 690 710 enim
717 646 746 709 in
774 645 844 731 ipsis
876 645 1029 730 impletur,
1064 645 1344 767 quca‘eatrmpqom

49 754 152 832 quadem
168 771 187 811 u
202 771 274 812 conc
290 755 438 825 doctrino,
463 753 637 812 intendentes
653 751 762 832 subulci
779 761 809 811 et
824 751 962 810 doctrinis
979 749 1198 810 doemoniorum.

51 855 143 914 Erant
160 857 248 928 enam,
274 853 385 937 inquit,
418 865 543 914 mortuos
560 857 700 926 colentes,
733 849 974 936 quemadmodum
992 848 1067 933 apud
1086 843 1204 910 israeli·

50 966 91 1018 tas
108 955 220 1020 honore
238 967 307 1019 sunt
325 955 436 1020 allecti.
482 952 526 1018 lta
550 957 656 1020 lactum
681 965 727 1018 εει
750 965 780 1017 ut
797 963 965 1018 arrrrctorum
988 951 1035 1035 qui
1051 949 1114 1014 suis
1130 959 1204 1012 tem-

50 1057 165 1172 pprilrus
188 1051 350 1122 duruerunt
372 1058 539 1122 redundans
563 1056 593 1120 iu
612 1057 697 1120 deum
720 1056 814 1140 gloria
830 1055 896 1119 aliis
914 1054 962 1140 qui
978 1053 1133 1117 veritatem
1151 1050 1206 1116 mi·

50 1159 122 1224 nime
145 1159 347 1244 perspicerent
368 1160 554 1224 occasionem
577 1159 690 1222 erroris
713 1158 854 1222 attulerit.

129 1259 248 1325 Etenim
268 1259 406 1341 Sicinris,
439 1283 513 1347 quae
533 1261 617 1324 hodie
637 1259 923 1346 Neapolisdicitur,
957 1257 1201 1344 sacraquaedam
1251 1263 1312 1331 θρα.

49 1363 82 1425 ab
98 1363 270 1448 indigenis
262 1385 292 1427 m
315 1365 457 1428 honorem
475 1363 588 1449 puellae
605 1365 811 1442 celebrantur,
841 1360 918 1446 quod
936 1363 973 1425 ab
989 1358 1126 1448 lcplttlrae
1145 1359 1202 1423 lilia
1230 1280 1327 1443 xp¹1v1h

49 1485 183 1530 manasse
200 1466 334 1545 videtur,
366 1488 440 1552 quae
467 1467 522 1530 deo
546 1467 702 1584 quondam·
714 1465 877 1530 sacrificata
898 1465 1003 1528 luerat.
1051 1461 1136 1547 Quae
1156 1483 1206 1526 res

48 1568 161 1632 miseris
186 1567 352 1632 hominibus
378 1569 587 1634 idololatriac'
579 1567 801 1653 inanissimique
827 1567 923 1632 cultus
947 1566 1098 1654 materiam
1121 1585 1204 1652 prac-

48 1668 118 1733 duit.
167 1669 336 1756 Quinetiam
354 1669 519 1738 Pharaonis
539 1671 644 1751 liliam,
676 1691 885 1756 quaesereum
903 1666 1094 1756 dciMoysen
1114 1669 1206 1732 hono-
1226 1689 1331 1738 meas

49 1773 141 1852 ravit,
174 1785 205 1836 ct
222 1773 367 1838 collatum
385 1773 543 1854 enutrivit,
577 1786 696 1860 propter
718 1773 863 1838 celebrem
885 1773 997 1858 pueruli
1023 1775 1128 1836 lamam
1152 1771 1207 1834 im-

48 1875 167 1958 pensius
190 1897 276 1960 quam
300 1888 440 1961 parerat
465 1897 500 1940 ac
525 1897 578 1962 pro
605 1878 660 1940 deo
683 1886 862 1940 venerantes
881 1873 1020 1960 Aegyptii
1044 1869 1207 1938 istiusmodi

48 1977 284 2061 superstitionem
313 1978 343 2042 iu
366 1979 490 2043 stolidos
516 1979 649 2042 homines
671 1979 832 2042 derivatam
859 1978 971 2042 nelarie
996 1986 1205 2062 propagarunt.

48 2075 127 2163 Ergo
148 2078 189 2143 illi
206 2079 385 2144 Thermulin
402 2080 567 2167 Amenoplri
587 2079 691 2156 liliam,
722 2081 777 2144 hoc
801 2091 848 2143 est
863 2077 1046 2155 Pharaonis,
1082 2080 1207 2142 adorare

47 2191 189 2265 pergunt,
210 2184 306 2267 quod,
339 2184 570 2263 utauteadixi‚
601 2180 729 2268 Moyseo
748 2183 929 2248 educaverit.
976 2179 1129 2244 Eiusmodi
1147 2181 1208 2265 ple-

47 2304 135 2367 mque
157 2284 192 2347 ad
209 2305 366 2348 caecorum
394 2274 540 2349 lominum
559 2286 691 2349 lraudem
709 2296 739 2349 et
762 2305 894 2349 errorem
912 2284 941 2348 iu
961 2285 1098 2348 muudum
1115 2283 1207 2346 intro·

47 2385 234 2466 ductasun13
267 2408 325 2450 oon
352 2388 428 2472 quod
454 2387 552 2451 sancti·
573 2388 707 2472 cuiquam
724 2387 899 2451 offensionis
916 2408 1016 2450 ansam
1035 2387 1205 2472 praebeant,

45 2489 95 2550 scd
112 2489 190 2573 qnod
207 2489 419 2573 conquiescere
436 2509 520 2553 mens
536 2490 683 2554 homiuum
701 2500 838 2574 nequeat,
862 2490 942 2554 etad
960 2509 1051 2575 prava
1068 2488 1205 2552 declinet.
1313 2481 1315 2484 ’

47 2587 165 2654 Etenim
186 2592 251 2654 sive
275 2604 391 2655 mortua
414 2604 461 2656 cst
482 2592 568 2676 virgo
591 2593 796 2672 secretissima,
827 2613 861 2656 ac
879 2592 993 2677 sepulta
1007 2613 1122 2656 summo
1142 2611 1207 2653 cum

45 2693 203 2776 splendore
226 2693 383 2758 coniuncta
407 2715 486 2758 mors
503 2693 581 2757 illius
598 2705 663 2773 cst,
696 2705 726 2757 et
741 2695 924 2758 castissimus
942 2695 1060 2774 exitus,
1094 2715 1130 2758 ac
1148 2693 1208 2764 vir7

44 2795 178 2877 pinitatis
201 2794 230 2859 ei
251 2817 361 2860 corona
379 2817 538 2860 concessa:
571 2798 635 2860 sire
656 2781 827 2875 interiecta,
859 2808 891 2860 ut
911 2797 1043 2860 iudicare
1062 2797 1207 2882 scriptura

44 2897 165 2962 ridetur
179 2897 225 2963 his
238 2899 350 2978 uerbis,
373 2903 415 2962 Et
428 2905 518 2981 ipsias
532 2904 653 2962 unimam
664 2901 827 2980 penetrabit
836 2901 963 2979 gladios,
988 2899 1111 2984 gloriam
1128 2919 1204 2962 mar·
1217 2909 1302 2965 maa
1313 2908 1347 2954 Ἀ

45 3008 126 3084 tyros
145 3001 225 3064 inter
240 3023 274 3066 ac
289 3002 379 3065 decos
399 3001 530 3081 obtinet,
566 3012 727 3065 etsacrum
748 3001 826 3064 illius
844 3021 950 3086 corpus
970 3002 1048 3066 curui
1069 3001 1212 3070 lelicitate,

44 3102 222 3166 cumulatum
246 3115 308 3184 est,
341 3125 495 3190 perquam
514 3104 622 3167 mundo
643 3104 739 3167 lumen
757 3103 867 3168 illuxit.
912 3101 1017 3168 Potest
1036 3104 1162 3189 denique
1178 3114 1209 3168 ει

43 3203 72 3266 iu
88 3204 152 3268 rita
169 3206 326 3270 mansisse.
373 3203 479 3270 Potest
497 3206 575 3270 enim
591 3207 663 3270 deus
682 3206 817 3290 quicquid
839 3205 958 3270 libuerit
975 3207 1109 3285 efficerer
1141 3227 1206 3271 uam

42 3305 77 3370 de
93 3308 177 3372 illius
194 3307 278 3371 exitu
294 3307 363 3373 nihil
381 3319 464 3372 certo
480 3319 607 3373 constat.
655 3305 750 3372 Porro
767 3310 844 3373 ultra
862 3329 948 3393 quam
965 3329 1019 3394 par
1034 3307 1073 3372 sit
1088 3319 1207 3374 sanctos

44 3410 181 3474 venerari
206 3411 376 3489 reluceat,
409 3412 461 3474 aed
486 3407 603 3473 illorum
625 3409 813 3474 honorandus
836 3421 884 3474 est
903 3411 1050 3475 domiuus.
1097 3409 1208 3496 Quam·

42 3512 145 3576 obrem
164 3511 280 3576 desinat
297 3514 412 3578 taudem
433 3511 591 3576 infelicium
614 3513 664 3576 ille
688 3511 834 3576 homiuum
855 3534 952 3578 error.
999 3513 1105 3600 Neque
1129 3513 1207 3580 cuim

40 3609 140 3678 Maria
157 3615 314 3696 deusest,
338 3636 435 3700 neque
452 3617 489 3678 de
504 3613 589 3678 coelo
604 3635 711 3701 corpus
726 3617 857 3702 accepit,
889 3617 941 3681 sed
959 3617 995 3680 ab
1012 3619 1078 3680 viro
1094 3639 1129 3680 ac
1144 3638 1208 3681 mu·

41 3716 113 3782 licre
131 3717 253 3800 genita,
278 3717 394 3782 tametsi
413 3738 451 3781 ea
472 3717 685 3804 promissione,
709 3729 741 3782 ιιι
757 3719 825 3782 εΙῑιιι
844 3715 976 3798 laaucus,
1001 3718 1142 3803 singulari
1161 3718 1208 3782 dei

40 3819 78 3883 sit
101 3820 290 3906 providentia
318 3841 473 3886 concessa.
519 3817 619 3884 Nemo
644 3841 717 3884 vero
740 3821 771 3884 iu
796 3822 874 3886 illius
898 3843 1005 3886 nomen
1031 3819 1207 3884 sacrificium

41 3923 168 4001 offerat3
193 3921 301 4006 alioqui
319 3925 435 3986 animae
448 3943 520 3988 suae
536 3933 659 3987 mortem
679 3935 766 4007 atque
782 3923 906 3988 exitium
922 3923 1099 3988 consciscet.
1145 3921 1209 3986 Ne·

40 4047 95 4108 que
126 4045 202 4089 vero
230 4025 260 4088 iu
291 4025 505 4089 sanctissimam
535 4025 615 4090 illam
643 4026 855 4091 contumeliose
887 4024 1060 4111 perbaclrari
1088 4025 1205 4088 audeat.
1281 4023 1283 4032 '

40 4126 130 4191 Absit
154 4127 234 4191 euim
250 4139 282 4192 ut
301 4139 367 4214 post
384 4129 492 4192 editum
519 4127 699 4193 salvotorem
723 4141 775 4192 ant
793 4140 862 4192 aute
882 4139 994 4214 partum
1014 4149 1121 4212 corpus
1142 4149 1207 4192 cum

38 4229 97 4294 ullo
122 4230 320 4294 coniunxisse
343 4230 468 4294 dicatur.

126 4329 212 4396 Haec
227 4331 380 4397 habuimus
394 4354 470 4419 quae
487 4335 564 4419 apud
581 4355 635 4398 nos
653 4334 791 4398 meditata
809 4333 839 4396 in
860 4353 961 4398 eorum
978 4331 1103 4418 matiam
1123 4333 1207 4398 brevi
1239 4356 1327 4478 &v

70 4505 95 4555 ὁ.
115 4506 344 4568 Scriteadumpnto
360 4503 406 4558 acl
421 4503 447 4559 ἐν
467 4506 539 4573 τιμῇ.
644 4504 669 4559 da
686 4502 815 4570 uderuccc

71 4569 95 4626 6
114 4575 225 4626 rocam
246 4575 283 4624 tic
297 4589 386 4640 qaoque
402 4575 551 4628 combardum
565 4571 610 4630 καὶ
677 4573 700 4628 7
719 4567 836 4630 ἀπολλύει
854 4575 905 4628 eorl
921 4577 997 4628 Perit.
1015 4579 1068 4628 aaa
1084 4577 1189 4630 emmo.
