3066 5016
359 333 422 400 484
784 343 906 399 εκμοτι
924 347 1097 400 τνινιτκαυ

360 463 437 532 όλωυ
453 463 567 549 κύριον,
590 461 680 528 πάλαι
697 464 750 546 μὲν
765 465 796 530 ἒν
813 466 962 552 ἐπιθυμίᾳ
979 462 1087 529 τούτου
1105 461 1197 541 όντες,
1220 465 1273 528 καί
1292 463 1389 530 ικαθ’
1404 467 1495 530 ἔκαστοι

358 565 452 634 τόπον
469 572 529 632 τῶν
546 567 688 652 αἱρέσεων
702 564 822 648 τούτων,
845 565 941 652 όίςπερ
959 568 991 631 ἐν
1005 571 1117 655 Μερρᾷ
1131 564 1226 655 τόπῳ,
1249 568 1301 630 καί
1325 569 1362 633 ἐν
1378 571 1452 646 δίψει
1464 569 1496 644 τίς

359 674 491 756 φοβεροῖς
509 667 623 753 άβάτου
643 667 772 753 ἐρήμου,
796 669 843 734 ἀεὶ
857 674 1058 745 συναντῶντες
1074 677 1136 745 τοῖς
1154 677 1285 744 σκολιοῖς
1299 666 1406 735 αύτοῑν
1418 668 1495 751 λόγον.

359 771 593 856 ίπιφωνήσωμεν
608 774 659 838 καί
675 767 775 851 αύτοὶ,
789 770 848 838 Ὃν
864 769 980 856 τρόπον
996 774 1140 838 ἐπιποθεῖ
1155 769 1176 854 ή
1192 773 1313 851 ἔλαφος
1338 775 1391 838 ίπί
1405 771 1451 846 τάς
1463 795 1496 848 τη

356 875 411 964 γάς
426 884 485 941 των
503 871 636 954 ύδάτων,
666 873 762 951 οῦτως
780 876 925 940 ἐπιποθεῖ
941 870 1060 958 ήψυχή
1078 900 1138 957 μου
1154 872 1230 960 πρός
1247 876 1296 955 σὲ,
1323 871 1344 940 δ
1360 873 1444 950 θεός·
1466 873 1494 935 ιδ

357 979 455 1058 πάλιν,
475 976 555 1044 Πότε
571 979 662 1056 ίλθω,
680 971 732 1042 καί
747 975 926 1060 ὀφθήσομαι
941 982 985 1064 τῷ
998 975 1147 1065 προςοίπῳ
1161 985 1215 1042 τοῦ
1227 985 1305 1042 θεοῦ
1311 1007 1323 1056 3
1368 975 1428 1044 Διύ
1438 983 1495 1040 τοῦτ

355 1081 458 1166 τάχιον
472 1082 523 1146 καί
541 1079 628 1146 αύτοί
646 1079 905 1164 ίπιιιαλεσοόμεθα,
938 1077 993 1162 ούχ
1013 1077 1054 1156 οίς
1070 1081 1182 1155 ἐκεῖνος
1201 1079 1299 1146 ἐκάλει
1318 1080 1381 1164 τήν
1398 1078 1494 1160 νύμφη.

356 1188 489 1266 νυμφίος
511 1180 605 1266 αῦτής
627 1181 793 1268 τυγχάνων,
822 1184 873 1249 καί
897 1180 1019 1269 κύριος,
1049 1185 1098 1248 καί
1121 1183 1282 1264 δεσπότης,
1304 1187 1366 1248 καί
1383 1178 1495 1267 βασιλὶς.

355 1289 407 1352 καί
421 1287 507 1365 θεός,
528 1287 580 1352 καί
597 1281 779 1372 ύιιίρμαχος,
801 1282 861 1350 ἀλλ’
877 1281 918 1361 τός
932 1288 1035 1350 δοῦλοι
1050 1285 1145 1350 αὐτοῦ
1164 1281 1247 1368 ήμεῖς
1265 1285 1494 1368 ίπιιιαλεσιόμιδκ

355 1388 475 1480 συνῳδά
491 1395 532 1479 τῷ
548 1386 630 1478 αύτῷ
644 1391 695 1452 καί
710 1387 797 1454 αύτοί
816 1387 963 1472 λέγοντες,
987 1395 1085 1474 Δεῦρο
1102 1384 1164 1454 ἀπό
1180 1387 1323 1472 Λιβάνου
1342 1389 1453 1472 νύμφη,
1469 1385 1495 1450 ότι

356 1490 409 1576 όλη
427 1489 501 1575 καλή
519 1487 562 1569 ελ,
594 1492 645 1555 καί
662 1497 764 1573 μοῖμος
782 1487 838 1556 οῦκ
855 1493 934 1556 ἔστιν
950 1492 981 1555 ἐν
997 1495 1058 1556 σοί·
1088 1487 1302 1578 όπαράδεισος
1325 1501 1386 1558 τοῦ
1402 1487 1494 1575 μεγάλα

354 1600 495 1678 τεχνίτου,
518 1590 539 1676 ή
554 1593 638 1669 πόλις
655 1600 709 1659 τοῦ
727 1589 813 1679 ύγίου
829 1593 980 1675 βασιλέως,
1003 1589 1023 1675 ή
1040 1592 1144 1677 νύμφη
1159 1600 1213 1661 τοῦ
1228 1593 1366 1660 ἀσπίλου
1386 1595 1496 1678 Χριστοῦ,

354 1693 580 1782 ήπαρθίνοςή
601 1693 695 1782 ύγνή,
725 1695 807 1784 μόνῳ
825 1695 867 1760 ἑνί
886 1693 973 1782 ἀνδρί
991 1698 1023 1761 ἐν
1035 1701 1128 1763 πίστει
1143 1700 1406 1782 μεμνηστευμὲνη,
1427 1694 1496 1780 ήδια

356 1797 471 1882 φανής,
494 1801 546 1866 καὶ
563 1797 752 1866 ίκκύπτουσα
770 1795 835 1874 ύςεί
854 1795 969 1884 ὄρθρος
975 1849 985 1878 ,
1014 1798 1088 1882 καλή
1107 1797 1148 1876 οἷς
1164 1799 1285 1882 σελήνη,
1316 1799 1365 1877 οἷς
1381 1800 1497 1884 ήλιοςίτ

353 1900 462 1986 λεκτής
488 1899 607 1986 θάμβος
631 1898 672 1978 τίς
695 1903 868 1986 τεταγμένη,
900 1897 1157 1987 ήμακαριζομίνη
1181 1901 1242 1968 ἀπό
1262 1910 1325 1967 τοῖν
1353 1905 1497 1984 βασιλίδα.

352 2007 403 2071 καί
431 2006 634 2089 ίξυμνουμίνη
655 2001 716 2070 ύπό
740 2012 798 2069 των
820 2009 1021 2084 παλλακίδων,
1051 2000 1148 2088 ήύπδ
1167 2013 1227 2070 τοῖν
1241 2009 1426 2091 θυγατέρων
1439 2008 1497 2070 ε’ττι·

351 2107 499 2192 νουμίνη,
521 2109 572 2172 καί
592 2104 652 2173 ἀπό
671 2114 725 2190 τῆς
742 2105 854 2191 ἐρήμου
872 2107 1067 2193 ἀνερχομένη,
1097 2111 1148 2173 καί
1161 2111 1449 2192 λελευκανθισμίνη,
1466 2107 1498 2168 τό

351 2213 400 2278 ἐπὶ
417 2208 469 2276 τόν
485 2209 669 2293 ἀδελφιδοῦν
684 2209 778 2292 αῦτής
793 2211 1049 2295 ἒπιστηριζομίνη,
1079 2207 1100 2292 ή
1117 2208 1219 2295 μύρων
1237 2212 1396 2290 πνέουσα,
1425 2209 1498 2291 ήάτο

349 2320 404 2396 τῆς
418 2311 530 2400 ἐρήμου
547 2311 737 2400 ἀνερχομένη,
761 2309 802 2388 οῦς
816 2314 931 2395 στελέχη
944 2320 1062 2378 καπνοῦ
1079 2315 1293 2396 τεθυμιαμέυη,
1315 2313 1454 2396 σμύρναν
1466 2309 1499 2372 τά

349 2420 470 2500 λίβανον
484 2413 545 2481 ἀπό
559 2423 722 2502 κονιορτων
737 2421 888 2501 μυρεψοῦ,
910 2421 964 2480 τοῦ
980 2413 1145 2493 δεδωκότος
1162 2417 1269 2481 ἑαυτοῦ
1284 2413 1344 2498 τήν
1362 2415 1497 2496 εύοδμίοτ·

353 2517 388 2585 δν
403 2525 563 2604 προορῶσα
577 2521 671 2604 ἔλεγε,
701 2516 814 2604 Μύρον
830 2518 996 2584 ἒιικενωθίν
1012 2515 1109 2601 ὄνομά
1126 2541 1185 2585 σοι·
1208 2516 1257 2584 διά
1273 2525 1373 2584 τοῦτο
1395 2516 1499 2586 νεάνιδες

349 2618 510 2708 ήγάπησάν
526 2641 570 2686 σε·
599 2618 777 2704 ήὲστηκυῖα
798 2623 831 2686 ἐκ
847 2624 951 2698 δεξιιῦν
966 2628 1020 2686 τοῦ
1038 2623 1198 2704 βασιλέως,
1227 2623 1416 2705 ἐνδεδυμένη
1436 2637 1499 2700 τρυε

350 2722 447 2804 σωτδ,
476 2721 647 2808 διαχρύσοις
670 2724 897 2806 πεποικιλμένη,
927 2720 1056 2806 ήμηδίυ
1076 2721 1226 2791 σκοτεινόν
1246 2725 1378 2806 ἔχουσα,
1403 2720 1499 2788 ποτίίί

350 2828 593 2911 μεμελανωμίνη,
613 2827 683 2892 νυνί
698 2827 730 2892 δὲ
748 2824 823 2909 καλή
840 2827 892 2892 καί
908 2828 1162 2910 λευκανθισμίνη,
1183 2829 1234 2892 ίνα
1254 2827 1350 2891 ίνσολ
1370 2827 1498 2913 γενόμαν

348 2928 534 3013 λωφήσομεν
551 2935 610 2995 τοῖν
631 2927 871 3013 προδιελθόντων
889 2924 967 3011 ήμῦς
983 2937 1132 3016 στυγεροῖν
1147 2935 1207 2995 τοῖν
1222 2929 1372 3011 αἱρέσεων
1388 2953 1498 3012 πραγμ-
1524 2941 1525 2984 3

347 3057 424 3112 των,
452 3032 502 3097 καί
518 3027 709 3115 ήσυχύσωμεν
727 3029 787 3096 ἀπό
805 3029 902 3096 σάλων
916 3039 969 3114 τῆς
986 3039 1045 3098 τῶν
1061 3031 1163 3096 αῦτοῦν
1174 3034 1343 3117 τρικυμίας,
1382 3035 1434 3098 καί
1448 3027 1496 3094 ive

347 3134 491 3217 ψύξωμεν
510 3135 542 3199 ἒν
564 3136 628 3214 σοί,
661 3131 729 3220 άγία
753 3134 849 3220 μήτηρ
868 3131 952 3216 ήμῶν
971 3136 1126 3217 ἐκκλησία,
1155 3136 1207 3200 καί
1225 3136 1309 3223 ίντῇ
1328 3131 1408 3224 άγίῳ
1425 3129 1497 3200 ἐνεοί

214 3276 266 3324 1³⁸1·
278 3265 337 3312 ηοω,
351 3239 541 3325 διδασκαλίᾳ,
565 3240 616 3302 καί
635 3233 705 3326 άγίμ
720 3239 770 3302 καί
788 3235 865 3326 μόνη
882 3241 977 3303 πίστει
991 3244 1069 3303 θεοῦ
1089 3239 1123 3302 ίν
1144 3234 1278 3324 ἀληθείᾳ.
1321 3233 1415 3304 Ἀλλά
1432 3235 1495 3318 ἔρξε

348 3365 402 3421 μαι
418 3339 485 3423 περί
499 3336 607 3422 ταύτης
622 3347 675 3422 τῆς
690 3336 775 3425 άγίας
790 3338 904 3415 πόλεως
920 3347 997 3405 θεοῦ
1010 3338 1046 3404 τά
1062 3337 1222 3421 θαυμαστά
1240 3343 1426 3424 διηγεῖσθαι.
1469 3333 1497 3400 Τά

347 3438 403 3527 γάρ
418 3443 617 3524 δεδοξασμίνα
634 3441 766 3524 ίλαλήθη
781 3444 847 3527 περί
862 3441 973 3524 αὐτῆς,
1004 3441 1045 3519 οῦς
1058 3463 1132 3525 φησι
1149 3439 1353 3527 δπροφήτης,
1388 3445 1497 3516 Δεδσξε

348 3543 442 3625 σμίνα
458 3544 588 3627 ίλαλήθη
604 3547 671 3631 περί
690 3551 755 3623 σοῦ,
776 3541 796 3628 ή
811 3541 895 3621 πόλις
911 3551 965 3609 τοῦ
980 3551 1068 3624 θεοῦ,
1085 3541 1262 3629 ἀνθράκοις
1274 3545 1328 3626 μὲν
1343 3552 1440 3612 πᾶσιν
1451 3541 1498 3606 ἀνί

349 3672 457 3728 φικτα,
480 3646 616 3724 ἀπίστοις
634 3648 666 3713 δί
682 3647 837 3732 ἀλλότρια,
867 3657 984 3724 πιστοῖς
998 3649 1030 3712 δὲ
1047 3645 1226 3732 ἀνθρώποις
1241 3647 1293 3712 καί
1309 3645 1498 3732 οἰλτγθινοῖςίἲ

348 3749 445 3835 μίρει,
474 3749 506 3814 ίν
531 3746 685 3832 ύποσχίσει
710 3751 743 3815 δὲ
766 3749 954 3830 τελειοίσεως,
984 3747 1051 3826 ῃοίς
1073 3747 1155 3835 παρά
1174 3755 1227 3816 τοῦ
1249 3745 1350 3814 αύτυῖν
1368 3747 1496 3815 δεσπότιν

347 3850 637 3938 παρασχεθησόμενα
661 3854 692 3917 ίν
713 3860 751 3941 τῇ
773 3856 904 3942 βασιλείῳ
931 3860 991 3918 τῶν
1012 3849 1168 3938 οῦραύιῦν,
1198 3851 1279 3918 ὅπου
1301 3851 1382 3936 αύτή
1403 3850 1424 3935 ἡ
1445 3848 1497 3934 ἀγλα

349 3957 504 4042 παρθένος
514 3956 566 4020 καί
579 3953 762 4041 κληρονόμος
777 3952 832 4020 σῦν
844 3963 886 4046 τῷ
902 3957 967 4045 ἰδίῳ
981 3961 1101 4045 νυμφίῳ
1119 3957 1150 4022 ίν
1164 3953 1286 4044 ούραυῳῖ
1300 3957 1365 4038 ἔσχε
1383 3954 1434 4022 τόν
1446 3955 1497 4032 τίη

348 4083 403 4144 ρον
424 4060 476 4124 καί
497 4056 551 4140 τήν
571 4061 776 4143 κληρονομίαν.

220 4189 327 4258 ΚΜ,
433 4163 494 4226 Καί
516 4161 724 4247 πρῶτονμὲν,
756 4159 801 4226 ότι
820 4157 839 4225 δ
861 4157 933 4236 θεός
950 4156 968 4226 δ
983 4162 1033 4227 ἐπί
1050 4159 1170 4227 πάντων
1191 4156 1264 4243 ήμῖν
1285 4159 1361 4238 θεός
1386 4157 1497 4242 ύπάρηῦ

347 4270 411 4338 τοῖς
427 4263 460 4328 ἐκ
477 4271 530 4346 τῆς
547 4261 633 4350 δγίας
646 4261 756 4346 ταύτης
772 4265 927 4345 ἐκκλησίας
945 4273 1141 4349 γεννηθεῖσιν·
1164 4258 1317 4342 ἀπόδειξις
1331 4260 1387 4350 γάρ
1411 4257 1498 4338 Ιαύτη

347 4361 451 4450 πράτη
468 4367 536 4452 περί
560 4363 730 4450 ’ἀληθείας
755 4367 807 4431 καί
822 4365 972 4452 ἑδραίωμα
987 4371 1114 4443 πίστεως
1131 4373 1184 4450 τῆς
1200 4364 1296 4450 μόνης
1308 4366 1420 4448 ταύτης
1434 4388 1498 4446 τις·

382 4518 441 4567 cn.
456 4521 486 4568 ΙΙ.
501 4548 531 4560 -
552 4522 574 4573 1.
584 4521 740 4574 καθέκασταυ
756 4521 831 4574 τόπου
840 4525 908 4572 codd.
978 4523 1002 4573 2.
1022 4527 1135 4587 spurium
1151 4525 1270 4573 iudicasse
1290 4525 1381 4574 videm
1403 4517 1494 4576 λοειίε-

345 4599 400 4636 ιιιιι.
426 4591 527 4650 uterque.
563 4589 721 4643 καθίκαστωι
742 4587 826 4643 τόπων
852 4592 909 4641 editi
941 4592 1004 4655 ηυοδ
1021 4595 1114 4644 uncinis
1124 4594 1228 4654 ιἰιολιιιλι,
1243 4593 1364 4644 Petam

344 4655 406 4704 ιιιιο
978 4659 1037 4710 σω.
1049 4661 1092 4710 ιιι.
1106 4685 1139 4698 -
1174 4661 1196 4711 1.
1215 4661 1371 4711 senum
1386 4651 1462 4722 αὕτη,
1476 4669 1497 4704 ι
