3082 5006
289 262 431 317 seusun
450 263 514 317 Lus.
528 263 572 316 tn.
588 261 671 318 ron.
686 263 708 316 r.
724 263 826 316 saun.
842 261 952 314 uxxn.
1160 252 1202 318 65

51 382 138 446 ciendi
154 383 204 462 vi,
226 403 282 448 neo
299 405 358 448 non
376 393 407 448 et
423 383 550 463 virtute,
574 382 701 450 oonsilio
717 383 870 468 gloriaque
886 382 1035 468 praedita,
1060 401 1119 446 non
1138 381 1204 446 noi·

50 507 89 548 ns
113 497 250 571 motuque
275 505 401 564 soreos,
433 497 485 552 eut
509 485 653 552 eiusmodi
676 507 751 572 quoe
777 486 807 550 in
826 484 884 550 olio
907 496 938 550 ut
958 483 997 548 sit
1016 483 1139 564 lrabeat,
1173 496 1205 549 et

49 591 253 672 quodammodo
271 589 424 674 pingatur,
457 590 486 654 in
504 591 603 676 seipso
619 610 691 656 reru
714 611 749 654 oo
777 610 829 676 per
848 608 916 652 sese
941 587 1060 651 minime
1083 608 1204 652 moren-

50 702 100 755 tur.
144 688 221 756 Cum
243 703 341 756 antem
368 692 464 777 imago
486 693 565 756 nulla
587 692 616 756 io
641 712 675 756 re
698 693 735 758 ab
758 690 920 776 exemplari
941 690 1059 756 diversa
1083 691 1203 770 dieitur,

49 804 149 878 patrem
169 805 277 859 exacto
299 795 348 858 illo
366 795 525 858 similitudo
541 815 600 858 non
618 795 705 876 iacit,
735 794 896 859 sedilium
918 793 1053 858 omnibus
1075 796 1110 858 ad
1134 793 1205 858 illud

49 897 194 982 exemplar
218 897 351 962 numeris
372 918 561 983 expressum.

125 998 280 1065 llsoteous
303 1021 343 1064 ex
367 999 493 1064 Acocio.

124 1103 184 1166 lum
209 1123 283 1166 uero
307 1102 422 1187 qcridnm
448 1123 488 1166 es
512 1102 687 1166 ortlsodoxis
711 1102 849 1166 iratribus
867 1103 978 1168 nostris
999 1113 1030 1168 et
1052 1104 1206 1168 confesso·

49 1202 121 1266 rilus
147 1204 370 1292 expositionem
397 1205 462 1270 idei
488 1206 695 1290 operibnsdmn
718 1202 854 1270 Marcelli
879 1206 1031 1292 discipulis
1054 1205 1204 1291 accepisse

50 1308 208 1387 sedicunt,
232 1329 308 1392 quoae
327 1309 392 1372 lidei
410 1328 482 1372 sune
501 1307 644 1372 rationum
662 1308 711 1372 illo
726 1309 863 1374 reddidit.
909 1306 1006 1394 Quium
1022 1308 1138 1394 putidum
1158 1307 1205 1372 irio

49 1409 265 1476 adscribendum
282 1411 401 1498 putori,
425 1411 540 1475 tametsi
556 1411 684 1496 singula,
709 1432 785 1495 quoe
799 1414 834 1476 ed
854 1411 933 1476 illam
948 1411 1109 1498 pertinent,
1133 1431 1207 1476 oou·

48 1512 107 1576 dun
127 1525 271 1580 assumto
292 1513 496 1598 cognonerim.
541 1511 720 1601 Exemplum
744 1534 816 1580 vero
839 1525 885 1580 est
907 1513 1063 1580 eiusnodi.

384 1770 562 1823 EXPOSlTlo
578 1769 669 1822 stunt
687 1769 868 1823 MARCELLI.

126 1889 359 1956 venerabilibus
385 1902 417 1956 et
439 1889 635 1956 sanctissimis
664 1889 811 1977 episcopis
838 1889 1058 1955 Diocaesareoo
1088 1902 1208 1976 propter
1225 1897 1285 1968 esp.
1300 1897 1348 1950 xt.

52 1993 239 2058 orthodoxam
257 1994 415 2058 salvatoris
435 1993 527 2059 nostri
546 1995 611 2058 lesu
630 1988 742 2058 Clrristi
766 1994 849 2056 fidem
879 1993 1084 2074 exulantibus,
1117 1991 1210 2059 Eudo·

51 2097 109 2180 pio,
134 2097 302 2182 Adelphio,
327 2097 519 2176 Alexandro,
545 2094 722 2176 Ammonio,
748 2093 989 2182 Harpocrationi,
1014 2098 1131 2174 lsnuoo,
1158 2096 1211 2160 lsi·

52 2197 132 2277 doro,
156 2200 351 2280 Anoubioni,
375 2197 500 2280 Pitimo,
526 2197 707 2285 Eoplrrutio,
733 2197 864 2280 Arroni,
895 2197 1060 2285 presbytcri
1077 2195 1126 2282 qni
1146 2195 1211 2260 Au·

53 2303 180 2386 cyrnein
200 2299 420 2381 Galatiasnnt,
451 2300 615 2380 Photinus,
649 2299 841 2378 Eustathius,
875 2300 950 2366 ulter
966 2297 1127 2378 Photinus,
1161 2295 1211 2364 Si·

52 2405 158 2486 gorius,
184 2415 217 2468 et
240 2405 381 2469 diaeonus
403 2403 558 2492 Hyginus,
592 2403 790 2468 scbuicconns
809 2401 1003 2482 Heraclides,
1028 2412 1059 2466 et
1077 2399 1211 2488 Elpidius

54 2503 153 2584 lector,
178 2519 212 2572 et
234 2503 382 2594 Cyriacus
405 2507 562 2587 delensor,
586 2506 616 2570 in
640 2507 759 2572 domino
780 2507 919 2571 sulutem.

128 2605 207 2675 Cum
234 2611 269 2673 ad
291 2611 428 2696 pietatem
452 2619 580 2674 vestrum
601 2630 619 2673 e
638 2609 732 2695 patrio
754 2621 873 2690 nostra,
904 2631 957 2697 pro
975 2629 1012 2672 eo
1030 2630 1064 2672 oc
1081 2628 1134 2694 par
1150 2615 1209 2688 est,

55 2709 192 2777 invisendi
209 2712 303 2776 vestri
317 2713 412 2796 gretia
429 2713 626 2792 sensissemus,
650 2711 825 2796 interrogati
842 2734 858 2776 a
873 2724 973 2776 vestro
989 2712 1144 2774 sanctitate
1161 2731 1212 2773 sn·

56 2833 126 2894 mus,
150 2813 257 2900 ecquid
275 2815 311 2878 dc
332 2816 388 2880 duc
406 2817 596 2880 sentiremus.
643 2811 739 2898 Quom
754 2817 869 2900 quidem
888 2813 1094 2879 sollicitudinis
1111 2810 1212 2876 officii·

55 2937 103 2998 que
127 2918 246 3003 plenum
270 2918 531 3002 interrogationem
558 2939 736 3004 magnopore
757 2919 933 3004 probantes,
964 2917 1002 2980 oh
1025 2937 1078 2980 eos
1099 2913 1214 3002 proeci-

57 3038 104 3101 pue
122 3020 171 3106 qni
189 3021 264 3084 luiso
284 3023 320 3084 de
338 3021 423 3085 nobis
440 3021 577 3085 normulln
596 3031 708 3085 temero
725 3031 883 3106 spargunt,
909 3019 1107 3084 necessarium
1127 3015 1214 3082 darsi-

58 3141 113 3184 nus
128 3123 275 3187 certiores
303 3145 358 3187 vos
375 3126 410 3188 de
432 3135 493 3188 tote
512 3145 545 3188 ro
565 3125 680 3204 lacere,
712 3145 770 3187 uon
788 3145 829 3187 ex
845 3121 882 3186 iis
898 3121 992 3186 solum
1016 3121 1214 3186 communion·

58 3223 132 3288 toriis
149 3223 247 3290 literis
263 3247 368 3312 quasa
388 3225 560 3291 beatissimo
577 3249 650 3313 pepo
673 3225 839 3290 Atlmnnsio
855 3224 890 3288 ud
909 3247 964 3288 nos
986 3225 1113 3310 scriptas
1130 3221 1213 3286 verbis
1295 3293 1301 3303 ,

58 3329 249 3408 ostendimus,
291 3349 393 3392 rerum
418 3329 506 3393 etium
528 3351 567 3394 ex
590 3329 652 3414 ipsa
675 3327 861 3414 prolessiouo
887 3338 989 3391 nostra
1014 3326 1095 3392 lrisee
1121 3324 1214 3390 literis

57 3446 213 3512 expressa,
244 3443 277 3496 ut
299 3432 367 3496 illud
388 3431 610 3518 intelligeretis,
643 3431 712 3494 nihil
733 3452 787 3494 uros
813 3449 908 3516 sueque
925 3429 1036 3494 sentire
1054 3429 1139 3492 modo
1160 3447 1215 3490 neo

58 3550 175 3616 unquam
194 3533 328 3598 sensisse
346 3535 423 3619 quod
442 3533 478 3597 nb
496 3534 627 3620 generali
648 3543 677 3596 ot
694 3533 893 3598 eeclesiastico
913 3532 978 3596 lidci
998 3531 1116 3616 regulo,
1140 3548 1215 3614 pune

58 3630 83 3695 in
100 3633 238 3700 Nicaeum
255 3637 371 3722 synodo
386 3636 545 3700 eorrstituts
564 3647 628 3716 ost,
658 3635 852 3717 abhorreret,
883 3658 970 3722 quom
996 3657 1050 3698 nos
1071 3655 1122 3720 pro
1144 3629 1215 3693 riri·

60 3732 106 3800 lus
121 3738 257 3824 amplecti
274 3737 454 3824 profitemur,
478 3749 509 3802 et
524 3760 576 3804 eos
593 3739 781 3804 arinthemute
797 3741 969 3804 domuomus
985 3737 1033 3823 quui
1050 3745 1216 3800 creaturum

61 3857 118 3902 esse
141 3842 277 3929 spiritum
300 3853 433 3906 sunctum
459 3853 615 3921 asserunt,
646 3846 698 3906 sed
718 3853 749 3907 et
765 3841 907 3906 Arionem
925 3840 1090 3915 lueresim,
1114 3846 1145 3900 et
1159 3831 1217 3898 So·

61 3937 150 4022 lollii,
173 3967 210 4008 ae
225 3941 361 4023 Plotini,
385 3941 529 4030 Punliquo
545 3942 752 4024 Sumosnteni,
787 3966 845 4010 uno
861 3965 926 4009 cnm
947 3943 982 4006 iis
999 3941 1046 4028 qni
1065 3936 1218 4003 sanctissi-

63 4063 128 4108 mam
146 4047 307 4112 trinitatem
336 4055 397 4112 tres
421 4067 489 4112 esse
506 4067 649 4132 personas
666 4058 792 4132 rrcgsnt,
826 4048 913 4112 nullis
940 4043 1074 4109 terminis
1092 4037 1217 4105 circnm-

64 4147 196 4234 scriptos,
228 4147 445 4232 subsistentes,
475 4149 759 4229 cousubstantiales,
783 4161 980 4225 coaeternus,
1005 4157 1036 4210 et
1057 4144 1217 4232 periectos.

94 4385 204 4452 ἀῑααα
225 4389 270 4444 ταῦ
293 4371 396 4457 (ααιαατ
412 4387 458 4442 αη
483 4389 535 4442 em.
554 4389 614 4458 ιαα)
683 4388 708 4440 a.
726 4386 870 4449 rannone
884 4389 937 4440 ααα
955 4387 1055 4452 anon.
1072 4365 1220 4456 ααααῗααι

66 4457 209 4578 eaduardi.
227 4553 258 4566 -
287 4525 307 4578 l.
327 4521 453 4594 Edpusito
463 4527 514 4578 rod.
527 4527 624 4592 Rdedlp.
652 4459 716 4579 md.
734 4519 768 4580 δι’
785 4517 802 4578 ii
817 4527 857 4576 ed.
871 4527 949 4590 prins·

113 4607 198 4666 Corpus
209 4607 348 4655 maest.
362 4607 392 4656 ll.
405 4611 428 4656 Ι.
998 4615 1018 4676 5
