3066 5016
311 355 374 426 442
735 373 1049 427 οιυοτιυειειιιυιι

310 489 343 556 τά
359 497 421 556 πᾶν
434 491 519 556 έστιν
534 489 639 573 ἀσεβές
657 493 707 556 καί
724 491 882 571 άθέιιιτον,
914 489 1113 574 ἠλλοιωμένον
1131 487 1191 556 dm}
1206 497 1261 558 τοῦ
1279 488 1467 575 κηρύγματος

309 599 364 658 τοῦ
376 587 464 679 άγίου
475 591 654 676 πνεύματος·
677 591 748 670 ι’ίςτε
760 589 837 660 εἶναι
850 589 884 659 τδ
898 601 959 660 πᾶν
973 591 1144 677 διαβολικδν
1153 595 1300 679 ένέργημα
1314 594 1366 658 καί
1381 590 1468 658 παιά-

309 721 401 778 μαιος
420 693 599 780 ἀκαθάρτου
622 698 803 761 διδασκαλία.
849 701 1022 780 Πληροῦται
1045 693 1102 782 γάρ
1125 696 1178 761 καλ
1203 698 1252 761 έπί
1276 695 1407 772 τούτους
1427 693 1468 772 τά,

307 793 540 882 Ἀποστήσονταί
560 822 638 874 τινες
659 805 713 881 τῆς
726 795 831 884 ῦγιοῦς
846 801 1052 876 διδασκαλίας,
1082 799 1271 881 προςέγοντες
1286 799 1404 881 μύθοις
1421 799 1469 862 καί

308 904 512 977 διδασκαλίαις
526 905 696 984 δαιμονίων.
730 899 873 966 Ἔσονται
886 898 958 986 γάρ,
981 902 1072 983 φησί,
1094 907 1211 986 νεκροῖς
1226 897 1470 986 λατρτῦαντεςιές

308 1004 360 1068 καί
382 1005 414 1068 έν
434 1009 476 1092 τῷ
493 1002 611 1088 Ἰσραήλ
633 1001 846 1087 έσεβάσθησαν.
891 1005 953 1068 Καί
974 998 995 1084 ἧ
1016 1008 1075 1068 τῦν
1095 999 1189 1087 άγίαν
1208 999 1284 1068 κατά
1301 1000 1414 1087 καιρδν
1431 1005 1470 1078 είς

308 1104 383 1171 θεδν
399 1104 472 1185 δόξα
487 1103 585 1182 άλλοις
598 1107 699 1192 γέγονε
715 1114 779 1182 τοῖς
795 1104 837 1190 μὴ
857 1101 948 1190 δρῶσι
963 1101 1018 1188 τέρν
1032 1102 1177 1188 άλήθειαν
1194 1107 1236 1181 είς
1248 1101 1374 1187 πλάνην.

171 1329 238 1398 Κεφ.
257 1328 307 1388 κε’.
391 1309 443 1376 Ἑν
458 1310 514 1398 γάρ
530 1315 684 1394 Σικίμοις,
707 1311 856 1376 τουτέστιν
870 1312 902 1376 έν
916 1315 952 1400 τῇ
968 1311 1036 1376 νυνί
1052 1308 1208 1384 Νεαπόλει,
1231 1313 1340 1386 θυσίας
1357 1311 1397 1374 ολ
1411 1311 1472 1376 έπε-

307 1412 410 1498 γοίριοι
427 1421 559 1480 τελοῦσιν
573 1417 615 1490 είς
632 1411 728 1496 ὄνομα
744 1420 797 1494 τῆς
812 1413 921 1496 κάρης,
944 1417 1041 1495 δῆθεν
1058 1415 1090 1478 έτ
1109 1411 1289 1494 προφάσεως
1302 1419 1354 1495 τῆς
1372 1421 1472 1498 θαγα
1528 1437 1529 1456 ¹

308 1515 377 1601 τρδς
389 1513 519 1596 Ἰεφθάε,
541 1524 595 1599 τῆς
610 1541 682 1581 ποτε
697 1520 962 1600 ιπροςενεχθείσης
975 1521 1017 1604 τῷ
1032 1519 1098 1604 θεῷ
1113 1519 1157 1591 είς
1172 1520 1318 1592 ’θυσίαη
1338 1516 1395 1580 καλ
1410 1525 1472 1591 τοῖς

307 1619 508 1702 ίρπατημένοις
522 1625 610 1684 τοῦτο
626 1620 744 1704 γέγονεν
758 1619 799 1694 είς
813 1615 928 1700 βλάβην
945 1620 1181 1702 είδαλολοιτριίας
1192 1619 1243 1683 καλ
1256 1622 1472 1702 καιολατρείας.

307 1719 391 1786 ΙΑλλά
412 1723 463 1786 καί
482 1719 537 1804 τήν
559 1723 713 1806 θυγατέρα
727 1727 781 1785 τοῦ
800 1717 912 1803 Φαραοί
934 1719 1099 1802 τιμάσασαν
1122 1717 1176 1785 τδν
1193 1723 1299 1785 δαῦλον
1319 1725 1374 1784 τοῦ
1393 1725 1473 1785 θεοῦ

309 1825 454 1904 Μαῦσέα,
476 1821 656 1906 άνελομένην
670 1847 701 1888 τε
715 1824 765 1888 καί
782 1821 1012 1906 άναθρέψαααν,
1035 1820 1086 1888 διαί
1100 1819 1133 1888 τδ
1149 1827 1319 1907 περίφημον
1333 1819 1403 1886 τδτε
1419 1829 1473 1887 τοῦ
1529 1847 1530 1864 ι

307 1929 430 1992 παιδίου
453 1921 527 2010 ῦπέρ
548 1923 582 1991 τά
606 1927 676 1991 δέον
697 1923 870 2008 τιμήσαντες
887 1923 1047 2010 Λέγῦπτιοι
1071 1922 1138 1991 α’ντλ
1155 1932 1231 1991 θεοῦ
1251 1925 1300 1990 καί
1319 1929 1413 1989 ταῦτα
1433 1927 1474 2000 είς
1529 1913 1530 1918 ¹

306 2025 403 2111 κακὴν
430 2029 596 2114 παράδοσιν
622 2036 686 2104 τοῖς
710 2026 850 2111 ἀνοήτοις
876 2029 1055 2112 παρέδωκαν
1087 2029 1154 2104 ἐίς
1181 2029 1353 2113 θρησκείαν.
1412 2029 1473 2090 Καί

306 2138 507 2216 προςκυνοῦσι
521 2129 577 2214 τὴν
593 2131 758 2214 Θέρμοντιν
772 2128 827 2213 τὴν
841 2132 994 2215 θυγατέρα
1006 2138 1062 2196 τοῦ
1075 2127 1213 2211 ’Λμενιδφ
1228 2131 1285 2205 έοις
1298 2127 1364 2194 ιῦττ
1382 2133 1474 2194 *Φα-
1530 2171 1531 2202 ι

307 2231 384 2318 ραῦ,
405 2233 522 2317 έπειδή,
553 2230 595 2309 οίς
611 2241 773 2318 προεῖπον,
803 2229 1022 2318 άνέθρεψετδν
1038 2233 1184 2298 Μοιῦσέα.
1228 2228 1399 2296 Καλπολλά
1415 2255 1474 2296 τοι·
1530 2221 1531 2230 ¹

307 2343 381 2400 αὕτα
405 2334 494 2419 δμαια
517 2337 634 2422 γέγονεν
656 2336 690 2400 έν
710 2333 813 2423 κάσμρι
835 2337 877 2410 είς
897 2333 1011 2418 πλάνην
1029 2341 1090 2400 νῦν
1107 2332 1317 2418 ἠπατημένον,
1351 2330 1392 2398 οῦ
1417 2339 1474 2399 τᾶν

305 2435 399 2525 άγίοιν
415 2441 516 2504 αἰτίαν
532 2435 628 2504 άντων
640 2439 717 2503 τισίν
730 2439 773 2513 είς
788 2435 982 2520 πράςκομμα,
1005 2443 1057 2520 τῆς
1073 2440 1209 2512 διανοίας
1224 2441 1284 2502 τῦν
1298 2433 1474 2520 άνθραάποι

305 2539 347 2624 μη
364 2538 547 2625 ἠρεμούσης,
578 2537 637 2604 ἄλλ’
656 2541 705 2604 έπί
721 2537 758 2604 τά
780 2536 897 2623 πονηρά
917 2541 1140 2623 ἐκτρεπομένης.
1174 2537 1263 2604 Ἤτοι
1279 2537 1338 2624 γάρ
1354 2535 1473 2606 α’κέθα·

304 2640 391 2726 νενῆ
411 2639 480 2728 άγία
496 2643 665 2726 παρθένος,
687 2643 739 2707 καλ
754 2644 917 2720 τέθαπται,
942 2643 999 2707 ’έν
1017 2649 1087 2731 τιμῇ
1101 2639 1195 2724 αῦτῆς
1212 2637 1399 2724 ἦκοίμησις,
1423 2641 1473 2706 ατί

305 2747 338 2810 έν
356 2741 459 2834 άγνείρι
483 2741 652 2828 ἡτελεατὴ,
682 2746 734 2808 καί
753 2746 786 2809 έν
808 2747 958 2832 παρθενίην
986 2741 1178 2825 δστέφανος.
1211 2740 1299 2808 Ἤτοι
1321 2739 1474 2834 άνηρέθη,

305 2844 411 2924 καθαίς
424 2849 592 2934 γέγραπται,
611 2847 670 2911 Καί
681 2844 736 2929 τήν
750 2845 851 2929 ψυχήν
864 2843 958 2929 αῦτῆς
969 2847 1145 2912 διιλιῦσεται
1160 2849 1308 2932 ῥομφαία·
1328 2847 1385 2912 *έν
1399 2847 1475 2933 μάρ-

305 2971 389 3016 τυσιν
411 2946 503 3031 αῦτῆς
521 2946 554 3014 τά
573 2949 672 3026 κλέος,
702 2950 752 3014 καί
771 2951 803 3014 έν
820 2958 1017 3033 μακαρισμοῖς
1031 2947 1065 3014 τῦ
1086 2948 1171 3034 δι’γιον
1185 2947 1278 3031 αῦτῆς
1300 2956 1408 3032 θῦμα,
1440 2947 1476 3014 δι’

304 3045 342 3135 ἧς
359 3060 427 3134 φῦς
448 3049 572 3118 άνίτειλε
592 3059 634 3141 τῷ
655 3050 767 3141 κόσμῳ.
802 3051 891 3116 Ἤτοι
907 3052 941 3116 δέ
956 3054 1060 3133 έμεινε.
1106 3053 1166 3116 Καί
1187 3048 1243 3136 γάρ
1261 3047 1320 3116 οῦκ
1334 3050 1478 3117 &amni

304 3159 346 3244 τῷ
363 3161 427 3244 θιρλ
450 3152 546 3220 πάντα
570 3162 668 3220 ποιεῖν
685 3153 799 3238 ὅσαπερ
821 3152 965 3238 βούλεται.
1014 3152 1055 3219 Τά
1080 3155 1162 3229 τέλος
1183 3152 1240 3238 γάρ
1257 3150 1356 3235 αὐτῆς
1375 3151 1476 3228 οῦδιλς

305 3260 388 3342 έγνα.
436 3258 520 3339 Πέρα
542 3263 596 3321 τοῦ
618 3257 738 3332 δέοντος
755 3255 792 3321 οῦ
807 3255 862 3342 χρὴ
882 3263 971 3338 τιμᾶν
991 3251 1065 3332 τοῦς
1082 3253 1200 3342 άγίονς,
1222 3251 1296 3320 άλλά
1312 3263 1408 3338 τιμάν
1426 3255 1476 3322 τδτ

306 3358 407 3424 αῦτῦν
433 3357 588 3441 δισπάτην.
645 3357 822 3425 Παυσάσθω
850 3361 953 3424 τοίνυν
973 3354 994 3439 ἡ
1015 3357 1113 3441 πλάνη
1141 3365 1201 3424 νῦν
1228 3361 1475 3442 πεπλανημένοι.

163 3485 214 3536 m.
232 3476 289 3522 ιιιε.
309 3458 388 3526 Οῦττ
404 3458 460 3546 γάρ
475 3458 548 3536 θεάς
568 3458 591 3542 ἡ
609 3467 729 3545 Μαρία,
763 3459 831 3527 οὔτε
846 3457 900 3525 ἄπ’
914 3457 1046 3545 οῦρανοῦ
1062 3459 1217 3544 ίχαυσατδ
1230 3465 1334 3542 σῶμα,
1366 3459 1476 3527 ἄλλ’έτ

304 3559 477 3646 συλλήψεως
492 3561 604 3647 άνδρδς
619 3566 669 3629 καλ
686 3561 843 3649 γυναικδς,
865 3561 929 3626 κατ’
944 3565 1120 3648 έπαγγτλίαν
1136 3564 1184 3642 δέ,
1213 3559 1312 3646 ὅςπερ
1330 3560 1476 3642 dms,

304 3669 545 3749 οίκονομηθεῖοα.
592 3667 652 3731 Καί
677 3667 781 3750 μηδείς
805 3669 849 3742 τίς
871 3663 966 3748 ὄνομα
992 3663 1102 3748 ταύτης
1124 3666 1332 3751 προςφερέτα,
1365 3668 1478 3732 έααταῦ

303 3767 361 3854 γάρ
376 3767 430 3851 τήν
443 3766 544 3850 ψυχὴν
561 3765 708 3845 ίάπδλλει,
732 3767 804 3852 μήτε
817 3766 906 3834 πάλιν
917 3770 1131 3852 έμπαροινείτοι
1144 3771 1303 3852 ἐξυβρίζων
1316 3766 1374 3850 τη“ν
1388 3766 1479 3854 άγίακ

304 3873 472 3954 παρθένον·
495 3869 536 3954 μή
553 3869 609 3956 γάρ
624 3871 756 3955 γένοιτο,
779 3869 817 3937 οῦ
832 3869 980 3953 συνήφθη
997 3875 1085 3954 σαρκί
1101 3869 1174 3953 μετά
1191 3869 1246 3953 τὴν
1260 3869 1382 3953 κῦησιν,
1407 3869 1478 3937 αῦδέ

303 3972 362 4059 πρδ
384 3981 438 4058 τῆς
459 3971 591 4056 κυήσεως
612 3979 666 4038 τοῦ
688 3981 829 4058 σωτῆρος.

164 4395 289 4468 mxi.
392 4384 451 4447 Καί
469 4389 562 4449 ταῦτα
587 4385 640 4466 μέν
663 4381 701 4448 τά
725 4381 809 4469 άλίγα
825 4384 867 4458 τίς
888 4380 1014 4459 έαυτοῦς
1031 4383 1282 4465 διασκοπιίσαντις
1296 4379 1479 4466 έγράψαμιν

340 4535 400 4588 cn.
419 4539 518 4588 xxiv.
540 4567 567 4578 -
613 4541 634 4590 ί.
658 4539 872 4608 πραςανιχθτλοης
907 4541 971 4591 ιδιλλ

304 4605 372 4656 αυδιλ
389 4620 443 4656 ιιιιι.
459 4611 480 4656 ιί
496 4609 550 4656 edit.
564 4611 639 4668 ρτίιιο.
937 4607 962 4656 3.
980 4611 1087 4658 Formae
1103 4605 1148 4660 καὶ
1166 4605 1202 4666 τίς
1219 4607 1258 4671 ἕρ.

337 4675 362 4728 ’λ-
382 4672 471 4727 aucta*
485 4675 554 4726 νοδδ.
571 4689 625 4728 ιιιιι.
641 4680 741 4742 νίεεριιι.
777 4675 868 4738 θυσίας
937 4679 960 4725 ⁴.
978 4676 1023 4729 τοῦ
1041 4672 1140 4747 Φαραολ
1156 4679 1287 4740 ινιρέοαίιιι
1299 4680 1335 4728 τιί
1350 4678 1477 4732 Pam.
