<?xml version="1.0" encoding="UTF-8"?>
<!DOCTYPE html PUBLIC "-//W3C//DTD XHTML 1.0 Transitional//EN"
    "http://www.w3.org/TR/xhtml1/DTD/xhtml1-transitional.dtd">
<html xmlns="http://www.w3.org/1999/xhtml" xml:lang="en" lang="en">
 <head>
  <title>
</title>
<meta http-equiv="Content-Type" content="text/html;charset=utf-8" />
  <meta name='ocr-system' content='tesseract 3.04.00' />
  <meta name='ocr-capabilities' content='ocr_page ocr_carea ocr_par ocr_line ocrx_word'/>
</head>
<body>
  <div class='ocr_page' id='page_1' title='image "./corporishaerese00oehlgoog/corporishaerese00oehlgoog_0188.png"; bbox 0 0 3058 5014; ppageno 0'>
   <div class='ocr_carea' id='block_1_1' title="bbox 276 288 1179 363">
    <p class='ocr_par' dir='ltr' id='par_1_1' title="bbox 276 288 1179 363">
     <span class='ocr_line' id='line_1_1' title="bbox 276 288 1179 363; baseline 0.006 -6"><span class='ocrx_word' id='word_1_1' title='bbox 276 305 415 359; x_wconf 80' lang='lat' dir='ltr'>annuant</span> <span class='ocrx_word' id='word_1_2' title='bbox 433 305 497 358; x_wconf 78' lang='lat' dir='ltr'>uun.</span> <span class='ocrx_word' id='word_1_3' title='bbox 509 305 555 360; x_wconf 89' lang='lat' dir='ltr'>ttt.</span> <span class='ocrx_word' id='word_1_4' title='bbox 571 305 653 360; x_wconf 82' lang='lat' dir='ltr'>nont.</span> <span class='ocrx_word' id='word_1_5' title='bbox 667 307 686 359; x_wconf 90' lang='lat' dir='ltr'>t.</span> <span class='ocrx_word' id='word_1_6' title='bbox 704 309 806 362; x_wconf 82' lang='lat' dir='ltr'>nana.</span> <span class='ocrx_word' id='word_1_7' title='bbox 817 305 926 361; x_wconf 74' lang='lat' dir='ltr'>dxxv.</span> <span class='ocrx_word' id='word_1_8' title='bbox 1118 288 1179 363; x_wconf 80' lang='lat' dir='ltr'>tut</span> 
     </span>
    </p>
   </div>
   <div class='ocr_carea' id='block_1_2' title="bbox 44 422 1219 1331">
    <p class='ocr_par' dir='ltr' id='par_1_2' title="bbox 44 422 1219 1331">
     <span class='ocr_line' id='line_1_2' title="bbox 48 422 1180 512; baseline 0.009 -27"><span class='ocrx_word' id='word_1_9' title='bbox 48 422 373 506; x_wconf 65' lang='lat' dir='ltr'>consubstantialitatem,</span> <span class='ocrx_word' id='word_1_10' title='bbox 397 427 428 490; x_wconf 91' lang='lat' dir='ltr'>in</span> <span class='ocrx_word' id='word_1_11' title='bbox 445 427 574 512; x_wconf 85' lang='lat' dir='ltr'>ponieota</span> <span class='ocrx_word' id='word_1_12' title='bbox 590 427 666 506; x_wconf 90' lang='lat' dir='ltr'>tnia,</span> <span class='ocrx_word' id='word_1_13' title='bbox 690 429 742 493; x_wconf 89' lang='lat' dir='ltr'>sed</span> <span class='ocrx_word' id='word_1_14' title='bbox 760 449 847 493; x_wconf 90' lang='lat' dir='ltr'>uuam</span> <span class='ocrx_word' id='word_1_15' title='bbox 865 427 1067 509; x_wconf 85' lang='lat' dir='ltr'>diuinitatem,</span> <span class='ocrx_word' id='word_1_16' title='bbox 1093 451 1180 495; x_wconf 87' lang='lat' dir='ltr'>unam</span> 
     </span>
     <span class='ocr_line' id='line_1_3' title="bbox 47 524 1178 616; baseline 0.01 -29"><span class='ocrx_word' id='word_1_17' title='bbox 47 524 233 607; x_wconf 80' lang='lat' dir='ltr'>substantiam,</span> <span class='ocrx_word' id='word_1_18' title='bbox 258 549 345 592; x_wconf 88' lang='lat' dir='ltr'>unam</span> <span class='ocrx_word' id='word_1_19' title='bbox 363 529 505 616; x_wconf 80' lang='lat' dir='ltr'>glorium,</span> <span class='ocrx_word' id='word_1_20' title='bbox 529 529 756 594; x_wconf 80' lang='lat' dir='ltr'>dominationem</span> <span class='ocrx_word' id='word_1_21' title='bbox 771 553 877 610; x_wconf 90' lang='lat' dir='ltr'>unam,</span> <span class='ocrx_word' id='word_1_22' title='bbox 908 531 983 615; x_wconf 88' lang='lat' dir='ltr'>quod</span> <span class='ocrx_word' id='word_1_23' title='bbox 1000 551 1054 596; x_wconf 88' lang='lat' dir='ltr'>eae</span> <span class='ocrx_word' id='word_1_24' title='bbox 1074 553 1178 614; x_wconf 82' lang='lat' dir='ltr'>voees,</span> 
     </span>
     <span class='ocr_line' id='line_1_4' title="bbox 48 629 1219 718; baseline 0.008 -31"><span class='ocrx_word' id='word_1_25' title='bbox 48 629 186 704; x_wconf 66' lang='lat' dir='ltr'>dominas,</span> <span class='ocrx_word' id='word_1_26' title='bbox 219 639 249 690; x_wconf 83' lang='lat' dir='ltr'>et</span> <span class='ocrx_word' id='word_1_27' title='bbox 272 633 433 708; x_wconf 71' lang='lat' dir='ltr'>Credimus,</span> <span class='ocrx_word' id='word_1_28' title='bbox 467 644 499 694; x_wconf 85' lang='lat' dir='ltr'>et</span> <span class='ocrx_word' id='word_1_29' title='bbox 520 635 666 696; x_wconf 71' lang='lat' dir='ltr'>credonis</span> <span class='ocrx_word' id='word_1_30' title='bbox 686 633 848 697; x_wconf 86' lang='lat' dir='ltr'>deolnnant.</span> <span class='ocrx_word' id='word_1_31' title='bbox 912 632 960 696; x_wconf 78' lang='lat' dir='ltr'>lix</span> <span class='ocrx_word' id='word_1_32' title='bbox 984 655 1043 718; x_wconf 88' lang='lat' dir='ltr'>qno</span> <span class='ocrx_word' id='word_1_33' title='bbox 1066 635 1184 699; x_wconf 90' lang='lat' dir='ltr'>illonum</span> <span class='ocrx_word' id='word_1_34' title='bbox 1217 686 1219 696; x_wconf 84' lang='lat'>.</span> 
     </span>
     <span class='ocr_line' id='line_1_5' title="bbox 46 731 1184 822; baseline 0.007 -30"><span class='ocrx_word' id='word_1_35' title='bbox 46 731 191 794; x_wconf 87' lang='lat' dir='ltr'>oonlutatun</span> <span class='ocrx_word' id='word_1_36' title='bbox 205 731 312 796; x_wconf 78' lang='lat' dir='ltr'>oratio.</span> <span class='ocrx_word' id='word_1_37' title='bbox 358 731 436 818; x_wconf 79' lang='lat' dir='ltr'>Quid</span> <span class='ocrx_word' id='word_1_38' title='bbox 453 743 550 800; x_wconf 84' lang='lat' dir='ltr'>autem</span> <span class='ocrx_word' id='word_1_39' title='bbox 569 736 598 799; x_wconf 92' lang='lat' dir='ltr'>in</span> <span class='ocrx_word' id='word_1_40' title='bbox 615 755 649 800; x_wconf 89' lang='lat' dir='ltr'>ea</span> <span class='ocrx_word' id='word_1_41' title='bbox 665 755 729 800; x_wconf 90' lang='lat' dir='ltr'>sum</span> <span class='ocrx_word' id='word_1_42' title='bbox 742 735 936 822; x_wconf 85' lang='lat' dir='ltr'>disputatione</span> <span class='ocrx_word' id='word_1_43' title='bbox 950 736 1085 820; x_wconf 79' lang='lat' dir='ltr'>longior,</span> <span class='ocrx_word' id='word_1_44' title='bbox 1117 757 1184 800; x_wconf 90' lang='lat' dir='ltr'>oum</span> 
     </span>
     <span class='ocr_line' id='line_1_6' title="bbox 47 834 1184 922; baseline 0.005 -27"><span class='ocrx_word' id='word_1_45' title='bbox 47 853 107 914; x_wconf 82' lang='lat' dir='ltr'>quae</span> <span class='ocrx_word' id='word_1_46' title='bbox 121 835 261 901; x_wconf 79' lang='lat' dir='ltr'>adsensus</span> <span class='ocrx_word' id='word_1_47' title='bbox 276 837 350 902; x_wconf 85' lang='lat' dir='ltr'>istos</span> <span class='ocrx_word' id='word_1_48' title='bbox 364 837 515 922; x_wconf 87' lang='lat' dir='ltr'>hueusque</span> <span class='ocrx_word' id='word_1_49' title='bbox 531 838 608 902; x_wconf 90' lang='lat' dir='ltr'>diota</span> <span class='ocrx_word' id='word_1_50' title='bbox 624 847 693 910; x_wconf 87' lang='lat' dir='ltr'>sunt</span> <span class='ocrx_word' id='word_1_51' title='bbox 714 834 851 902; x_wconf 82' lang='lat' dir='ltr'>ueritatis</span> <span class='ocrx_word' id='word_1_52' title='bbox 865 837 1005 903; x_wconf 77' lang='lat' dir='ltr'>studiosis</span> <span class='ocrx_word' id='word_1_53' title='bbox 1022 837 1094 902; x_wconf 84' lang='lat' dir='ltr'>sotis</span> <span class='ocrx_word' id='word_1_54' title='bbox 1116 857 1184 903; x_wconf 86' lang='lat' dir='ltr'>esse</span> 
     </span>
     <span class='ocr_line' id='line_1_7' title="bbox 45 935 1182 1024; baseline 0.006 -27"><span class='ocrx_word' id='word_1_55' title='bbox 45 955 92 1000; x_wconf 91' lang='lat' dir='ltr'>uon</span> <span class='ocrx_word' id='word_1_56' title='bbox 108 938 252 1004; x_wconf 71' lang='lat' dir='ltr'>dubitem?</span> <span class='ocrx_word' id='word_1_57' title='bbox 295 935 443 1024; x_wconf 82' lang='lat' dir='ltr'>Quooinoa</span> <span class='ocrx_word' id='word_1_58' title='bbox 459 941 579 1006; x_wconf 85' lang='lat' dir='ltr'>missam</span> <span class='ocrx_word' id='word_1_59' title='bbox 598 949 629 1005; x_wconf 90' lang='lat' dir='ltr'>et</span> <span class='ocrx_word' id='word_1_60' title='bbox 647 941 721 1005; x_wconf 82' lang='lat' dir='ltr'>hane</span> <span class='ocrx_word' id='word_1_61' title='bbox 738 939 883 1005; x_wconf 84' lang='lat' dir='ltr'>haeresim</span> <span class='ocrx_word' id='word_1_62' title='bbox 902 941 1026 1020; x_wconf 85' lang='lat' dir='ltr'>inuiam,</span> <span class='ocrx_word' id='word_1_63' title='bbox 1051 951 1081 1005; x_wconf 86' lang='lat' dir='ltr'>et</span> <span class='ocrx_word' id='word_1_64' title='bbox 1096 941 1182 1004; x_wconf 91' lang='lat' dir='ltr'>deum</span> 
     </span>
     <span class='ocr_line' id='line_1_8' title="bbox 46 1039 1185 1129; baseline 0.004 -29"><span class='ocrx_word' id='word_1_65' title='bbox 46 1039 183 1122; x_wconf 82' lang='lat' dir='ltr'>pueoalnou,</span> <span class='ocrx_word' id='word_1_66' title='bbox 207 1052 242 1106; x_wconf 93' lang='lat' dir='ltr'>nt</span> <span class='ocrx_word' id='word_1_67' title='bbox 257 1041 291 1105; x_wconf 91' lang='lat' dir='ltr'>ad</span> <span class='ocrx_word' id='word_1_68' title='bbox 311 1061 413 1106; x_wconf 87' lang='lat' dir='ltr'>omnes</span> <span class='ocrx_word' id='word_1_69' title='bbox 427 1041 570 1107; x_wconf 85' lang='lat' dir='ltr'>eiusmodi</span> <span class='ocrx_word' id='word_1_70' title='bbox 587 1043 786 1128; x_wconf 76' lang='lat' dir='ltr'>prodigendos</span> <span class='ocrx_word' id='word_1_71' title='bbox 800 1063 886 1129; x_wconf 88' lang='lat' dir='ltr'>opem</span> <span class='ocrx_word' id='word_1_72' title='bbox 902 1042 987 1107; x_wconf 87' lang='lat' dir='ltr'>nobis</span> <span class='ocrx_word' id='word_1_73' title='bbox 1004 1041 1127 1121; x_wconf 76' lang='lat' dir='ltr'>afferat,</span> <span class='ocrx_word' id='word_1_74' title='bbox 1151 1052 1185 1105; x_wconf 90' lang='lat' dir='ltr'>ut</span> 
     </span>
     <span class='ocr_line' id='line_1_9' title="bbox 44 1139 1184 1231; baseline 0.007 -31"><span class='ocrx_word' id='word_1_75' title='bbox 44 1139 107 1205; x_wconf 87' lang='lat' dir='ltr'>illius</span> <span class='ocrx_word' id='word_1_76' title='bbox 128 1143 236 1208; x_wconf 84' lang='lat' dir='ltr'>nintute</span> <span class='ocrx_word' id='word_1_77' title='bbox 258 1141 327 1207; x_wconf 82' lang='lat' dir='ltr'>laeti</span> <span class='ocrx_word' id='word_1_78' title='bbox 348 1145 425 1228; x_wconf 93' lang='lat' dir='ltr'>quod</span> <span class='ocrx_word' id='word_1_79' title='bbox 442 1142 626 1231; x_wconf 81' lang='lat' dir='ltr'>suscepimus</span> <span class='ocrx_word' id='word_1_80' title='bbox 649 1146 774 1231; x_wconf 80' lang='lat' dir='ltr'>exequi,</span> <span class='ocrx_word' id='word_1_81' title='bbox 809 1146 893 1210; x_wconf 90' lang='lat' dir='ltr'>etin</span> <span class='ocrx_word' id='word_1_82' title='bbox 916 1144 1050 1210; x_wconf 88' lang='lat' dir='ltr'>omnibus</span> <span class='ocrx_word' id='word_1_83' title='bbox 1071 1142 1184 1230; x_wconf 84' lang='lat' dir='ltr'>gnatius</span> 
     </span>
     <span class='ocr_line' id='line_1_10' title="bbox 45 1240 314 1331; baseline 0.03 -29"><span class='ocrx_word' id='word_1_84' title='bbox 45 1240 134 1308; x_wconf 80' lang='lat' dir='ltr'>lobene</span> <span class='ocrx_word' id='word_1_85' title='bbox 154 1247 314 1331; x_wconf 86' lang='lat' dir='ltr'>possimus.</span> 
     </span>
    </p>
   </div>
   <div class='ocr_carea' id='block_1_3' title="bbox 82 1417 1130 1514">
    <p class='ocr_par' dir='ltr' id='par_1_3' title="bbox 82 1417 1130 1514">
     <span class='ocr_line' id='line_1_11' title="bbox 82 1417 1130 1514; baseline 0.004 -22"><span class='ocrx_word' id='word_1_86' title='bbox 82 1417 328 1496; x_wconf 75' lang='lat' dir='ltr'>ADVERSUS</span> <span class='ocrx_word' id='word_1_87' title='bbox 354 1417 551 1494; x_wconf 66' lang='lat' dir='ltr'>demunt.</span> <span class='ocrx_word' id='word_1_88' title='bbox 601 1417 870 1514; x_wconf 67' lang='lat' dir='ltr'>neoresium,</span> <span class='ocrx_word' id='word_1_89' title='bbox 894 1421 967 1498; x_wconf 81' lang='lat' dir='ltr'>siue</span> <span class='ocrx_word' id='word_1_90' title='bbox 989 1420 1130 1497; x_wconf 85' lang='lat' dir='ltr'>LXXV.</span> 
     </span>
    </p>
   </div>
   <div class='ocr_carea' id='block_1_4' title="bbox 36 1551 1332 4502">
    <p class='ocr_par' dir='ltr' id='par_1_4' title="bbox 36 1551 1332 4502">
     <span class='ocr_line' id='line_1_12' title="bbox 110 1551 1305 1639; baseline 0.003 -23"><span class='ocrx_word' id='word_1_91' title='bbox 110 1552 218 1617; x_wconf 71' lang='lat' dir='ltr'>Atinius</span> <span class='ocrx_word' id='word_1_92' title='bbox 241 1553 357 1639; x_wconf 88' lang='lat' dir='ltr'>quidam</span> <span class='ocrx_word' id='word_1_93' title='bbox 381 1553 493 1638; x_wconf 81' lang='lat' dir='ltr'>ingenti</span> <span class='ocrx_word' id='word_1_94' title='bbox 515 1551 636 1638; x_wconf 83' lang='lat' dir='ltr'>perinde</span> <span class='ocrx_word' id='word_1_95' title='bbox 660 1554 766 1618; x_wconf 93' lang='lat' dir='ltr'>damno</span> <span class='ocrx_word' id='word_1_96' title='bbox 785 1555 814 1618; x_wconf 90' lang='lat' dir='ltr'>iu</span> <span class='ocrx_word' id='word_1_97' title='bbox 834 1555 972 1620; x_wconf 90' lang='lat' dir='ltr'>mundum</span> <span class='ocrx_word' id='word_1_98' title='bbox 992 1555 1175 1620; x_wconf 84' lang='lat' dir='ltr'>intunduntus</span> <span class='ocrx_word' id='word_1_99' title='bbox 1205 1559 1267 1628; x_wconf 69' lang='lat' dir='ltr'>cip.</span> <span class='ocrx_word' id='word_1_100' title='bbox 1284 1562 1305 1614; x_wconf 87' lang='lat'>1.</span> 
     </span>
     <span class='ocr_line' id='line_1_13' title="bbox 43 1655 1177 1741; baseline 0.005 -27"><span class='ocrx_word' id='word_1_101' title='bbox 43 1664 92 1732; x_wconf 85' lang='lat' dir='ltr'>est,</span> <span class='ocrx_word' id='word_1_102' title='bbox 120 1655 203 1720; x_wconf 81' lang='lat' dir='ltr'>inuiis</span> <span class='ocrx_word' id='word_1_103' title='bbox 224 1655 394 1741; x_wconf 86' lang='lat' dir='ltr'>quibusdam</span> <span class='ocrx_word' id='word_1_104' title='bbox 421 1655 568 1740; x_wconf 80' lang='lat' dir='ltr'>percitus,</span> <span class='ocrx_word' id='word_1_105' title='bbox 602 1665 633 1720; x_wconf 88' lang='lat' dir='ltr'>et</span> <span class='ocrx_word' id='word_1_106' title='bbox 657 1657 814 1722; x_wconf 88' lang='lat' dir='ltr'>insolentia</span> <span class='ocrx_word' id='word_1_107' title='bbox 837 1657 977 1722; x_wconf 88' lang='lat' dir='ltr'>maionem</span> <span class='ocrx_word' id='word_1_108' title='bbox 1005 1657 1036 1722; x_wconf 89' lang='lat' dir='ltr'>iu</span> <span class='ocrx_word' id='word_1_109' title='bbox 1060 1658 1177 1722; x_wconf 91' lang='lat' dir='ltr'>modom</span> 
     </span>
     <span class='ocr_line' id='line_1_14' title="bbox 41 1755 1181 1845; baseline 0.007 -30"><span class='ocrx_word' id='word_1_110' title='bbox 41 1755 127 1822; x_wconf 89' lang='lat' dir='ltr'>olatno.</span> <span class='ocrx_word' id='word_1_111' title='bbox 171 1755 291 1823; x_wconf 84' lang='lat' dir='ltr'>Etenim</span> <span class='ocrx_word' id='word_1_112' title='bbox 313 1758 446 1823; x_wconf 79' lang='lat' dir='ltr'>haeresis</span> <span class='ocrx_word' id='word_1_113' title='bbox 468 1757 563 1822; x_wconf 88' lang='lat' dir='ltr'>omnis</span> <span class='ocrx_word' id='word_1_114' title='bbox 591 1757 721 1844; x_wconf 89' lang='lat' dir='ltr'>pessimo</span> <span class='ocrx_word' id='word_1_115' title='bbox 750 1780 791 1823; x_wconf 84' lang='lat' dir='ltr'>ex</span> <span class='ocrx_word' id='word_1_116' title='bbox 818 1780 920 1824; x_wconf 87' lang='lat' dir='ltr'>eunom</span> <span class='ocrx_word' id='word_1_117' title='bbox 951 1760 999 1845; x_wconf 87' lang='lat' dir='ltr'>qui</span> <span class='ocrx_word' id='word_1_118' title='bbox 1030 1759 1068 1824; x_wconf 88' lang='lat' dir='ltr'>ab</span> <span class='ocrx_word' id='word_1_119' title='bbox 1096 1759 1181 1824; x_wconf 88' lang='lat' dir='ltr'>initio</span> 
     </span>
     <span class='ocr_line' id='line_1_15' title="bbox 42 1860 1180 1948; baseline 0.007 -31"><span class='ocrx_word' id='word_1_120' title='bbox 42 1876 116 1941; x_wconf 85' lang='lat' dir='ltr'>uspno</span> <span class='ocrx_word' id='word_1_121' title='bbox 139 1860 278 1926; x_wconf 84' lang='lat' dir='ltr'>adfinem</span> <span class='ocrx_word' id='word_1_122' title='bbox 295 1861 458 1925; x_wconf 83' lang='lat' dir='ltr'>extiterunt</span> <span class='ocrx_word' id='word_1_123' title='bbox 472 1860 596 1925; x_wconf 89' lang='lat' dir='ltr'>oonsilio</span> <span class='ocrx_word' id='word_1_124' title='bbox 612 1862 761 1946; x_wconf 88' lang='lat' dir='ltr'>pnoleutae</span> <span class='ocrx_word' id='word_1_125' title='bbox 778 1871 864 1940; x_wconf 91' lang='lat' dir='ltr'>sunt,</span> <span class='ocrx_word' id='word_1_126' title='bbox 895 1861 959 1925; x_wconf 84' lang='lat' dir='ltr'>sive</span> <span class='ocrx_word' id='word_1_127' title='bbox 979 1861 1046 1927; x_wconf 89' lang='lat' dir='ltr'>illos</span> <span class='ocrx_word' id='word_1_128' title='bbox 1066 1862 1180 1948; x_wconf 81' lang='lat' dir='ltr'>gloriae</span> 
     </span>
     <span class='ocr_line' id='line_1_16' title="bbox 42 1960 1181 2050; baseline 0.008 -31"><span class='ocrx_word' id='word_1_129' title='bbox 42 1960 175 2043; x_wconf 86' lang='lat' dir='ltr'>eupiditas,</span> <span class='ocrx_word' id='word_1_130' title='bbox 200 1973 251 2027; x_wconf 91' lang='lat' dir='ltr'>aut</span> <span class='ocrx_word' id='word_1_131' title='bbox 264 1963 445 2048; x_wconf 75' lang='lat' dir='ltr'>arrogantia,</span> <span class='ocrx_word' id='word_1_132' title='bbox 468 1963 533 2028; x_wconf 83' lang='lat' dir='ltr'>sine</span> <span class='ocrx_word' id='word_1_133' title='bbox 546 1964 727 2050; x_wconf 86' lang='lat' dir='ltr'>voluptatum</span> <span class='ocrx_word' id='word_1_134' title='bbox 743 1963 844 2042; x_wconf 84' lang='lat' dir='ltr'>libido,</span> <span class='ocrx_word' id='word_1_135' title='bbox 864 1963 928 2029; x_wconf 88' lang='lat' dir='ltr'>aive</span> <span class='ocrx_word' id='word_1_136' title='bbox 944 1963 1066 2028; x_wconf 87' lang='lat' dir='ltr'>alionum</span> <span class='ocrx_word' id='word_1_137' title='bbox 1082 1985 1181 2028; x_wconf 91' lang='lat' dir='ltr'>aemu-</span> 
     </span>
     <span class='ocr_line' id='line_1_17' title="bbox 40 2059 1181 2151; baseline 0.008 -30"><span class='ocrx_word' id='word_1_138' title='bbox 40 2059 111 2140; x_wconf 86' lang='lat' dir='ltr'>latio,</span> <span class='ocrx_word' id='word_1_139' title='bbox 139 2063 205 2128; x_wconf 83' lang='lat' dir='ltr'>sive</span> <span class='ocrx_word' id='word_1_140' title='bbox 227 2065 384 2129; x_wconf 90' lang='lat' dir='ltr'>oommotio</span> <span class='ocrx_word' id='word_1_141' title='bbox 400 2066 541 2151; x_wconf 84' lang='lat' dir='ltr'>quaedam</span> <span class='ocrx_word' id='word_1_142' title='bbox 562 2067 667 2146; x_wconf 87' lang='lat' dir='ltr'>animi,</span> <span class='ocrx_word' id='word_1_143' title='bbox 698 2076 750 2130; x_wconf 89' lang='lat' dir='ltr'>ant</span> <span class='ocrx_word' id='word_1_144' title='bbox 771 2065 923 2129; x_wconf 82' lang='lat' dir='ltr'>temeritas</span> <span class='ocrx_word' id='word_1_145' title='bbox 946 2064 1104 2149; x_wconf 79' lang='lat' dir='ltr'>impulerit.</span> <span class='ocrx_word' id='word_1_146' title='bbox 1153 2067 1181 2130; x_wconf 85' lang='lat' dir='ltr'>tt</span> 
     </span>
     <span class='ocr_line' id='line_1_18' title="bbox 41 2161 1179 2258; baseline 0.005 -34"><span class='ocrx_word' id='word_1_147' title='bbox 41 2161 138 2228; x_wconf 80' lang='lat' dir='ltr'>diabolo</span> <span class='ocrx_word' id='word_1_148' title='bbox 157 2187 248 2251; x_wconf 81' lang='lat' dir='ltr'>poeno</span> <span class='ocrx_word' id='word_1_149' title='bbox 270 2167 365 2231; x_wconf 88' lang='lat' dir='ltr'>omnis</span> <span class='ocrx_word' id='word_1_150' title='bbox 382 2167 431 2232; x_wconf 91' lang='lat' dir='ltr'>illo</span> <span class='ocrx_word' id='word_1_151' title='bbox 446 2179 493 2233; x_wconf 88' lang='lat' dir='ltr'>est</span> <span class='ocrx_word' id='word_1_152' title='bbox 509 2168 618 2233; x_wconf 85' lang='lat' dir='ltr'>iudiete</span> <span class='ocrx_word' id='word_1_153' title='bbox 636 2169 784 2258; x_wconf 71' lang='lat' dir='ltr'>eaecitasp</span> <span class='ocrx_word' id='word_1_154' title='bbox 816 2189 875 2230; x_wconf 93' lang='lat' dir='ltr'>non</span> <span class='ocrx_word' id='word_1_155' title='bbox 894 2168 969 2253; x_wconf 91' lang='lat' dir='ltr'>quod</span> <span class='ocrx_word' id='word_1_156' title='bbox 989 2167 1036 2230; x_wconf 87' lang='lat' dir='ltr'>hio</span> <span class='ocrx_word' id='word_1_157' title='bbox 1056 2167 1179 2231; x_wconf 84' lang='lat' dir='ltr'>inunitunn</span> 
     </span>
     <span class='ocr_line' id='line_1_19' title="bbox 40 2267 1180 2356; baseline 0.004 -31"><span class='ocrx_word' id='word_1_158' title='bbox 40 2283 66 2327; x_wconf 91' lang='lat' dir='ltr'>uo</span> <span class='ocrx_word' id='word_1_159' title='bbox 79 2267 220 2334; x_wconf 86' lang='lat' dir='ltr'>uolentem</span> <span class='ocrx_word' id='word_1_160' title='bbox 236 2269 373 2354; x_wconf 85' lang='lat' dir='ltr'>deoipene</span> <span class='ocrx_word' id='word_1_161' title='bbox 385 2271 549 2356; x_wconf 83' lang='lat' dir='ltr'>quempiam</span> <span class='ocrx_word' id='word_1_162' title='bbox 565 2271 669 2356; x_wconf 88' lang='lat' dir='ltr'>possit,</span> <span class='ocrx_word' id='word_1_163' title='bbox 692 2272 744 2335; x_wconf 91' lang='lat' dir='ltr'>sed</span> <span class='ocrx_word' id='word_1_164' title='bbox 758 2271 834 2355; x_wconf 91' lang='lat' dir='ltr'>quod</span> <span class='ocrx_word' id='word_1_165' title='bbox 852 2268 1051 2354; x_wconf 85' lang='lat' dir='ltr'>unusquisque</span> <span class='ocrx_word' id='word_1_166' title='bbox 1067 2269 1180 2355; x_wconf 82' lang='lat' dir='ltr'>ponenti</span> 
     </span>
     <span class='ocr_line' id='line_1_20' title="bbox 41 2367 1296 2474; baseline 0.005 -46"><span class='ocrx_word' id='word_1_167' title='bbox 41 2367 83 2429; x_wconf 85' lang='lat' dir='ltr'>sibi</span> <span class='ocrx_word' id='word_1_168' title='bbox 102 2389 207 2435; x_wconf 86' lang='lat' dir='ltr'>oanssa</span> <span class='ocrx_word' id='word_1_169' title='bbox 221 2381 308 2456; x_wconf 84' lang='lat' dir='ltr'>atque</span> <span class='ocrx_word' id='word_1_170' title='bbox 327 2383 431 2436; x_wconf 89' lang='lat' dir='ltr'>aunton</span> <span class='ocrx_word' id='word_1_171' title='bbox 445 2373 503 2452; x_wconf 87' lang='lat' dir='ltr'>sit,</span> <span class='ocrx_word' id='word_1_172' title='bbox 536 2383 570 2436; x_wconf 84' lang='lat' dir='ltr'>ut</span> <span class='ocrx_word' id='word_1_173' title='bbox 584 2379 637 2455; x_wconf 84' lang='lat' dir='ltr'>pun&#39;</span> <span class='ocrx_word' id='word_1_174' title='bbox 651 2376 771 2455; x_wconf 81' lang='lat' dir='ltr'>probuti</span> <span class='ocrx_word' id='word_1_175' title='bbox 786 2385 869 2448; x_wconf 80' lang='lat' dir='ltr'>sunt,</span> <span class='ocrx_word' id='word_1_176' title='bbox 902 2373 1013 2457; x_wconf 90' lang='lat' dir='ltr'>iuquit,</span> <span class='ocrx_word' id='word_1_177' title='bbox 1037 2375 1183 2454; x_wconf 62' lang='lat' dir='ltr'>manufesti</span> <span class='ocrx_word' id='word_1_178' title='bbox 1205 2377 1229 2474; x_wconf 62' lang='lat'><strong>¹¹¹·</strong></span> <span class='ocrx_word' id='word_1_179' title='bbox 1243 2375 1296 2474; x_wconf 55' lang='lat' dir='ltr'>lips·</span> 
     </span>
     <span class='ocr_line' id='line_1_21' title="bbox 39 2459 1237 2560; baseline 0.003 -26"><span class='ocrx_word' id='word_1_180' title='bbox 39 2475 185 2536; x_wconf 73' lang='lat' dir='ltr'>redduntur.</span> <span class='ocrx_word' id='word_1_181' title='bbox 234 2472 343 2538; x_wconf 69' lang='lat' dir='ltr'>Atinius</span> <span class='ocrx_word' id='word_1_182' title='bbox 367 2476 422 2538; x_wconf 87' lang='lat' dir='ltr'>iste</span> <span class='ocrx_word' id='word_1_183' title='bbox 439 2497 511 2540; x_wconf 83' lang='lat' dir='ltr'>neno</span> <span class='ocrx_word' id='word_1_184' title='bbox 536 2476 572 2539; x_wconf 95' lang='lat' dir='ltr'>ad</span> <span class='ocrx_word' id='word_1_185' title='bbox 591 2475 764 2539; x_wconf 79' lang='lat' dir='ltr'>hodiernum</span> <span class='ocrx_word' id='word_1_186' title='bbox 779 2493 871 2560; x_wconf 86' lang='lat' dir='ltr'>usque</span> <span class='ocrx_word' id='word_1_187' title='bbox 890 2485 1003 2560; x_wconf 85' lang='lat' dir='ltr'>tempus</span> <span class='ocrx_word' id='word_1_188' title='bbox 1020 2485 1176 2559; x_wconf 79' lang='lat' dir='ltr'>superest3</span> <span class='ocrx_word' id='word_1_189' title='bbox 1230 2459 1237 2483; x_wconf 84' lang='lat'>&#39;</span> 
     </span>
     <span class='ocr_line' id='line_1_22' title="bbox 39 2574 1179 2663; baseline 0.004 -29"><span class='ocrx_word' id='word_1_190' title='bbox 39 2583 124 2658; x_wconf 84' lang='lat' dir='ltr'>estque</span> <span class='ocrx_word' id='word_1_191' title='bbox 142 2587 225 2640; x_wconf 87' lang='lat' dir='ltr'>seota</span> <span class='ocrx_word' id='word_1_192' title='bbox 239 2575 355 2661; x_wconf 88' lang='lat' dir='ltr'>penitus</span> <span class='ocrx_word' id='word_1_193' title='bbox 372 2577 513 2642; x_wconf 75' lang='lat' dir='ltr'>Arianos.</span> <span class='ocrx_word' id='word_1_194' title='bbox 558 2574 665 2662; x_wconf 88' lang='lat' dir='ltr'>Neque</span> <span class='ocrx_word' id='word_1_195' title='bbox 688 2577 766 2642; x_wconf 91' lang='lat' dir='ltr'>enim</span> <span class='ocrx_word' id='word_1_196' title='bbox 789 2577 877 2641; x_wconf 79' lang='lat' dir='ltr'>aliter</span> <span class='ocrx_word' id='word_1_197' title='bbox 895 2589 982 2663; x_wconf 88' lang='lat' dir='ltr'>atque</span> <span class='ocrx_word' id='word_1_198' title='bbox 1002 2576 1058 2640; x_wconf 87' lang='lat' dir='ltr'>iste</span> <span class='ocrx_word' id='word_1_199' title='bbox 1075 2576 1179 2655; x_wconf 87' lang='lat' dir='ltr'>sentit,</span> 
     </span>
     <span class='ocr_line' id='line_1_23' title="bbox 38 2670 1180 2766; baseline 0.007 -32"><span class='ocrx_word' id='word_1_200' title='bbox 38 2671 84 2738; x_wconf 88' lang='lat' dir='ltr'>imo</span> <span class='ocrx_word' id='word_1_201' title='bbox 99 2677 183 2741; x_wconf 88' lang='lat' dir='ltr'>etiam</span> <span class='ocrx_word' id='word_1_202' title='bbox 201 2677 306 2744; x_wconf 79' lang='lat' dir='ltr'>Auium</span> <span class='ocrx_word' id='word_1_203' title='bbox 323 2679 416 2764; x_wconf 85' lang='lat' dir='ltr'>ipsum</span> <span class='ocrx_word' id='word_1_204' title='bbox 432 2670 599 2764; x_wconf 80' lang='lat' dir='ltr'>dogmitum</span> <span class='ocrx_word' id='word_1_205' title='bbox 619 2677 752 2744; x_wconf 83' lang='lat' dir='ltr'>novitate</span> <span class='ocrx_word' id='word_1_206' title='bbox 770 2679 933 2766; x_wconf 78' lang='lat' dir='ltr'>superavit.</span> <span class='ocrx_word' id='word_1_207' title='bbox 979 2675 1058 2762; x_wconf 80' lang='lat' dir='ltr'>Quin</span> <span class='ocrx_word' id='word_1_208' title='bbox 1078 2677 1132 2742; x_wconf 88' lang='lat' dir='ltr'>hau</span> <span class='ocrx_word' id='word_1_209' title='bbox 1150 2679 1180 2742; x_wconf 91' lang='lat' dir='ltr'>in</span> 
     </span>
     <span class='ocr_line' id='line_1_24' title="bbox 39 2779 1181 2868; baseline 0.003 -27"><span class='ocrx_word' id='word_1_210' title='bbox 39 2789 105 2858; x_wconf 70' lang='lat' dir='ltr'>parm</span> <span class='ocrx_word' id='word_1_211' title='bbox 120 2779 248 2866; x_wconf 74' lang='lat' dir='ltr'>linguam</span> <span class='ocrx_word' id='word_1_212' title='bbox 266 2801 348 2844; x_wconf 84' lang='lat' dir='ltr'>suam</span> <span class='ocrx_word' id='word_1_213' title='bbox 364 2781 553 2866; x_wconf 81' lang='lat' dir='ltr'>procudisse,</span> <span class='ocrx_word' id='word_1_214' title='bbox 586 2793 617 2848; x_wconf 90' lang='lat' dir='ltr'>et</span> <span class='ocrx_word' id='word_1_215' title='bbox 629 2784 664 2847; x_wconf 92' lang='lat' dir='ltr'>nd</span> <span class='ocrx_word' id='word_1_216' title='bbox 680 2783 834 2846; x_wconf 81' lang='lat' dir='ltr'>dicundum</span> <span class='ocrx_word' id='word_1_217' title='bbox 850 2791 1000 2868; x_wconf 90' lang='lat' dir='ltr'>pnomptus</span> <span class='ocrx_word' id='word_1_218' title='bbox 1016 2799 1084 2845; x_wconf 86' lang='lat' dir='ltr'>esso</span> <span class='ocrx_word' id='word_1_219' title='bbox 1099 2780 1181 2846; x_wconf 83' lang='lat' dir='ltr'>uide-</span> 
     </span>
     <span class='ocr_line' id='line_1_25' title="bbox 39 2882 1332 2969; baseline 0.003 -29"><span class='ocrx_word' id='word_1_220' title='bbox 39 2887 89 2958; x_wconf 87' lang='lat' dir='ltr'>tun,</span> <span class='ocrx_word' id='word_1_221' title='bbox 118 2891 148 2946; x_wconf 91' lang='lat' dir='ltr'>ut</span> <span class='ocrx_word' id='word_1_222' title='bbox 162 2883 352 2969; x_wconf 78' lang='lat' dir='ltr'>deceptorum</span> <span class='ocrx_word' id='word_1_223' title='bbox 368 2884 516 2948; x_wconf 85' lang='lat' dir='ltr'>hominum</span> <span class='ocrx_word' id='word_1_224' title='bbox 532 2885 714 2964; x_wconf 78' lang='lat' dir='ltr'>exereitum,</span> <span class='ocrx_word' id='word_1_225' title='bbox 748 2905 908 2969; x_wconf 79' lang='lat' dir='ltr'>eorumque</span> <span class='ocrx_word' id='word_1_226' title='bbox 927 2882 1031 2968; x_wconf 86' lang='lat' dir='ltr'>quibus</span> <span class='ocrx_word' id='word_1_227' title='bbox 1048 2896 1077 2946; x_wconf 88' lang='lat' dir='ltr'>et</span> <span class='ocrx_word' id='word_1_228' title='bbox 1092 2895 1332 2954; x_wconf 65' lang='lat' dir='ltr'>numantinos</span> 
     </span>
     <span class='ocr_line' id='line_1_26' title="bbox 36 2977 1180 3072; baseline 0.004 -25"><span class='ocrx_word' id='word_1_229' title='bbox 36 2987 154 3058; x_wconf 61' lang='lat' dir='ltr'>uniunt</span> <span class='ocrx_word' id='word_1_230' title='bbox 168 2977 200 3048; x_wconf 82' lang='lat' dir='ltr'>et</span> <span class='ocrx_word' id='word_1_231' title='bbox 217 2985 331 3049; x_wconf 91' lang='lat' dir='ltr'>animos</span> <span class='ocrx_word' id='word_1_232' title='bbox 346 2986 477 3050; x_wconf 83' lang='lat' dir='ltr'>venitote</span> <span class='ocrx_word' id='word_1_233' title='bbox 495 2988 722 3072; x_wconf 80' lang='lat' dir='ltr'>onnogantiaque</span> <span class='ocrx_word' id='word_1_234' title='bbox 739 2988 884 3051; x_wconf 88' lang='lat' dir='ltr'>distentus</span> <span class='ocrx_word' id='word_1_235' title='bbox 900 2997 946 3052; x_wconf 89' lang='lat' dir='ltr'>est</span> <span class='ocrx_word' id='word_1_236' title='bbox 964 2986 1180 3052; x_wconf 83' lang='lat' dir='ltr'>multitudinem</span> 
     </span>
     <span class='ocr_line' id='line_1_27' title="bbox 38 3081 1180 3174; baseline 0.008 -29"><span class='ocrx_word' id='word_1_237' title='bbox 38 3081 65 3145; x_wconf 83' lang='lat' dir='ltr'>ot</span> <span class='ocrx_word' id='word_1_238' title='bbox 81 3105 144 3150; x_wconf 82' lang='lat' dir='ltr'>seso</span> <span class='ocrx_word' id='word_1_239' title='bbox 156 3087 296 3174; x_wconf 86' lang='lat' dir='ltr'>peilioiat.</span> <span class='ocrx_word' id='word_1_240' title='bbox 340 3085 458 3152; x_wconf 83' lang='lat' dir='ltr'>Etenim</span> <span class='ocrx_word' id='word_1_241' title='bbox 474 3109 612 3174; x_wconf 79' lang='lat' dir='ltr'>magnum</span> <span class='ocrx_word' id='word_1_242' title='bbox 631 3098 661 3153; x_wconf 84' lang='lat' dir='ltr'>et</span> <span class='ocrx_word' id='word_1_243' title='bbox 681 3089 731 3152; x_wconf 90' lang='lat' dir='ltr'>illo</span> <span class='ocrx_word' id='word_1_244' title='bbox 747 3109 863 3174; x_wconf 87' lang='lat' dir='ltr'>quoque</span> <span class='ocrx_word' id='word_1_245' title='bbox 881 3109 1023 3174; x_wconf 80' lang='lat' dir='ltr'>nugonem</span> <span class='ocrx_word' id='word_1_246' title='bbox 1042 3109 1078 3153; x_wconf 90' lang='lat' dir='ltr'>oo</span> <span class='ocrx_word' id='word_1_247' title='bbox 1097 3090 1180 3154; x_wconf 88' lang='lat' dir='ltr'>labu-</span> 
     </span>
     <span class='ocr_line' id='line_1_28' title="bbox 38 3182 1179 3277; baseline 0.009 -31"><span class='ocrx_word' id='word_1_248' title='bbox 38 3182 113 3250; x_wconf 84' lang='lat' dir='ltr'>lanonu</span> <span class='ocrx_word' id='word_1_249' title='bbox 128 3190 242 3276; x_wconf 78' lang='lat' dir='ltr'>copiam</span> <span class='ocrx_word' id='word_1_250' title='bbox 257 3190 287 3253; x_wconf 92' lang='lat' dir='ltr'>in</span> <span class='ocrx_word' id='word_1_251' title='bbox 299 3189 455 3254; x_wconf 89' lang='lat' dir='ltr'>humanum</span> <span class='ocrx_word' id='word_1_252' title='bbox 467 3211 562 3274; x_wconf 80' lang='lat' dir='ltr'>genus</span> <span class='ocrx_word' id='word_1_253' title='bbox 576 3190 703 3255; x_wconf 83' lang='lat' dir='ltr'>invexit.</span> <span class='ocrx_word' id='word_1_254' title='bbox 749 3188 835 3274; x_wconf 78' lang='lat' dir='ltr'>Quae</span> <span class='ocrx_word' id='word_1_255' title='bbox 852 3189 968 3256; x_wconf 89' lang='lat' dir='ltr'>tametsi</span> <span class='ocrx_word' id='word_1_256' title='bbox 982 3191 1179 3277; x_wconf 77' lang='lat' dir='ltr'>prudentiori·</span> 
     </span>
     <span class='ocr_line' id='line_1_29' title="bbox 38 3285 1180 3379; baseline 0.004 -27"><span class='ocrx_word' id='word_1_257' title='bbox 38 3285 80 3352; x_wconf 80' lang='lat' dir='ltr'>bns</span> <span class='ocrx_word' id='word_1_258' title='bbox 100 3291 222 3356; x_wconf 86' lang='lat' dir='ltr'>uidioula</span> <span class='ocrx_word' id='word_1_259' title='bbox 245 3291 397 3373; x_wconf 82' lang='lat' dir='ltr'>videatur,</span> <span class='ocrx_word' id='word_1_260' title='bbox 429 3292 617 3357; x_wconf 87' lang='lat' dir='ltr'>nihilominus</span> <span class='ocrx_word' id='word_1_261' title='bbox 635 3292 783 3378; x_wconf 86' lang='lat' dir='ltr'>plenisque</span> <span class='ocrx_word' id='word_1_262' title='bbox 800 3314 854 3378; x_wconf 86' lang='lat' dir='ltr'>pen</span> <span class='ocrx_word' id='word_1_263' title='bbox 867 3291 944 3356; x_wconf 87' lang='lat' dir='ltr'>illam</span> <span class='ocrx_word' id='word_1_264' title='bbox 962 3293 1119 3379; x_wconf 86' lang='lat' dir='ltr'>imposuit,</span> <span class='ocrx_word' id='word_1_265' title='bbox 1149 3303 1180 3358; x_wconf 86' lang='lat' dir='ltr'>et</span> 
     </span>
     <span class='ocr_line' id='line_1_30' title="bbox 38 3388 1181 3486; baseline 0.009 -37"><span class='ocrx_word' id='word_1_266' title='bbox 38 3388 61 3451; x_wconf 92' lang='lat' dir='ltr'>iu</span> <span class='ocrx_word' id='word_1_267' title='bbox 75 3409 202 3458; x_wconf 79' lang='lat' dir='ltr'>nunonem</span> <span class='ocrx_word' id='word_1_268' title='bbox 217 3393 350 3460; x_wconf 82' lang='lat' dir='ltr'>abduxit.</span> <span class='ocrx_word' id='word_1_269' title='bbox 397 3391 466 3458; x_wconf 83' lang='lat' dir='ltr'>Fuit</span> <span class='ocrx_word' id='word_1_270' title='bbox 480 3393 527 3459; x_wconf 90' lang='lat' dir='ltr'>hio</span> <span class='ocrx_word' id='word_1_271' title='bbox 545 3393 692 3460; x_wconf 82' lang='lat' dir='ltr'>Eustathii</span> <span class='ocrx_word' id='word_1_272' title='bbox 709 3393 865 3486; x_wconf 75' lang='lat' dir='ltr'>sebastiae</span> <span class='ocrx_word' id='word_1_273' title='bbox 881 3393 1012 3480; x_wconf 80' lang='lat' dir='ltr'>episcopi</span> <span class='ocrx_word' id='word_1_274' title='bbox 1028 3397 1119 3480; x_wconf 81' lang='lat' dir='ltr'>(quoe</span> <span class='ocrx_word' id='word_1_275' title='bbox 1135 3407 1181 3462; x_wconf 87' lang='lat' dir='ltr'>est</span> 
     </span>
     <span class='ocr_line' id='line_1_31' title="bbox 37 3490 1179 3582; baseline 0.008 -28"><span class='ocrx_word' id='word_1_276' title='bbox 37 3490 60 3554; x_wconf 91' lang='lat' dir='ltr'>iu</span> <span class='ocrx_word' id='word_1_277' title='bbox 74 3491 154 3560; x_wconf 84' lang='lat' dir='ltr'>Ponti</span> <span class='ocrx_word' id='word_1_278' title='bbox 178 3497 302 3582; x_wconf 75' lang='lat' dir='ltr'>nogium</span> <span class='ocrx_word' id='word_1_279' title='bbox 319 3497 383 3560; x_wconf 84' lang='lat' dir='ltr'>sive</span> <span class='ocrx_word' id='word_1_280' title='bbox 399 3495 521 3562; x_wconf 86' lang='lat' dir='ltr'>minonis</span> <span class='ocrx_word' id='word_1_281' title='bbox 540 3496 718 3580; x_wconf 82' lang='lat' dir='ltr'>Armeniae)</span> <span class='ocrx_word' id='word_1_282' title='bbox 736 3498 857 3562; x_wconf 85' lang='lat' dir='ltr'>sodalis.</span> <span class='ocrx_word' id='word_1_283' title='bbox 902 3496 1002 3561; x_wconf 80' lang='lat' dir='ltr'>Ambo</span> <span class='ocrx_word' id='word_1_284' title='bbox 1021 3499 1097 3562; x_wconf 83' lang='lat' dir='ltr'>enim</span> <span class='ocrx_word' id='word_1_285' title='bbox 1117 3519 1179 3563; x_wconf 93' lang='lat' dir='ltr'>mo·</span> 
     </span>
     <span class='ocr_line' id='line_1_32' title="bbox 39 3596 1181 3685; baseline 0.004 -27"><span class='ocrx_word' id='word_1_286' title='bbox 39 3597 162 3663; x_wconf 88' lang='lat' dir='ltr'>nastioum</span> <span class='ocrx_word' id='word_1_287' title='bbox 179 3599 261 3663; x_wconf 83' lang='lat' dir='ltr'>uitae</span> <span class='ocrx_word' id='word_1_288' title='bbox 275 3617 370 3683; x_wconf 74' lang='lat' dir='ltr'>genus</span> <span class='ocrx_word' id='word_1_289' title='bbox 384 3599 511 3685; x_wconf 83' lang='lat' dir='ltr'>amplexi</span> <span class='ocrx_word' id='word_1_290' title='bbox 528 3608 609 3664; x_wconf 84' lang='lat' dir='ltr'>suunt.</span> <span class='ocrx_word' id='word_1_291' title='bbox 655 3596 730 3666; x_wconf 90' lang='lat' dir='ltr'>Com</span> <span class='ocrx_word' id='word_1_292' title='bbox 745 3612 842 3664; x_wconf 89' lang='lat' dir='ltr'>autem</span> <span class='ocrx_word' id='word_1_293' title='bbox 859 3597 1033 3665; x_wconf 85' lang='lat' dir='ltr'>Eustatiuius</span> <span class='ocrx_word' id='word_1_294' title='bbox 1057 3601 1093 3664; x_wconf 87' lang='lat' dir='ltr'>ad</span> <span class='ocrx_word' id='word_1_295' title='bbox 1119 3600 1181 3685; x_wconf 89' lang='lat' dir='ltr'>epi-</span> 
     </span>
     <span class='ocr_line' id='line_1_33' title="bbox 39 3701 1180 3788; baseline 0.004 -30"><span class='ocrx_word' id='word_1_296' title='bbox 39 3711 173 3784; x_wconf 85' lang='lat' dir='ltr'>uoopatum</span> <span class='ocrx_word' id='word_1_297' title='bbox 187 3712 271 3767; x_wconf 85' lang='lat' dir='ltr'>esset</span> <span class='ocrx_word' id='word_1_298' title='bbox 286 3711 424 3780; x_wconf 86' lang='lat' dir='ltr'>eveotus,</span> <span class='ocrx_word' id='word_1_299' title='bbox 450 3701 578 3783; x_wconf 71' lang='lat' dir='ltr'>Atinius,</span> <span class='ocrx_word' id='word_1_300' title='bbox 601 3702 658 3766; x_wconf 85' lang='lat' dir='ltr'>etsi</span> <span class='ocrx_word' id='word_1_301' title='bbox 674 3701 702 3766; x_wconf 92' lang='lat' dir='ltr'>id</span> <span class='ocrx_word' id='word_1_302' title='bbox 724 3721 902 3788; x_wconf 80' lang='lat' dir='ltr'>magnopere</span> <span class='ocrx_word' id='word_1_303' title='bbox 919 3709 1058 3788; x_wconf 80' lang='lat' dir='ltr'>cuperet,</span> <span class='ocrx_word' id='word_1_304' title='bbox 1083 3719 1120 3765; x_wconf 89' lang='lat' dir='ltr'>eo</span> <span class='ocrx_word' id='word_1_305' title='bbox 1137 3711 1180 3764; x_wconf 90' lang='lat' dir='ltr'>ta-</span> 
     </span>
     <span class='ocr_line' id='line_1_34' title="bbox 39 3801 1176 3888; baseline 0.004 -28"><span class='ocrx_word' id='word_1_306' title='bbox 39 3817 91 3864; x_wconf 87' lang='lat' dir='ltr'>nen</span> <span class='ocrx_word' id='word_1_307' title='bbox 106 3805 263 3887; x_wconf 76' lang='lat' dir='ltr'>pervenire</span> <span class='ocrx_word' id='word_1_308' title='bbox 287 3825 346 3867; x_wconf 91' lang='lat' dir='ltr'>non</span> <span class='ocrx_word' id='word_1_309' title='bbox 370 3801 474 3888; x_wconf 89' lang='lat' dir='ltr'>potuit.</span> <span class='ocrx_word' id='word_1_310' title='bbox 520 3801 598 3868; x_wconf 79' lang='lat' dir='ltr'>ilino</span> <span class='ocrx_word' id='word_1_311' title='bbox 620 3803 752 3868; x_wconf 84' lang='lat' dir='ltr'>simultas</span> <span class='ocrx_word' id='word_1_312' title='bbox 768 3824 809 3868; x_wconf 81' lang='lat' dir='ltr'>ex</span> <span class='ocrx_word' id='word_1_313' title='bbox 827 3804 1023 3868; x_wconf 78' lang='lat' dir='ltr'>aemulatione</span> <span class='ocrx_word' id='word_1_314' title='bbox 1039 3803 1176 3867; x_wconf 89' lang='lat' dir='ltr'>oonllnta.</span> 
     </span>
     <span class='ocr_line' id='line_1_35' title="bbox 38 3894 1179 3991; baseline -0.001 -23"><span class='ocrx_word' id='word_1_315' title='bbox 38 3894 70 3962; x_wconf 82' lang='lat' dir='ltr'>Et</span> <span class='ocrx_word' id='word_1_316' title='bbox 88 3905 201 3988; x_wconf 79' lang='lat' dir='ltr'>puidam</span> <span class='ocrx_word' id='word_1_317' title='bbox 226 3903 399 3970; x_wconf 83' lang='lat' dir='ltr'>Eustathius</span> <span class='ocrx_word' id='word_1_318' title='bbox 421 3904 516 3972; x_wconf 71' lang='lat' dir='ltr'>Atinio</span> <span class='ocrx_word' id='word_1_319' title='bbox 538 3905 691 3991; x_wconf 75' lang='lat' dir='ltr'>plurimum</span> <span class='ocrx_word' id='word_1_320' title='bbox 717 3906 870 3991; x_wconf 81' lang='lat' dir='ltr'>indulgens</span> <span class='ocrx_word' id='word_1_321' title='bbox 896 3915 927 3968; x_wconf 89' lang='lat' dir='ltr'>et</span> <span class='ocrx_word' id='word_1_322' title='bbox 951 3904 1084 3968; x_wconf 88' lang='lat' dir='ltr'>addiotns</span> <span class='ocrx_word' id='word_1_323' title='bbox 1111 3923 1179 3968; x_wconf 85' lang='lat' dir='ltr'>essu</span> 
     </span>
     <span class='ocr_line' id='line_1_36' title="bbox 39 4001 1178 4094; baseline 0.002 -28"><span class='ocrx_word' id='word_1_324' title='bbox 39 4001 105 4070; x_wconf 77' lang='lat' dir='ltr'>nunu</span> <span class='ocrx_word' id='word_1_325' title='bbox 120 4020 177 4074; x_wconf 83' lang='lat' dir='ltr'>ost.</span> <span class='ocrx_word' id='word_1_326' title='bbox 219 4005 299 4072; x_wconf 86' lang='lat' dir='ltr'>Nom</span> <span class='ocrx_word' id='word_1_327' title='bbox 315 4017 345 4071; x_wconf 86' lang='lat' dir='ltr'>et</span> <span class='ocrx_word' id='word_1_328' title='bbox 364 4006 569 4094; x_wconf 77' lang='lat' dir='ltr'>presbyterum</span> <span class='ocrx_word' id='word_1_329' title='bbox 587 4007 663 4071; x_wconf 86' lang='lat' dir='ltr'>huno</span> <span class='ocrx_word' id='word_1_330' title='bbox 676 4017 778 4091; x_wconf 82' lang='lat' dir='ltr'>postea</span> <span class='ocrx_word' id='word_1_331' title='bbox 795 4007 921 4086; x_wconf 84' lang='lat' dir='ltr'>ouonvit,</span> <span class='ocrx_word' id='word_1_332' title='bbox 945 4018 976 4070; x_wconf 86' lang='lat' dir='ltr'>et</span> <span class='ocrx_word' id='word_1_333' title='bbox 987 4003 1178 4086; x_wconf 85' lang='lat' dir='ltr'>xenodooluii‚</span> 
     </span>
     <span class='ocr_line' id='line_1_37' title="bbox 39 4105 1180 4196; baseline 0.004 -28"><span class='ocrx_word' id='word_1_334' title='bbox 39 4108 101 4185; x_wconf 81' lang='lat' dir='ltr'>quod</span> <span class='ocrx_word' id='word_1_335' title='bbox 117 4109 370 4196; x_wconf 86' lang='lat' dir='ltr'>ptoolnotuoploium</span> <span class='ocrx_word' id='word_1_336' title='bbox 392 4111 421 4175; x_wconf 92' lang='lat' dir='ltr'>iu</span> <span class='ocrx_word' id='word_1_337' title='bbox 439 4105 536 4172; x_wconf 88' lang='lat' dir='ltr'>Ponto</span> <span class='ocrx_word' id='word_1_338' title='bbox 552 4118 694 4186; x_wconf 77' lang='lat' dir='ltr'>sonatur,</span> <span class='ocrx_word' id='word_1_339' title='bbox 723 4129 824 4173; x_wconf 83' lang='lat' dir='ltr'>euram</span> <span class='ocrx_word' id='word_1_340' title='bbox 842 4109 869 4174; x_wconf 92' lang='lat' dir='ltr'>ei</span> <span class='ocrx_word' id='word_1_341' title='bbox 886 4105 1044 4172; x_wconf 81' lang='lat' dir='ltr'>commisit.</span> <span class='ocrx_word' id='word_1_342' title='bbox 1090 4105 1180 4172; x_wconf 83' lang='lat' dir='ltr'>Eius·</span> 
     </span>
     <span class='ocr_line' id='line_1_38' title="bbox 39 4209 1181 4298; baseline 0.003 -27"><span class='ocrx_word' id='word_1_343' title='bbox 39 4209 102 4272; x_wconf 88' lang='lat' dir='ltr'>nodi</span> <span class='ocrx_word' id='word_1_344' title='bbox 118 4213 221 4298; x_wconf 83' lang='lat' dir='ltr'>qnippe</span> <span class='ocrx_word' id='word_1_345' title='bbox 236 4211 383 4276; x_wconf 87' lang='lat' dir='ltr'>domioilia</span> <span class='ocrx_word' id='word_1_346' title='bbox 398 4231 470 4298; x_wconf 84' lang='lat' dir='ltr'>puae</span> <span class='ocrx_word' id='word_1_347' title='bbox 486 4229 587 4275; x_wconf 84' lang='lat' dir='ltr'>amone</span> <span class='ocrx_word' id='word_1_348' title='bbox 604 4230 674 4296; x_wconf 72' lang='lat' dir='ltr'>engo</span> <span class='ocrx_word' id='word_1_349' title='bbox 692 4209 822 4295; x_wconf 84' lang='lat' dir='ltr'>hospitus</span> <span class='ocrx_word' id='word_1_350' title='bbox 839 4210 876 4274; x_wconf 82' lang='lat' dir='ltr'>alo</span> <span class='ocrx_word' id='word_1_351' title='bbox 893 4209 1085 4276; x_wconf 72' lang='lat' dir='ltr'>ecelesiarum</span> <span class='ocrx_word' id='word_1_352' title='bbox 1105 4210 1181 4274; x_wconf 90' lang='lat' dir='ltr'>anti-</span> 
     </span>
     <span class='ocr_line' id='line_1_39' title="bbox 40 4311 1179 4399; baseline 0.006 -31"><span class='ocrx_word' id='word_1_353' title='bbox 40 4311 140 4378; x_wconf 83' lang='lat' dir='ltr'>stitibus</span> <span class='ocrx_word' id='word_1_354' title='bbox 155 4313 283 4380; x_wconf 88' lang='lat' dir='ltr'>exoitani</span> <span class='ocrx_word' id='word_1_355' title='bbox 296 4314 411 4394; x_wconf 88' lang='lat' dir='ltr'>solent,</span> <span class='ocrx_word' id='word_1_356' title='bbox 441 4311 593 4399; x_wconf 84' lang='lat' dir='ltr'>inquibus</span> <span class='ocrx_word' id='word_1_357' title='bbox 610 4313 759 4378; x_wconf 89' lang='lat' dir='ltr'>mutilatus</span> <span class='ocrx_word' id='word_1_358' title='bbox 780 4323 812 4378; x_wconf 87' lang='lat' dir='ltr'>et</span> <span class='ocrx_word' id='word_1_359' title='bbox 832 4311 996 4378; x_wconf 81' lang='lat' dir='ltr'>imbecillos</span> <span class='ocrx_word' id='word_1_360' title='bbox 1022 4311 1179 4393; x_wconf 83' lang='lat' dir='ltr'>oottooaot,</span> 
     </span>
     <span class='ocr_line' id='line_1_40' title="bbox 39 4406 894 4502; baseline 0.002 -24"><span class='ocrx_word' id='word_1_361' title='bbox 39 4406 176 4498; x_wconf 73' lang='lat' dir='ltr'>liquem</span> <span class='ocrx_word' id='word_1_362' title='bbox 198 4417 306 4482; x_wconf 82' lang='lat' dir='ltr'>victum</span> <span class='ocrx_word' id='word_1_363' title='bbox 330 4415 499 4482; x_wconf 84' lang='lat' dir='ltr'>neeessanin</span> <span class='ocrx_word' id='word_1_364' title='bbox 522 4415 674 4502; x_wconf 85' lang='lat' dir='ltr'>pno.vinili</span> <span class='ocrx_word' id='word_1_365' title='bbox 696 4415 894 4502; x_wconf 84' lang='lat' dir='ltr'>suppeditant.</span> 
     </span>
    </p>
   </div>
   <div class='ocr_carea' id='block_1_5' title="bbox 39 4553 981 4710">
    <p class='ocr_par' dir='ltr' id='par_1_5' title="bbox 39 4553 981 4710">
     <span class='ocr_line' id='line_1_41' title="bbox 39 4553 701 4618; baseline -0.018 -7"><span class='ocrx_word' id='word_1_366' title='bbox 39 4553 139 4611; x_wconf 66' lang='lat' dir='ltr'>moneo</span> <span class='ocrx_word' id='word_1_367' title='bbox 159 4555 265 4618; x_wconf 69' lang='lat' dir='ltr'>m,</span> <span class='ocrx_word' id='word_1_368' title='bbox 295 4558 384 4606; x_wconf 71' lang='lat' dir='ltr'>onom</span> <span class='ocrx_word' id='word_1_369' title='bbox 408 4557 462 4606; x_wconf 70' lang='lat' dir='ltr'>nso</span> <span class='ocrx_word' id='word_1_370' title='bbox 486 4555 513 4604; x_wconf 78' lang='lat' dir='ltr'>n</span> <span class='ocrx_word' id='word_1_371' title='bbox 535 4555 586 4606; x_wconf 77' lang='lat' dir='ltr'>sou</span> <span class='ocrx_word' id='word_1_372' title='bbox 604 4553 701 4618; x_wconf 52' lang='lat' dir='ltr'>nuno.</span> 
     </span>
     <span class='ocr_line' id='line_1_42' title="bbox 82 4631 981 4710; baseline 0.002 -30"><span class='ocrx_word' id='word_1_373' title='bbox 82 4631 385 4692; x_wconf 59' lang='lat' dir='ltr'>&amp;mammatae</span> <span class='ocrx_word' id='word_1_374' title='bbox 941 4645 981 4710; x_wconf 63' lang='grc' dir='ltr'><em>η</em></span> 
     </span>
    </p>
   </div>
   <div class='ocr_carea' id='block_1_6' title="bbox 0 0 1534 5014">
    <p class='ocr_par' dir='ltr' id='par_1_6' title="bbox 0 0 1534 5014">
     <span class='ocr_line' id='line_1_43' title="bbox 0 0 1534 5014; baseline 0 3"><span class='ocrx_word' id='word_1_375' title='bbox 0 0 1534 5014; x_wconf 95' lang='lat' dir='ltr'> </span> 
     </span>
    </p>
   </div>
  </div>
 </body>
</html>
