3072 5002
328 357 389 423 102
746 367 868 420 amm
884 367 1053 420 mmm!

326 485 422 573 άγιον,
444 488 497 553 ιιαλ
517 485 598 552 Ιοῦκ
614 485 676 551 έστι
690 482 726 552 τῦ
742 491 858 567 πνεῦμα
871 482 906 551 τῦ
921 485 1018 571 άγιον,
1037 481 1108 551 οῦδέ
1123 481 1142 552 δ
1156 482 1265 572 πατὴρ,
1286 483 1359 552 οῦδὲ
1373 483 1394 554 ὅ
1409 483 1484 565 υλδς,

325 587 398 656 ἀλλά
420 595 538 672 πνεῦμα
560 586 646 674 ἅγιον
670 589 702 653 έκ
730 586 842 673 πατρὸς
866 584 903 654 δι’
925 589 995 653 υίοῦ
1024 595 1140 664 πιστοῖς
1161 585 1333 671 διδόμενον,
1362 585 1486 665 είκότας

326 688 496 773 ῦφεστῶεος
519 692 571 756 καλ
593 686 795 775 ῦπάρχσντος,
826 690 902 756 ’καί
928 689 1021 756 αὐτοῦ
1046 696 1100 755 τοῦ
1123 688 1290 773 πνεύματος
1309 697 1366 756 τοῦ
1389 687 1484 776 άγίου.

331 792 392 871 Τάς
407 791 574 876 ἰδιότητας,
605 788 646 867 ῶς
663 791 897 878 προειρήκαμεν,
926 789 1096 878 προςῶτιων
1111 789 1289 873 ῶφεστῶτων
1305 789 1486 868 άτιοστάσεις

324 894 525 980 ὀνομάζουσιν
537 897 570 961 σί
583 893 769 974 άνατολικολ,
800 893 868 978 οῦχλ
885 893 938 971 τάς
953 904 1031 981 τρεῖς
1048 891 1224 973 ῦποστάσεις
1240 905 1317 985 τρεῖς
1333 892 1447 981 άρχάς,
1467 893 1486 977 ιῙ

325 1006 403 1082 τρεῖς
419 995 513 1072 θεσδς
528 998 676 1084 λέγοντες·
708 995 956 1078 άναθεματλζουσι
978 996 1050 1084 γάρ,
1083 1000 1114 1062 τί
1128 1024 1173 1073 τις
1188 999 1263 1085 λέγει
1281 1006 1361 1084 τρεῖς
1381 997 1485 1073 θεοῦς.

325 1095 399 1164 Ἀλλ’
410 1097 482 1165 οῦδὲ
497 1099 611 1185 πατέρα
622 1100 674 1166 καλ
687 1095 755 1164 υίάν
769 1098 826 1166 δύο
842 1098 936 1175 θεοῦς
948 1101 1091 1186 λέγουσιν.
1133 1097 1329 1186 Ὁμολογοῦσι
1341 1099 1400 1186 γάρ
1419 1105 1486 1183 μίαν

327 1198 402 1268 εἶναι
422 1199 569 1284 θεότητα,
601 1203 828 1286 έμπεριέχουσαν
843 1199 881 1268 δι’
904 1205 974 1268 υίοῦ
990 1204 1022 1268 έν
1044 1199 1189 1285 πνεύματι
1209 1199 1283 1292 άγίφ
1310 1200 1347 1268 τά
1377 1201 1486 1281 πάντα,

327 1301 507 1390 ὁμολογοῦσι
519 1307 590 1386 μίαν
602 1302 741 1386 θεότητα,
763 1305 813 1368 καλ
830 1308 901 1386 μίαν
914 1306 1072 1387 βασιλείαν,
1094 1305 1145 1372 καλ
1159 1308 1229 1386 μίαν
1243 1303 1344 1388 άργῆν.
1379 1303 1487 1389 Ὅμως

326 1404 364 1472 τά
388 1403 535 1491 πράςωιια
558 1409 590 1472 λν
612 1415 678 1483 ταῖς
704 1403 830 1489 ἰδιότησι
852 1413 911 1473 τῶν
932 1404 1125 1472 δποσιάσεωυ
1148 1406 1278 1489 εὐσεβῶς
1300 1411 1486 1492 γνωρίζουσι,

327 1506 380 1576 τῶν
397 1508 510 1594 πατέρα
525 1510 558 1574 έν
572 1514 608 1598 τῇ
623 1515 753 1598 πατρικῇ
769 1504 914 1597 αῦθεντίςι
931 1505 1087 1590 ὑφεστῶτα
1102 1515 1253 1588 νοοῦντες,
1283 1511 1335 1574 καί
1350 1507 1405 1576 τῶν
1422 1507 1487 1575 υίδν

327 1609 366 1676 οῦ
390 1611 479 1696 μέρος
497 1607 570 1676 ὅντα
591 1617 645 1677 τοῦ
659 1608 788 1696 πατρὸς,
821 1607 892 1676 άλλά
916 1617 1061 1696 καθαρῶς
1083 1613 1116 1678 ἐκ
1130 1607 1241 1696 πατρδς
1263 1611 1374 1678 τέλειον
1392 1613 1429 1677 έιι
1447 1635 1486 1676 τε·

288 1719 291 1724 '
326 1716 408 1780 λείου
429 1713 639 1799 γεγεννημένον
662 1714 714 1778 καὶ
736 1709 891 1794 ῦφεστῶτα
915 1709 1140 1799 δμολογοῦντες,
1177 1714 1227 1778 καλ
1249 1711 1283 1778 τδ
1309 1720 1431 1796 πνεῦμα
1454 1709 1485 1778 τδ

328 1811 430 1900 άγιον,
460 1811 519 1898 δὴ
545 1819 616 1881 θεία
637 1813 739 1900 γραφή
766 1817 962 1900 Παράκληιον
985 1813 1138 1898 ὀνομάζει,
1168 1817 1202 1882 έκ
1225 1811 1338 1900 παιρδς
1358 1813 1399 1880 δι’
1420 1819 1487 1882 υἱοῦ

327 1913 484 1998 ῶφεστῶτα
497 1921 694 2002 γνωρίζοντες.
726 1913 778 1993 Ὡς
793 1913 811 1983 ά
825 1915 1012 2003 παράκλητος
1029 1916 1063 1984 τδ
1080 1924 1194 2000 πνεῦμα
1207 1925 1261 2000 τῆς
1277 1916 1426 2001 ἀληθείας
1445 1921 1485 1984 δι-

328 2016 432 2086 δάσκει
446 2015 526 2102 ἡμᾶς
541 2017 596 2102 τήν
611 2017 772 2102 άλήθιιαν,
804 2017 868 2102 ἥτις
885 2021 964 2086 έστλν
985 2016 1004 2086 ά
1019 2019 1094 2096 υἷάς.
1141 2019 1250 2095 Οῦδελς
1266 2017 1322 2105 γάρ
1340 2021 1420 2106 λέγει
1437 2019 1486 2086 τῦ-

328 2147 394 2207 ριος
407 2117 536 2205 Ἰησοῦς,
568 2120 657 2205 είμή
675 2123 709 2188 έν
729 2121 874 2204 πνεύματι
900 2118 984 2208 άγίμ.
1032 2121 1120 2188 Οῦτω
1136 2124 1190 2188 καλ
1210 2120 1325 2200 δυίδς,
1356 2121 1393 2200 ὅς
1411 2125 1487 2188 έσιιν

328 2221 465 2308 άλήθεια,
486 2221 539 2290 τῶν
553 2221 701 2307 άληθινδν
716 2221 802 2301 θεάν,
817 2221 871 2290 τῶν
886 2225 994 2290 έαυτοῦ
1009 2227 1121 2311 πατέρα
1136 2222 1216 2308 ἡμᾶς
1232 2221 1363 2307 εῦσεβῶς
1379 2226 1488 2292 εἰδέναι

328 2323 458 2406 διδάξει,
486 2324 593 2402 καθῶς
604 2327 696 2412 λέγει,
725 2323 759 2391 ‘0
775 2324 916 2414 έοοραιιῶς
932 2326 982 2410 έμέ
997 2325 1109 2412 έῶρακε
1128 2325 1179 2394 τδν
1197 2328 1318 2412 πατέρα.
1365 2327 1487 2393 Οῦιιοῦν

328 2431 361 2496 έν
382 2430 527 2512 πνεύματι
549 2424 624 2517 άγίμ
645 2425 723 2494 υίδν·
736 2424 826 2506 άξίως
851 2435 994 2512 νοοῦμεν,
1024 2431 1056 2496 έν
1073 2433 1131 2518 υἱῷ
1149 2429 1181 2496 δὲ
1200 2437 1355 2516 μονογενεῖ
1374 2431 1488 2515 τιιπέρσ

328 2527 459 2614 εῦσεβῶς
470 2531 521 2596 καλ
537 2528 626 2609 άζίως
644 2528 816 2613 δοξάζομεν,
847 2532 898 2598 καλ
916 2530 991 2614 αῦτη
1010 2532 1090 2597 έστλν
1104 2529 1125 2614 ἡ
1139 2533 1266 2617 σφραγίς
1280 2538 1333 2615 τῆς
1349 2535 1486 2610 πίστεως,

326 2633 364 2698 έν
385 2623 564 2723 ᾗσφραγίδι
589 2636 790 2716 βασανισθῆναι
813 2633 989 2720 προςέταξεν
1012 2630 1032 2700 ά
1052 2630 1149 2719 σωτὴρ
1174 2636 1225 2700 καί
1248 2632 1352 2719 κύριος
1372 2631 1488 2718 Ἰησοῦς

332 2731 477 2819 Χριστδς,
506 2732 526 2802 δ
546 2736 653 2821 λέγων,
679 2736 884 2822 Πορευθέντες
910 2733 1115 2820 μαθητεύσατε
1138 2733 1235 2805 πάντα
1251 2733 1288 2802 τά
1305 2738 1401 2818 ἔθνη,
1435 2741 1485 2821 βα-

328 2841 477 2916 πτίζοντες
491 2833 601 2914 αῶτοῦς
614 2839 657 2914 τίς
671 2837 706 2904 εδ
727 2836 822 2922 ὄνομα
838 2845 895 2905 τοῦ
910 2835 1023 2926 πατρδς
1036 2840 1088 2904 καί
1105 2844 1160 2904 τοῦ
1176 2841 1245 2906 υίοῦ
1260 2841 1313 2905 καλ
1328 2845 1384 2904 τοῦ
1398 2835 1486 2926 άγίου

328 2937 505 3024 πνεύματος.

191 3055 311 3128 [tv-2(-
415 3044 493 3128 Περλ
514 3039 571 3127 γάρ
585 3048 639 3126 τῆς
653 3040 728 3110 κατά
746 3040 846 3108 πάντα
862 3049 916 3110 τοῦ
932 3044 1003 3109 υἱοῦ
1016 3039 1092 3128 πρδς
1110 3039 1162 3108 τδν
1179 3044 1292 3127 πατέρα
1310 3039 1486 3127 ὁμοιότητος

328 3141 509 3228 πλατύτερον
522 3144 576 3228 μέν
590 3143 716 3229 άλλαχοῦ
737 3147 858 3230 εἴρηται.
901 3141 1028 3227 Ὁμοίως
1043 3145 1075 3212 δέ
1092 3146 1143 3212 ιιαλ
1155 3151 1211 3210 νῦν
1226 3147 1259 3211 έν
1274 3149 1380 3231 βραχεῖ
1392 3173 1486 3232 παρσ-

207 3287 259 3334 1³¹⁸·
269 3278 314 3324 ςςς
329 3243 552 3328 σημειῶσσσθαι
567 3243 623 3314 οῦκ
635 3244 802 3332 σ’κνήσομεν
815 3245 862 3314 ὅτι
875 3243 894 3315 ά
906 3243 1071 3324 άιιόστολος
1086 3245 1186 3313 είιιόνα
1201 3254 1255 3313 τοῦ
1268 3244 1398 3334 άοράτου
1410 3255 1486 3314 θεοῦ

327 3345 379 3414 τῶν
395 3345 463 3414 υέδν
485 3346 625 3436 είρηκῶς,
656 3351 706 3414 καί
724 3351 756 3415 έν
780 3347 875 3439 ισάτιμ
896 3347 1020 3427 διδάξας
1042 3348 1087 3415 ὅτι
1103 3345 1210 3431 ὅμοιός
1227 3350 1306 3415 έστιν
1329 3347 1431 3427 ῶυίδς
1448 3357 1487 3437 τῷ

329 3450 434 3534 πατρί,
466 3448 592 3536 αλλογοῦ
607 3458 673 3528 πῶς
689 3455 736 3517 δεῖ
748 3461 831 3518 νοεῖν
843 3449 896 3518 τάν
913 3450 980 3518 υίδν
995 3452 1174 3536 παρέδωκεν.
1214 3451 1268 3520 Ἐν
1284 3449 1341 3538 γάρ
1357 3459 1395 3542 τῇ
1412 3451 1489 3538 πρδς
1532 3501 1533 3504 ,

332 3555 552 3634 Φιλιππησίους
565 3555 703 3643 έπιστολῇ
718 3574 802 3637 φησι,
809 3552 867 3630 Ὃς
881 3556 914 3622 έν
930 3560 1035 3644 μορφῇ
1053 3561 1131 3620 θεοῦ
1146 3551 1288 3642 ῦπάργων
1305 3551 1359 3638 οῦχ
1373 3551 1487 3641 άριιαγ-

327 3652 387 3738 μῦν
402 3650 532 3742 ἡγήσατο
549 3653 582 3722 τῦ
599 3652 674 3721 εἶναι
696 3659 746 3722 ίσα
762 3661 842 3746 θεῷ,
873 3652 932 3722 άλλ’
949 3654 1055 3723 ἑαυτῶν
1073 3657 1215 3735 έκένωσε,
1236 3654 1357 3742 μορφὴν
1376 3659 1487 3725 δοῦλον

327 3753 443 3841 λοβῶν,
473 3754 685 3841 ένῶμοιῶματι
707 3755 881 3843 άνθράπαν
902 3755 1068 3845 γενόμενος.
1111 3755 1160 3824 Ἑν
1174 3760 1207 3825 δέ
1224 3766 1263 3849 τῇ
1279 3755 1487 3844 πρδςῬιμαί·

327 3885 398 3940 υυς,
434 3857 474 3928 Τά
493 3857 549 3946 γάρ
566 3858 714 3928 άδάνατον
734 3867 790 3927 τοῦ
804 3858 917 3943 νόμον,
949 3863 981 3928 έν
996 3853 1021 3950 γλ
1038 3860 1161 3944 ἠσθένει
1176 3859 1226 3928 διά
1242 3869 1296 3945 τῆς
1313 3861 1441 3946 σαρκδς,
1469 3857 1487 3928 ά

326 3960 402 4040 θεάς
415 3959 468 4029 τῶν
481 3963 588 4030 έαυτοῦ
603 3961 669 4030 υίδν
684 3963 806 4046 πέμψας
819 3965 852 4029 έν
866 3960 1034 4048 ῶμοιῶματι
1048 3962 1168 4048 σαρκῦς,
1190 3965 1243 4030 καλ
1257 3964 1325 4050 περί
1341 3960 1486 4052 άμαρτίας

327 4066 478 4151 ιιαεέιιρινι
500 4062 554 4150 τήν
570 4063 715 4149 άμαρτίαν
728 4068 762 4132 έν
784 4072 820 4154 τῇ
836 4067 940 4151 σαρκλ,
971 4062 1013 4143 ῶς
1031 4067 1080 4132 έπί
1096 4071 1155 4131 τῶν
1171 4063 1226 4131 δύο
1247 4071 1435 4152 Ιμαρτυρίων
1454 4069 1486 4132 iz

329 4172 390 4231 τῶν
411 4166 467 4235 δάο
492 4170 651 4235 ἐπιστολῶν
667 4164 757 4235 'dud
776 4175 831 4234 τοῦ
846 4175 1017 4252 σωματικοῦ
1037 4164 1166 4251 εῦσεβῶς
1185 4167 1236 4234 καί
1258 4166 1314 4252 τήν
1339 4171 1408 4256 περὶ
1433 4175 1486 4236 τοῦ

329 4263 436 4351 ῶμοίου
462 4271 599 4338 8ίννοιοιν
623 4268 703 4353 ἡμᾶς
725 4271 777 4337 καλ
795 4271 845 4336 έπλ
860 4276 916 4336 τοῦ
932 4268 1093 4354 οἰσωμάτου
1108 4269 1221 4356 πατρίς
1236 4294 1269 4335 τε
1285 4272 1337 4337 κτλ
1356 4274 1428 4338 υλοῦ
1443 4276 1484 4337 δι-

363 4405 505 4458 ενεκΧνΙ.
524 4437 554 4449 -
582 4412 604 4462 1.
620 4403 667 4464 σῦκ
684 4407 818 4463 lancem
831 4425 888 4462 ιιιιι.
923 4425 1004 4476 cmxc
1027 4407 1057 4464 δλ
1073 4409 1118 4464 καλ
1133 4407 1162 4466 εδ
1178 4411 1279 4477 πνεῦμα
1300 4403 1372 4478 ἅγιοι
1396 4415 1485 4464 μεσπι

329 4469 376 4528 σῦκ
389 4471 426 4528 ἔτι
440 4477 476 4526 ιδ.
490 4480 565 4539 μελισ.
599 4471 752 4532 οῦκέτιιδίλ
763 4481 888 4530 Peleu-
920 4481 1015 4530 ίσολυείε
1033 4481 1152 4531 Petam.

329 4545 404 4596 verba
420 4540 459 4599 To·
472 4545 571 4614 ταιῦμα
585 4541 615 4602 σε’
629 4551 722 4602 νοεῖται
736 4543 807 4610 νῑῦς,
825 4542 888 4615 δρί-
954 4545 979 4596 2.
988 4544 1102 4613 ,πατρός
1114 4545 1161 4600 καλ
1179 4545 1234 4602 υἱοῦ
1248 4544 1348 4599 addos‘
1366 4551 1484 4600 Ρατιιλιιι

920 4615 1076 4670 mendum
1089 4617 1149 4670 σντλ
1164 4609 1328 4687 διείργοντος,
1346 4613 1393 4672 ιιιλ
1408 4610 1482 4672 αὐτοῦ
