3072 5002
296 255 435 310 rsuann
453 255 517 310 cin.
530 257 576 310 ru.
591 253 676 312 nou.
689 257 708 308 r.
725 255 825 308 nanu.
837 255 961 307 nxx11r.
1146 243 1208 308 tto

58 397 139 457 rere,
166 377 342 464 sapientiam
366 375 455 442 lilium
479 375 640 462 asapienti
664 376 719 442 deo
744 395 779 442 se
803 384 904 462 patre,
937 385 967 439 nt
987 383 1019 439 nt
1037 389 1096 438 une
1117 371 1209 438 uerbo

58 479 161 560 dmm,
184 480 275 544 lilium
292 481 384 567 patris
401 477 604 564 undecumque
624 479 767 558 similem,
801 477 843 542 uti
860 476 950 542 lilium
972 475 1076 563 putria.
1121 475 1211 540 Ausi

57 584 115 666 quis
131 583 229 668 aliqua
243 583 338 647 solum
356 604 397 646 ex
412 593 497 668 parte
513 579 637 646 similem
655 601 723 646 esse
741 579 835 660 dicat,
860 591 893 646 ut
908 591 977 646 ante
992 578 1134 665 scriptum
1149 588 1209 658 est,

56 684 88 750 ab
102 686 228 750 eeclesia
245 685 390 750 catholiea
408 684 535 749 alienum
555 705 623 748 esse
640 703 767 763 censeo,
791 683 923 768 eoquod
942 703 1125 748 esacrsrum
1145 680 1212 746 lite-

56 809 146 854 rarnm
173 789 357 876 praescripto
381 787 455 874 patri
480 785 605 850 similem
627 807 695 852 esse
721 787 811 852 lilium
835 807 895 852 non
918 795 1073 871 agnoscat.
1116 781 1213 849 Lenta

56 903 97 956 est
117 891 190 956 baec
215 889 410 978 subscriptio,
445 900 477 954 et
493 886 612 954 Valenti
630 889 747 954 tradita.
792 888 927 954 Adluere
942 885 1083 966 Marcus,
1115 883 1213 952 Geor-

54 994 131 1078 gius,
154 991 313 1075 Ursatios,
338 990 507 1059 Germanos
522 989 770 1080 etllppatianus,
795 991 943 1079 episcopi,
975 1007 1041 1056 oum
1059 988 1214 1076 presbyte-

55 1097 92 1162 ris
112 1119 146 1162 sc
169 1096 304 1163 diaconis
326 1095 468 1182 pluribus.
1111 1113 1115 1118 ·

134 1198 202 1264 liae
218 1221 307 1286 porro
324 1198 468 1285 epistolae
485 1219 503 1264 a
520 1197 605 1263 nobis
622 1197 669 1264 bin
686 1207 821 1263 attestae
838 1206 924 1276 sont,
949 1206 981 1260 ut
995 1195 1067 1262 illud
1081 1195 1212 1262 cruditus
1261 1205 1321 1274 cop.

56 1303 173 1388 quisque
191 1325 225 1366 sc
239 1323 331 1367 verae
347 1301 412 1367 lidei
431 1301 581 1366 studiosus
596 1299 740 1384 intelligat
758 1322 816 1366 oon
829 1297 959 1364 inaniter
974 1319 1011 1364 ao
1026 1300 1092 1363 sine
1106 1318 1213 1364 caussa
1235 1275 1335 1328 ΠΜ·

56 1429 104 1472 nos
129 1408 159 1471 io
184 1406 312 1492 aliquem
345 1403 465 1483 invebl,
501 1403 555 1468 sed
586 1402 761 1467 certissimis
792 1401 1015 1488 probationibus
1042 1401 1095 1466 niti
1123 1400 1212 1466 velle.

56 1506 191 1575 Ceterum
213 1509 290 1572 idem
317 1506 358 1570 illi
379 1525 482 1572 rursus
499 1527 517 1570 a
533 1505 596 1570 sois
614 1505 832 1584 discesserunt,
868 1525 933 1570 oum
955 1504 993 1568 ob
1014 1503 1130 1590 privata
1147 1502 1216 1568 odia

56 1611 250 1696 humanasque
270 1609 435 1674 simultates
456 1620 486 1674 et
500 1609 713 1674 aemulationes
736 1628 805 1672 sese
822 1607 949 1674 invicem
966 1607 1071 1692 iurgiis
1089 1607 1217 1672 lacessc-

55 1727 131 1794 rcnt,
166 1723 200 1778 et
218 1713 255 1776 de
272 1711 436 1798 principatu
460 1712 687 1778 contenderent.
731 1712 779 1775 An
797 1721 858 1775 tum
876 1706 1130 1775 semiarianorum
1144 1708 1218 1774 istn-

57 1813 272 1903 compartibus
295 1814 387 1880 robur
409 1814 554 1894 accessit,
590 1813 620 1878 io
643 1812 747 1898 quibus
769 1815 852 1878 luere
874 1809 1022 1893 Basilius,
1055 1809 1217 1898 Georgius,

56 1915 193 1983 Silvanus
212 1939 246 1982 ae
262 1918 355 1982 ceteri
375 1918 479 2003 quibus
496 1916 595 1981 caronis
611 1915 760 1980 brachium
778 1914 947 1982 adiumento
962 1925 1045 1996 erat,
1070 1910 1219 1980 Constan-

56 2020 119 2084 tium
136 2023 349 2108 imperatorem
366 2020 510 2102 intelligo.
557 2015 722 2084 Obtinoere
738 2028 835 2083 tamen
851 2019 1034 2102 postmodum
1049 2014 1218 2096 Eudoxius,

57 2134 83 2186 et
97 2122 251 2210 Georgius
268 2122 508 2201 Alexandrinos,
533 2132 564 2186 et
580 2118 714 2186 Euanius
732 2121 949 2186 Antiochenus.
997 2117 1126 2184 Basilius
1146 2138 1219 2183 vero

57 2248 87 2290 ac
102 2225 256 2310 Georgius
269 2222 460 2290 Laodicenos
485 2245 551 2289 oum
576 2224 639 2289 sois
657 2223 771 2289 minore
787 2223 817 2289 in
833 2224 929 2310 pretio
953 2243 1021 2288 esse
1044 2231 1218 2306 cooperunt,

57 2351 116 2393 cnm
142 2331 288 2394 hactenus
310 2327 465 2414 plurimum
486 2326 661 2392 auctoritate
684 2325 859 2392 valuissent.
902 2323 953 2390 Es
974 2323 1012 2390 iis
1030 2343 1149 2390 rursum
1171 2321 1221 2386 alii

57 2431 213 2497 abeodem
238 2431 354 2497 baeresi
375 2453 410 2496 sc
426 2430 542 2518 synodo
560 2427 667 2496 divulsi
682 2439 768 2509 sunt,
798 2429 873 2494 adeo
892 2437 925 2494 nt
941 2427 1121 2494 Asianorum
1139 2434 1221 2490 seets

59 2535 107 2598 tria
133 2535 168 2600 in
193 2534 353 2600 lactionum
379 2533 505 2599 divortia
534 2531 717 2598 discesserit.
771 2529 850 2596 Nam
874 2530 1006 2596 Anneius
1033 2525 1221 2596 Palaestinos

61 2633 226 2702 Gamreac
241 2637 414 2724 episeopus,
448 2657 514 2702 cum
531 2633 676 2716 Meletio,
707 2646 739 2700 et
752 2632 865 2700 Uranie
883 2633 998 2721 Tyrio,
1029 2643 1061 2698 et
1074 2629 1223 2718 Eutychio

61 2735 353 2826 Eleutheropolitano
374 2761 426 2826 pro
443 2759 481 2804 eo
497 2761 555 2824 quo
571 2739 602 2805 in
618 2733 764 2824 Cyrillum
779 2735 1086 2824 Hierosolymitannm
1108 2734 1176 2799 odio
1193 2743 1225 2798 et

61 2840 168 2908 insidia
182 2842 345 2927 flagrabat,
369 2839 502 2920 Basilio,
526 2863 561 2906 ao
577 2838 711 2926 Georgia
727 2838 920 2919 Laodiceno,
944 2833 1067 2903 Silvano
1089 2835 1224 2902 Tarsen-

61 2944 101 3024 si,
131 2943 260 3010 Eleusin
280 2941 453 3032 Cyziceno,
483 2941 662 3009 Macedonio
683 2940 1031 3029 Constantinopolitano,
1064 2936 1223 3006 Eustathio

62 3042 248 3128 Sebasteno,
280 3059 310 3114 et
326 3047 445 3113 Aniaoo
465 3047 654 3114 Antiocheno
672 3046 802 3133 seipsum
824 3045 978 3131 opposuit,
1009 3043 1057 3130 qui
1076 3053 1137 3108 tum
1153 3061 1225 3106 con·

62 3152 149 3217 stituti
169 3173 236 3216 com
258 3161 376 3231 essent,
409 3171 479 3216 snas
493 3151 523 3215 in
538 3171 591 3216 eos
609 3150 691 3218 vires
706 3149 827 3234 collegit
841 3147 991 3228 Aeacius,
1021 3167 1056 3212 ac
1073 3143 1225 3210 turbarum

63 3253 216 3338 plurimum
240 3252 381 3318 concivit.
427 3249 472 3318 lta
496 3254 604 3319 lactum
628 3262 675 3317 est
690 3263 723 3316 ut
738 3273 803 3316 eum
823 3251 853 3316 in
874 3251 976 3316 eadem
995 3248 1105 3334 alioqui
1122 3267 1226 3314 omnes

63 3357 199 3440 opinione
225 3357 339 3435 locent,
371 3375 430 3420 nou
453 3355 557 3420 eodem
582 3366 681 3420 tamen
703 3355 793 3420 modo
814 3351 923 3438 singuli
939 3349 1135 3439 prolessionis
1153 3369 1226 3417 suae

64 3459 216 3526 formulam
241 3457 449 3543 conciperent,
480 3467 509 3521 et
528 3478 545 3522 a
564 3477 598 3522 se
618 3456 745 3522 invicem
768 3455 959 3522 dissiderent.
1004 3451 1055 3519 Es
1077 3474 1136 3539 qua
1152 3452 1226 3518 divi-

64 3562 142 3628 sione
167 3562 198 3626 in
225 3571 286 3624 tres
314 3560 397 3642 illas,
429 3580 503 3646 qnos
529 3561 616 3626 modo
642 3558 789 3638 diximus,
822 3557 967 3624 lectiones
987 3557 1122 3622 distracti
1145 3566 1226 3620 sont.

65 3661 179 3730 Etenim
199 3662 329 3728 Aeacius
354 3685 419 3728 cnm
443 3663 506 3730 suis
532 3683 627 3748 neque
647 3660 927 3728 consubstantialem
947 3659 1094 3727 fatebatur
1110 3678 1178 3724 esse
1195 3656 1229 3722 b·

65 3765 147 3848 bom,
172 3787 271 3852 neque
291 3777 457 3832 creaturam
474 3787 515 3832 ex
533 3778 698 3832 ceterarum
715 3765 819 3831 ordine
837 3785 1022 3830 annumero.
1068 3759 1109 3826 Et
1128 3779 1229 3846 qoam·

66 3869 106 3932 ria
123 3871 228 3935 eadem
244 3891 309 3934 eum
327 3869 392 3936 aliis
408 3869 573 3948 sentirent,
597 3890 680 3934 suam
696 3879 794 3934 tamen
810 3867 978 3953 opinionem
992 3863 1228 3942 dissimulabant,

67 3990 97 4036 se
118 3972 245 4059 tempori
268 3973 436 4040 servientes
458 3982 612 4038 ornaturae
639 3993 745 4037 nomen
770 3970 890 4036 silentio
912 3967 1131 4056 praeteribant,
1163 3985 1229 4030 com

67 4070 178 4141 murina
196 4075 270 4142 nibil
284 4077 321 4142 ab
338 4075 459 4142 Arianis
481 4073 670 4141 dissiderent.
717 4071 829 4139 Verum
847 4093 900 4159 per
917 4072 988 4138 illud
1013 4080 1128 4156 tempus
1154 4068 1231 4155 quod

68 4275 113 4328 τι,
139 4261 206 4318 aurci
230 4281 261 4318 rs
285 4263 337 4318 ruis
366 4260 451 4319 adadu
477 4258 635 4331 στρατεύσας
663 4277 736 4331 μω
752 4257 872 4344 armavit,
884 4267 919 4379 pat
933 4263 1057 4377 osumf

69 4335 350 4454 marowa&
374 4336 457 4452 ”iiio
471 4333 635 4451 rssuppnppo
697 4326 725 4450 ir
738 4328 767 4450 il
782 4329 1023 4448 ppptuaedeodppm
1043 4341 1123 4446 Cillan.
1138 4401 1209 4458 rspst.

68 4467 138 4519 nans
154 4480 241 4522 cnutus
258 4469 355 4538 ipsum,
373 4466 441 4518 idem
461 4466 563 4519 Aeacius
580 4466 631 4518 sei·
1096 4517 1098 4524 .

980 4553 1000 4618 8
1016 4547 1033 4580 s
