3060 5026
290 295 428 348 rinnau
445 293 566 348 trono.
584 295 666 349 rou.
683 297 717 346 u.
735 293 835 347 unua.
848 294 992 346 cxxvur.
1154 283 1214 346 tut

66 413 243 502 Quamquam
259 417 284 481 si
299 437 407 502 corpus
424 416 614 494 consideres,
646 415 763 480 loannis
780 425 875 482 mater
890 435 948 480 non
968 426 1049 494 erat,
1082 417 1135 482 sed
1152 437 1217 482 cam

65 518 151 603 ipsam
170 518 349 604 virginitatis
366 539 433 583 csse
456 518 616 604 principem
635 517 801 604 significare
820 516 929 595 voluit,
962 519 1099 601 quoniam
1114 517 1151 582 ab
1167 519 1219 586 illa

63 623 119 684 rita
145 622 302 706 processit.
357 623 404 686 Ad
430 621 501 686 baec
530 623 686 700 loannem,
719 620 788 685 licet
809 619 924 684 alienos
946 639 981 682 ac
1007 619 1127 684 minime
1149 643 1218 707 pro·

63 725 181 810 pinqnus
197 735 295 802 esset,
329 723 429 788 verbis
445 723 501 788 illis
516 723 623 788 allatus
642 733 705 802 cst,
736 721 778 786 uti
795 733 918 786 matrem
934 721 1134 786 honorandam
1149 742 1217 788 esse

62 837 244 890 monstraret.
290 822 442 910 Siquidem
458 846 498 890 cx
513 826 560 889 illa
578 825 729 904 dominus,
754 824 831 910 quod
847 825 882 889 ad
900 845 1008 911 corpus
1024 825 1145 906 attinet,
1169 846 1218 890 re·

62 949 128 994 vera
144 940 230 994 natus
248 939 310 1007 estc
343 947 381 991 ne
400 929 465 1014 quis
487 931 614 992 luctasse
631 936 723 992 tntum
741 927 955 992 incarnationis
970 926 1119 1012 negotium
1137 937 1219 1014 putet

61 1041 181 1096 extensa
200 1031 318 1117 specie,
352 1053 410 1094 non
436 1029 561 1094 veritate
585 1040 734 1094 constare.
780 1027 860 1095 Nam
878 1030 934 1094 nisi
951 1051 1022 1096 vero
1040 1040 1134 1094 mater
1153 1030 1217 1096 eius

62 1133 223 1212 extitisset,
248 1154 265 1197 a
282 1155 339 1218 qua
355 1154 473 1198 carnem
490 1141 664 1218 acceperat,
697 1153 831 1218 quaeque
844 1133 940 1219 ipsum
957 1143 1132 1218 pepererat,
1157 1153 1216 1198 uon

62 1246 164 1302 unum
190 1237 216 1300 ci
242 1257 342 1300 curam
366 1235 537 1315 adbiberct,
569 1245 602 1300 ut
619 1245 789 1320 perpetuam
813 1234 958 1320 virginem
983 1236 1215 1317 commendaret,

61 1359 128 1422 qnae
145 1349 177 1402 ct
193 1349 287 1402 mater
303 1338 339 1402 ob
356 1349 524 1424 susceptum
542 1357 580 1403 es
598 1338 660 1424 ipsa
679 1358 786 1423 corpus
811 1337 935 1419 luisset,
968 1349 998 1402 et
1014 1337 1051 1400 ob
1065 1336 1143 1400 illius
1164 1336 1216 1400 bo-

62 1461 156 1504 norem
180 1450 268 1526 atque
290 1439 461 1504 admirabile
483 1442 617 1526 corporis
640 1440 684 1505 sui
709 1461 762 1506 vas
786 1440 893 1504 nullam
919 1440 1011 1504 labem
1033 1431 1233 1505 admisisset(

63 1539 117 1606 set
134 1544 230 1629 pergit
246 1543 431 1628 evangelium
449 1554 496 1622 et,
521 1548 570 1606 lle
588 1546 657 1619 illu,
691 1541 801 1628 inquil,
835 1547 880 1605 dic
894 1548 1076 1624 cocepr‘teorn
1092 1547 1217 1624 dricr'pu·
1329 1537 1330 1542 ¹

61 1647 101 1706 lus
120 1650 158 1708 cd
172 1668 242 1709 aare.
291 1647 381 1730 Atqui
403 1645 428 1710 si
445 1657 475 1709 et
491 1645 585 1710 virum
604 1644 745 1726 baberet,
771 1657 802 1710 et
822 1646 958 1724 domum,
983 1657 1013 1709 et
1028 1645 1155 1724 liberos,
1180 1644 1216 1710 ad

61 1767 107 1810 sua
129 1749 226 1834 potius
249 1769 334 1833 quam
360 1749 395 1812 ad
418 1749 545 1812 alienum
568 1767 637 1812 sese
660 1749 821 1812 conferret.

139 1847 257 1914 Vereor
273 1871 310 1914 ne
330 1849 385 1914 boc
408 1852 502 1936 ipsum
526 1852 601 1935 quod
619 1849 742 1914 dicimus
761 1849 856 1915 lrandi
876 1850 916 1914 sit
934 1850 1097 1935 aliquibus,
1130 1862 1163 1916 ut
1180 1851 1216 1916 ad
1236 1853 1353 1924 capta

61 1953 281 2018 contubernales
304 1973 340 2016 ac
355 1953 493 2032 dilectas,
525 1973 597 2038 quas
622 1963 747 2032 vocant,
780 1953 903 2018 leminas
922 1954 1108 2034 retinendas,
1139 1953 1217 2038 quod

59 2075 145 2138 penus
163 2055 293 2139 pessimo
312 2054 369 2119 sibi
385 2055 474 2120 auirci
491 2076 594 2120 errore
610 2053 766 2120 machinati
783 2066 867 2133 sunt,
893 2057 990 2120 lucum
1006 2055 1074 2121 inde
1090 2056 1217 2140 aliquem

61 2167 87 2220 et
100 2158 227 2222 colorem
254 2159 419 2222 accessisse
444 2158 610 2222 videantur.
656 2155 769 2222 Verum
791 2157 849 2221 illic
867 2167 949 2222 certa
972 2157 1096 2242 quadamr
1118 2159 1217 2242 provi-

61 2259 170 2324 dentiae
188 2260 302 2324 ratione
320 2259 522 2324 administrata
538 2272 607 2325 sunt
625 2260 742 2339 omnia,
776 2259 816 2324 ita
834 2269 867 2323 ut
883 2270 974 2323 totum
993 2259 1048 2322 boc
1065 2259 1217 2344 negotium

60 2362 92 2424 ab
106 2363 229 2429 aliorum
247 2361 397 2442 omnium,
421 2383 496 2448 qnae
517 2384 555 2428 ex
575 2361 621 2428 dci
638 2362 775 2428 mundato
794 2362 970 2449 praestanda
987 2372 1073 2440 snut,
1106 2363 1217 2426 officio-

61 2485 117 2528 rum
132 2467 199 2551 lege
219 2477 299 2530 esset
316 2486 350 2529 ao
366 2465 543 2531 necessitate
568 2466 743 2530 seiunctum.
789 2462 951 2530 Praeterea
976 2477 1166 2551 posteaquam
1181 2465 1217 2530 il·

61 2567 101 2631 lud
118 2570 158 2632 ita
173 2580 288 2655 gestum
304 2579 362 2648 cst,
388 2578 416 2631 et
433 2567 469 2632 ad
485 2588 553 2632 sese
569 2568 645 2632 illam
662 2566 786 2652 accepit,
812 2588 869 2630 non
888 2567 1012 2653 amplios
1029 2569 1104 2653 apud
1121 2568 1215 2653 ipsum

61 2672 225 2754 permansit.
273 2670 360 2755 Quod
381 2671 407 2734 si
428 2669 502 2734 lalso
522 2669 625 2734 iactari
643 2669 785 2755 quispiam
806 2691 822 2733 a
841 2668 925 2734 nobis
943 2669 1112 2748 existimet,
1146 2669 1216 2734 linet

61 2792 203 2839 sacrarum
220 2774 370 2838 literarum
390 2773 516 2857 vestigia
535 2772 720 2851 consectari,
744 2771 773 2835 in
793 2771 896 2858 quibus
917 2772 1024 2837 nullam
1043 2772 1079 2836 ds
1098 2769 1217 2836 Mariae

62 2875 133 2939 obitu
150 2876 330 2941 mentionem
349 2875 496 2960 reperiet,
521 2885 634 2938 mortua
650 2874 706 2952 sit,
731 2893 846 2954 neone,
879 2875 1013 2960 sepulta,
1036 2894 1072 2936 an
1091 2895 1150 2937 nou
1167 2894 1215 2938 se-

62 2978 133 3062 pulta
151 2980 251 3042 luerit.
299 2977 345 3042 Ac
361 2999 426 3042 cum
448 2975 577 3041 loannes
592 2976 708 3040 interim
726 2977 756 3040 in
777 2977 878 3041 Asiam
896 2977 1046 3061 proiectus
1065 2977 1121 3054 sit,
1145 2997 1216 3041 uus-

62 3101 138 3163 quam
158 3092 255 3146 tamen
273 3082 303 3144 b.
324 3081 466 3164 virginem
493 3079 607 3142 itineris
627 3077 762 3174 comitem
790 3099 889 3142 secum
916 3078 995 3142 illum
1016 3077 1154 3144 babuisse
1176 3079 1217 3143 si·

62 3185 191 3264 gnilicat,
215 3186 266 3247 scd
283 3185 319 3247 de
336 3203 370 3246 ea
389 3203 420 3245 re
441 3181 556 3267 penitus
573 3179 719 3267 scriptura
737 3181 925 3260 conticescit,
956 3180 984 3244 id
1001 3182 1075 3265 quod
1097 3191 1217 3268 propter
1271 3214 1274 3229 ν

63 3286 256 3350 admirationis
275 3285 487 3349 vehementiam
508 3286 615 3348 lactum
633 3284 778 3362 arbitror,
803 3304 840 3345 nc
855 3283 1003 3348 bominum
1022 3285 1136 3350 animos
1155 3305 1216 3348 rna·

63 3386 146 3452 iorem
163 3389 307 3474 qnondam
327 3388 356 3450 in
372 3396 521 3472 stuporem
539 3386 712 3450 coniiceret.
757 3383 824 3469 Ego
841 3384 919 3450 enim
937 3387 1128 3473 pronuntiare
1144 3386 1215 3452 illud

63 3511 182 3570 vereor,
217 3501 246 3554 ct
265 3489 353 3554 tacita
379 3490 453 3574 apud
478 3509 523 3552 rne
546 3487 725 3572 cogitatione
750 3499 891 3573 reputans
915 3489 983 3553 mibi
1005 3490 1151 3553 silentium
1171 3489 1216 3554 in·

63 3591 131 3655 dico.
179 3589 294 3677 Quippe
311 3592 385 3656 baud
402 3590 465 3654 scio
481 3612 517 3652 an
536 3591 571 3653 dc
591 3589 776 3654 sanctissima
795 3590 843 3654 illa
861 3612 896 3656 ac
913 3591 1084 3658 beatissima
1098 3591 1214 3676 virgine

64 3693 181 3760 obscura
198 3695 338 3780 quaedam
358 3693 486 3756 inveniri
511 3692 635 3778 vestigia
659 3693 792 3778 possint,
826 3715 899 3778 quae
917 3695 1058 3760 incertam
1076 3693 1162 3758 nobis
1179 3693 1215 3756 il-

63 3794 111 3860 lius
129 3799 232 3862 mortis
256 3798 341 3862 fidem
365 3797 485 3862 laniant.
531 3793 609 3859 Nam
630 3817 670 3860 ex
687 3817 742 3859 nna
764 3806 847 3882 parte
866 3797 935 3861 illud
959 3797 1104 3877 occurrit,
1138 3796 1214 3880 qnod

65 3897 94 3961 de
109 3899 156 3964 illa
176 3903 362 3985 pronuntiat:
396 3903 437 3962 Et
453 3912 529 3962 tuom
547 3903 636 3980 ipsius
653 3904 774 3962 onrinmn
787 3904 925 3981 pmnodet
945 3904 1080 3980 gludrirs,
1115 3911 1147 3964 ut
1167 3921 1212 3961 re-
1225 3913 1355 3972 uocate

64 4013 188 4081 teguntur
209 4027 246 4066 er
262 4007 412 4065 multorum
431 4004 564 4065 cordibus
580 4007 775 4082 cogitationes.
812 4001 938 4066 Aliunde
956 4024 1027 4068 vero
1045 4003 1074 4065 in
1092 4002 1370 4088 Apooa·upcc.u,1a.

65 4101 131 4188 lypsi
149 4102 269 4170 loannis
286 4106 428 4190 legimus,
452 4109 608 4168 meconem
628 4109 763 4166 adversam
776 4108 919 4167 mulierem
931 4126 1118 4186 properasse,
1143 4127 1216 4188 quoe

66 4225 160 4270 rnorem
176 4220 342 4291 maeret,
375 4219 404 4268 el
418 4211 499 4270 mter
515 4213 544 4269 er'
559 4230 619 4269 esse
636 4229 745 4288 pennos
761 4211 890 4289 aquilae,
925 4221 956 4268 et
970 4211 1137 4270 translatum
1154 4231 1215 4270 esse

65 4311 252 4386 rirdeserturn,
277 4334 313 4373 ne
325 4331 384 4372 cnm
400 4315 487 4372 druco
500 4315 755 4392 comprehenderet.
803 4307 889 4392 Quod
906 4309 1021 4394 quidem
1038 4308 1068 4372 in
1082 4310 1130 4374 illa
1146 4330 1214 4374 csse

65 4423 152 4492 potest
166 4415 326 4499 impletum.
373 4411 557 4498 Quamquam
576 4413 647 4478 illud
676 4434 735 4477 non
754 4411 865 4476 affirmo
884 4413 1016 4498 penitus,
1051 4423 1214 4498 nequeant

93 4547 114 4600 5·
131 4541 161 4607 ἄν
178 4555 255 4606 onte.
273 4554 370 4606 incdit
389 4555 470 4604 Pctus.
