3066 5016
223 321 361 376 rnnnnn
378 321 443 374 nnn
455 321 502 376 nr.
519 321 603 376 ron.
618 321 649 374 n.
668 319 783 374 mos.
801 321 867 374 ern.
887 321 1030 374 cernon.
1144 307 1206 372 515

55 452 84 506 et
99 442 230 528 spiritum
257 453 390 508 sanetum
409 463 426 508 a
448 451 531 528 patre
556 441 673 526 filioque
697 463 755 506 non
775 441 920 520 alienum,
955 440 1132 519 trinitatem,
1162 440 1208 503 in-

54 565 155 629 quam,
179 563 254 630 qnae
270 544 461 630 campensis,
485 565 581 629 nequo
595 543 681 608 ullius
695 545 876 609 accessionis
893 553 992 627 egeat,
1017 563 1112 626 neque
1127 543 1209 626 quio-

53 669 136 731 quanr
167 647 197 710 in
224 667 292 712 sese
323 647 449 712 inferius
472 646 596 726 haheat,
630 667 764 732 quaeque
790 648 824 710 od
848 646 1026 730 singularem
1052 646 1206 726 unitatem,

52 751 225 836 unicumque
240 751 286 814 dei
303 770 337 814 ac
356 749 447 834 patris
471 748 643 834 principiam
670 751 828 814 celeratur.
874 746 922 812 Ab
941 746 1044 813 eadem
1064 748 1207 828 trinitate,

53 864 151 938 patre,
184 853 243 918 lilio
270 861 301 916 et
326 851 430 938 spiritu
453 862 557 916 saneto
582 862 681 917 creata
704 871 773 916 esse
799 846 921 930 cuncta,
952 870 1027 934 quae
1054 849 1208 933 aliquando

53 977 111 1019 non
127 955 306 1034 extiterant,
340 973 519 1038 nequecnnr
543 953 598 1019 deo
616 965 701 1032 sunt,
734 973 790 1018 oco
808 963 876 1019 onte
894 955 1027 1031 lucrant,
1058 953 1110 1016 scd
1130 972 1147 1014 e
1166 951 1210 1014 ni-

53 1056 112 1122 hilo
128 1055 235 1141 eliquid
254 1077 322 1121 esse
339 1067 518 1142 coeperunt,
551 1065 685 1142 epatre,
712 1056 772 1120 lilio
797 1067 957 1139 sanctoque
980 1054 1084 1139 spiritu
1104 1053 1211 1139 prodo-

52 1169 111 1222 eta.
158 1157 244 1224 lluuc
258 1159 352 1243 ipsum
370 1169 481 1243 patrem
499 1170 529 1222 ct
545 1158 634 1223 hlium
650 1169 680 1222 et
697 1157 830 1243 spiritum
847 1167 980 1222 sanctum
996 1157 1033 1220 ab
1052 1156 1125 1219 orbe
1141 1175 1212 1220 con·

52 1261 114 1324 dito
136 1260 246 1326 sanctis
263 1261 326 1328 sois
345 1261 508 1346 pervisum
524 1261 714 1347 apparuisse,
738 1271 876 1345 qnantum
895 1279 1002 1346 capere
1020 1259 1143 1343 quisquc
1161 1281 1210 1344 po·

51 1373 146 1442 terat,
178 1383 213 1428 ao
229 1384 282 1448 pro
300 1383 338 1426 eo
354 1385 389 1427 ac
407 1363 527 1428 cuilibet
543 1365 756 1430 communicata
773 1385 826 1449 per
842 1363 1023 1428 divinitatem
1040 1361 1136 1446 gratia
1153 1372 1211 1440 est,

49 1487 139 1549 qnam
164 1465 201 1532 iis
229 1465 363 1530 omnibns
393 1465 440 1548 qui
468 1465 659 1531 merebantur
685 1465 835 1551 impertiit.
892 1463 937 1530 lta
963 1465 1053 1550 patris
1077 1476 1213 1550 aspectus

50 1567 212 1652 unicuique
229 1568 392 1653 permissus
407 1578 470 1646 est,
504 1579 644 1654 mantum
658 1589 762 1633 vocem
778 1569 855 1632 illins
873 1568 991 1642 andire,
1015 1589 1050 1632 ac
1066 1578 1151 1653 prout
1168 1587 1216 1632 ca·
1323 1565 1330 1578 '

50 1691 124 1755 pere
142 1681 269 1756 poterat.
314 1668 354 1734 Ut
371 1691 436 1734 cnm
458 1690 510 1756 pcr
531 1669 638 1736 lsaiam
660 1671 701 1734 ita
718 1671 862 1755 loquitur,
892 1675 968 1732 Ecce
985 1673 1128 1750 intelliget
1137 1691 1212 1760 puer
1223 1683 1368 1740 aurnuns

49 1793 132 1836 mens
145 1777 276 1836 dilectae.
324 1769 409 1855 Quae
426 1773 515 1858 patris
530 1773 622 1858 ipsios
639 1771 732 1838 rerba
749 1783 828 1838 sunt.
876 1770 928 1838 Sic
945 1771 1051 1836 Daniel
1066 1771 1215 1856 antiquum
1239 1783 1356 1842 oceno.

49 1875 135 1938 illurn
158 1874 271 1940 dierum
298 1874 389 1955 vidit3
423 1875 500 1958 quod
524 1875 620 1940 visum
646 1876 737 1960 patris
760 1875 907 1960 proprium
935 1876 999 1939 luit.
1045 1872 1216 1958 Quinetiam

48 1979 130 2062 apud
151 1978 238 2042 aliurn
253 1971 444 2063 prophetam,
470 1981 549 2058 Ego,
574 1977 685 2061 inquit,
709 1983 830 2040 varanes
843 1980 1044 2057 multiplicavi,
1069 1989 1100 2039 et
1111 1983 1140 2040 r'n
1154 1993 1276 2042 rna-one
1290 1993 1323 2047 ιι,
1337 1991 1368 2036 ro.

46 2083 139 2144 aibas
151 2085 352 2162 prophetorum
376 2083 550 2142 anconitano
569 2101 641 2142 snm.
688 2077 732 2142 Ea
749 2101 810 2144 vox
827 2088 873 2142 cst
889 2079 938 2142 lilii
956 2077 1084 2164 propria.
1130 2079 1217 2166 Apud

49 2179 248 2246 Ezechielem
274 2201 364 2261 vero,
395 2186 436 2243 Et
457 2187 623 2262 assmpsit,
655 2180 767 2264 inquit,
799 2185 918 2262 spirituc
936 2185 999 2256 dei,
1032 2187 1371 2255 etca'eca'tmenmtnpa.

47 2290 79 2346 r'n
106 2307 248 2366 campum.
296 2281 381 2367 Quod
408 2284 444 2347 ad
468 2283 602 2368 spiritum
627 2293 761 2348 sanctum
786 2283 924 2367 pertinet.
979 2281 1132 2350 Eiusmodi
1159 2285 1215 2350 alia
1249 2247 1319 2294 'm'

48 2387 183 2472 proferri
202 2407 286 2470 qnam
305 2386 428 2472 plurima
447 2395 587 2471 possuut3
611 2385 751 2470 equibus
770 2405 862 2470 pauca
879 2388 1021 2470 quaedam
1039 2385 1135 2452 obiter
1151 2407 1219 2473 pro-

47 2491 221 2574 posuimus.
266 2493 366 2572 Atque
388 2499 420 2551 nt
438 2489 584 2574 propriam
605 2488 749 2552 ecclesiae
774 2490 896 2552 formam
920 2511 954 2552 ac
976 2499 1061 2554 nous
1082 2491 1219 2554 ostende·
1287 2529 1290 2537 ·

47 2611 178 2670 remos,
211 2592 267 2654 duo
290 2590 385 2654 triave
411 2591 499 2657 verha
526 2590 554 2654 in
578 2590 704 2654 medinm
730 2591 897 2666 attolimus,
931 2611 971 2656 es
993 2591 1113 2656 infinitis
1132 2591 1218 2670 locis,

47 2715 132 2778 qnae
150 2692 267 2758 illorum
285 2692 443 2756 similia-in
455 2692 633 2777 scripturis,
667 2713 701 2756 ao
719 2703 777 2756 tanr
793 2703 896 2758 vetere
921 2714 1006 2777 qnam
1035 2715 1113 2760 novo
1129 2703 1220 2759 tecla·

48 2806 161 2860 mento
189 2795 338 2877 leguntur.
384 2793 458 2860 lllud
482 2815 555 2860 raro
573 2795 695 2881 insuper
718 2795 845 2860 ecclesia
869 2797 1040 2880 profitetur,
1072 2797 1220 2862 dominum

45 2897 154 2982 ipsum
183 2918 290 2982 corpus
320 2896 436 2960 Adamo
461 2897 641 2976 lubricasse,
675 2909 706 2962 et
727 2903 881 2980 inoperasse
905 2901 953 2962 r'llr'
971 2903 1102 2980 moratum
1130 2905 1214 2974 citae,
1256 2921 1348 2968 osan

46 3020 121 3063 cnm
145 2999 294 3064 viventem
312 2999 340 3062 ci
358 3012 527 3084 procrearet
543 3001 681 3064 animam.
728 2999 807 3066 Tum
826 2999 926 3087 Moysi
948 3001 1043 3085 legem
1061 3001 1218 3068 tradidisse

45 3103 145 3168 deum
165 3100 259 3185 ipsum
274 3112 405 3187 patrem,
428 3103 517 3166 hlium
538 3113 569 3164 et
582 3101 717 3188 spiritum
738 3114 888 3183 sanctum,
913 3113 1051 3188 quaeest
1070 3105 1219 3170 nna‘divi·

45 3205 149 3268 nitas.
205 3201 321 3268 Deinde
346 3204 383 3268 ah
413 3205 514 3269 cadem
542 3205 695 3268 divinitate
722 3205 878 3290 prophetas
906 3226 972 3270 esse
996 3206 1116 3270 missos.
1170 3206 1219 3270 Ad

44 3307 129 3372 haec
150 3316 283 3371 nostrum
300 3307 380 3371 illum
400 3307 485 3372 denna
503 3303 679 3372 ludaeorum
700 3327 734 3371 ao
751 3305 988 3372 Christianorum
1007 3328 1075 3371 esse
1091 3329 1222 3373 commn-

44 3431 146 3488 ncrn‚
174 3410 222 3494 qui
240 3406 366 3474 ludaeos
383 3411 418 3476 ad
438 3409 674 3474 iustificationcm
694 3429 747 3474 eos
763 3409 900 3489 vocavit,
924 3411 971 3494 qni
988 3411 1221 3476 incarnationem

43 3516 155 3598 ipsam
176 3509 284 3575 donnini
301 3513 393 3576 nostri
414 3508 482 3576 lesu
503 3509 615 3578 Christi
634 3533 815 3598 nequaqnam
838 3511 1039 3596 abnegarent,
1063 3516 1170 3598 quique
1188 3511 1223 3576 il·

43 3613 94 3678 los
116 3631 229 3678 omncs
254 3624 355 3678 servat
373 3615 421 3699 qni
442 3635 481 3678 ex
502 3634 591 3680 verae
616 3614 708 3700 ipsius
733 3613 801 3679 fidei
818 3616 1001 3701 praescripto
1029 3616 1117 3680 vitam
1140 3615 1225 3679 insti·

43 3727 165 3794 luunt,
202 3736 297 3800 neque
321 3717 456 3780 sincerae
481 3727 509 3780 et
535 3718 725 3802 evangelicae
747 3717 826 3782 illins
849 3718 1000 3782 doctrinae
1026 3718 1224 3803 praedicatum

42 3821 171 3904 ubique
188 3817 293 3901 dogma
310 3830 464 3904 respuunt.
510 3817 603 3884 Venit
619 3820 714 3897 enim,
739 3821 821 3884 venit
836 3820 1023 3904 nnigenitns,
1048 3821 1146 3904 itaque
1164 3837 1227 3882 rna-

43 3934 95 3986 ter
113 3919 252 3985 ecclesia
270 3921 434 4004 prolitetor.
481 3918 566 4004 Quae
585 3921 758 4006 tranquillos
783 3922 864 4006 pacis
890 3932 993 4006 portus
1018 3930 1080 4000 est,
1113 3931 1143 3984 ct
1159 3940 1228 3986 soa-

43 4030 134 4092 vitas
167 4023 308 4107 quaedam
334 4023 403 4086 vitis
427 4045 544 4105 cyprum
567 4028 713 4100 redolens,
746 4034 776 4088 et
797 4029 884 4086 otium
907 4023 992 4088 nohis
1011 4021 1224 4088 benedictionis
1238 4033 1303 4079 cunc.
1317 4035 1338 4085 1.
1348 4032 1379 4076 ¹⁴·

42 4131 241 4217 proferens,
276 4145 330 4188 nec
352 4147 410 4188 nou
436 4136 466 4190 et
485 4127 755 4212 praesentissimum
780 4125 850 4190 illud
879 4125 1075 4208 abstergendo
1100 4125 1228 4189 moerori

41 4243 184 4320 potum,
208 4247 318 4291 merum
341 4228 474 4309 scilicet,
506 4249 541 4292 ac
564 4250 666 4293 nerum
690 4224 801 4293 Christi
824 4228 996 4314 sanguinem
1020 4228 1149 4312 quotidie
1172 4228 1230 4292 lar-

41 4337 161 4428 glans.

79 4508 108 4558 5.
132 4497 633 4566 :mammaemammal
700 4499 725 4553 6.
744 4498 816 4568 πόμα
832 4502 882 4552 coa
900 4503 945 4551 ten.
963 4505 984 4551 et
998 4501 1061 4552 editt
1088 4503 1166 4568 adpo
1180 4499 1231 4552 eod.

37 4581 124 4642 plone
145 4575 257 4632 tamum
274 4576 315 4620 cst.
668 4571 765 4634 dibrdlp.

948 4655 1019 4721 33*
