3058 5014
286 332 424 388 nassau
441 332 505 386 ura.
523 333 567 384 ur.
584 331 667 384 nom.
681 333 701 384 r.
717 329 818 383 nana.
835 329 957 383 nxxvr.
1139 315 1200 386 abb

53 453 179 532 eontulitp
213 464 245 516 ut
268 473 306 517 ne
329 452 445 516 illorum
469 452 565 516 errori
592 451 677 516 fidem
703 451 862 516 babeamus
884 471 958 534 quos
986 466 1138 534 perperam
1165 451 1201 514 ad

53 555 227 622 temerariam
243 555 396 638 gentilium
410 555 577 640 opinionem
592 575 628 616 an
642 554 883 638 superstitionem
900 552 1114 616 adhaerescere
1131 573 1201 616 oon·

52 658 203 735 riueimos,
238 669 269 721 et
293 677 408 721 omnem
436 667 602 720 ereaturam
628 657 805 718 adorandam
832 675 900 718 esse
926 654 1074 738 profiteri,
1110 675 1202 738 quarr-

51 761 150 822 tumais
167 760 243 845 patri
261 760 300 823 sit
318 757 485 836 dissimilis,
509 758 559 842 qui
576 757 761 822 adoratorio
779 756 856 835 lilio,
880 767 910 820 ot
924 757 982 820 lilio
998 757 1047 840 qui
1064 756 1204 820 adoratur

50 861 176 947 inpatre
199 883 264 926 eum
286 872 391 926 saneto
412 861 535 946 spiritu,
559 859 606 924 oui
628 857 723 944 gloria
745 859 835 924 sitin
858 859 989 922 aoeoula.

124 964 207 1028 Aelii
226 961 322 1049 Caput
339 961 400 1028 xl.
447 960 480 1026 Si
495 963 625 1047 ingenita
641 974 746 1026 natura
762 962 910 1046 praeditus
925 962 998 1025 deus
1017 963 1203 1048 omnipotens

49 1065 160 1148 genitae
180 1077 304 1131 naturae
321 1065 520 1130 uouditiooem
539 1065 568 1130 in
586 1085 654 1128 sese
672 1085 729 1128 non
746 1063 901 1148 agnoseit,
936 1063 1012 1128 iilius
1030 1084 1102 1128 vero
1119 1065 1203 1148 paui·

49 1177 100 1230 tam
116 1178 250 1232 naturam
264 1167 377 1232 babens
391 1166 537 1230 eiusmodi
554 1187 588 1232 se
602 1167 697 1252 qualia
715 1177 761 1232 est
778 1167 931 1252 agnoseit,
955 1187 1054 1231 nonne
1073 1178 1133 1232 tota
1153 1167 1202 1230 illa

48 1269 301 1336 nonsubstaatiaiis
315 1268 392 1334 ratio
407 1269 535 1336 mendax
549 1280 597 1334 est
611 1289 645 1332 ao
664 1270 747 1349 laisa,
773 1291 839 1334 num
854 1270 930 1334 alter
945 1269 1105 1354 ingenitum
1120 1289 1201 1348 sese,

50 1373 176 1454 genitum
199 1371 275 1436 alter
296 1373 460 1456 agnoscat?

123 1470 249 1540 Conlut.
268 1470 327 1537 xt.
374 1471 481 1538 Attius
498 1473 564 1552 ille,
596 1473 693 1557 quiin
713 1473 812 1538 divina
833 1484 936 1538 aratura
953 1473 1112 1540 diserimen
1131 1497 1201 1538 oon·

47 1575 168 1640 stituere
191 1597 226 1640 ao
250 1575 391 1640 terminos
408 1576 550 1659 quosdam
571 1576 692 1640 delinire
710 1575 882 1660 disputando
900 1586 1103 1656 corruissent,
1137 1601 1202 1642 oum

46 1689 145 1742 uatura
163 1677 342 1742 uouditionia
360 1689 441 1742 esset
460 1677 621 1754 bumauae,
654 1679 760 1762 quique
779 1698 905 1764 eaquae
928 1690 1061 1744 naturam
1085 1703 1201 1746 omnem

45 1792 184 1865 superant
206 1802 264 1846 oon
287 1801 327 1844 en
351 1799 504 1844 sacrorum
528 1779 706 1862 auctoritate
732 1779 899 1858 literarum,
932 1782 983 1846 sed
1006 1803 1047 1846 ea
1069 1783 1203 1848 humanis

45 1881 316 1948 ratiocinationibus
334 1881 584 1967 eomprebeudere
601 1881 731 1960 studuit,
755 1884 817 1959 sio,
842 1884 979 1968 inquam,
1009 1885 1058 1949 ille
1074 1907 1203 1970 pronun·

44 1985 139 2048 tituil:
166 1981 406 2070 Omnipoteutem
429 1985 532 2064 deuna,
564 2005 629 2050 oum
650 1995 754 2049 aratura
772 1985 811 2048 sit
826 1986 992 2068 ingenitus,
1022 1989 1153 2072 genitum
1171 2009 1204 2054 se

44 2098 144 2150 natura
173 2107 354 2173 nequaquam
378 2087 556 2171 intelligere.
603 2084 689 2168 Quod
716 2088 831 2172 quidem
858 2088 897 2150 ita
921 2099 1077 2172 perpetuo,
1113 2101 1143 2152 et
1168 2091 1203 2154 ab

42 2188 103 2273 ipsu
118 2190 206 2254 initio
222 2189 369 2253 sermonis
386 2191 533 2268 asseruit,
558 2197 590 2254 ul
607 2211 623 2252 a
642 2189 793 2254 veteribus
812 2189 934 2254 Arionis
951 2190 1111 2270 dissidente
1135 2191 1205 2256 lieet

42 2291 128 2356 lilium
146 2291 330 2375 onipemtum
346 2293 494 2378 appellare
510 2291 721 2359 dissimulando
736 2291 876 2357 uoluerit.
921 2288 995 2356 iliad
1012 2313 1101 2372 vero,
1126 2293 1205 2358 veri·

42 2395 107 2458 tatis
123 2395 191 2472 biii,
217 2393 322 2477 ubique
337 2392 494 2478 diligenter
513 2394 666 2474 attendite,
692 2394 933 2478 quemadmodum
950 2415 966 2456 a
983 2405 1064 2481 patre
1079 2398 1204 2460 eoadem

40 2496 214 2562 abalienare
232 2497 346 2582 penitus
364 2497 499 2574 studeat,
533 2517 588 2560 neo
607 2497 666 2560 ullo
681 2498 767 2563 modo
783 2497 901 2561 divinae
916 2496 1100 2562 substantiae
1116 2499 1205 2583 parti·

41 2599 134 2684 eipem
158 2619 227 2663 esse
251 2619 292 2662 ex
316 2599 361 2664 bis
378 2599 515 2662 ostendat
531 2619 606 2683 quae
624 2599 782 2667 identidem
801 2610 915 2664 temere
938 2600 1129 2685 pronuntiare
1146 2623 1204 2666 uou

40 2701 168 2768 dubitat.
216 2699 294 2766 Nam
310 2723 376 2766 oum
397 2711 508 2786 patrem
524 2713 641 2788 assem
657 2701 818 2786 ingenitum
835 2721 904 2766 sese
922 2723 1122 2788 eognosoere,
1154 2723 1205 2768 ne·

41 2825 96 2886 poe
112 2805 282 2870 naturalem
303 2805 333 2868 in
351 2825 384 2870 se
400 2804 561 2888 generandi
580 2804 744 2870 suauitatem
764 2823 831 2868 esse
854 2805 951 2884 scire,
988 2808 1096 2869 trustra
1117 2807 1205 2872 lilium

40 2906 86 2969 rel
109 2905 261 2972 voeabulo
284 2917 370 2972 tenus
389 2907 478 2970 blium
505 2906 641 2991 appellat.
690 2904 799 2972 Verum
825 2907 910 2971 laeile
926 2910 991 2972 eius
1012 2909 1108 2972 oratio
1127 2911 1207 2973 relu-

39 3008 164 3074 tabitur.
210 3007 290 3072 Nam
309 3019 340 3073 et
356 3009 505 3092 ingenitus
521 3020 567 3074 est
581 3023 684 3094 pater,
707 3020 739 3073 et
759 3010 942 3094 unigenitum
962 3010 999 3073 ab
1015 3022 1138 3076 aeterno
1155 3031 1206 3096 ge·

39 3111 120 3191 nuit,
155 3133 223 3176 oum
248 3121 380 3176 naturam
408 3109 515 3176 babeat
537 3113 680 3176 eiusmodi
706 3133 780 3196 quae
803 3113 860 3176 sibi
879 3113 933 3197 ipsi
953 3114 1135 3178 eonveniens
1153 3115 1204 3178 ait.

40 3209 200 3298 Siquidem
225 3235 313 3278 anunm
331 3235 367 3278 ao
385 3213 480 3278 solum
498 3213 653 3296 unigenam
673 3215 760 3279 lilium
777 3216 897 3300 genuit,
927 3215 1119 3301 spiritumque
1139 3237 1207 3302 pro·

38 3315 127 3380 duxit
145 3317 230 3384 solos
249 3337 314 3380 oum
338 3315 490 3400 unigenito
515 3317 579 3380 soln
596 3317 731 3402 genitor,
765 3319 815 3402 qui
831 3341 897 3382 cum
918 3319 976 3382 filio
991 3318 1055 3382 aiae
1074 3318 1133 3382 ullo
1150 3317 1207 3382 ini·

38 3418 80 3482 tio
95 3419 205 3506 genito
221 3418 308 3482 simul
324 3419 445 3496 existit,
469 3429 518 3498 et,
542 3441 607 3484 oum
623 3417 743 3505 spiritus
759 3422 810 3498 sit,
835 3422 968 3506 spiritum
985 3421 1097 3504 genuit.
1143 3419 1207 3487 Ne·

38 3543 95 3603 pue
115 3542 194 3586 vero
210 3541 316 3605 eorpus
334 3523 471 3605 estquod
489 3544 633 3607 corporeo
651 3543 733 3588 more
750 3524 945 3602 distrahatur,
970 3534 1022 3588 aut
1038 3543 1208 3608 eorrumpe-

39 3632 86 3686 tnr
102 3634 311 3708 augeaturne,
341 3623 387 3688 sel
401 3624 563 3688 sectionem
579 3625 717 3710 patiatur.
764 3622 963 3708 Quamobrem
980 3626 1035 3691 etsi
1051 3627 1080 3692 io
1098 3625 1206 3691 ueteris

37 3727 182 3790 omuibus
201 3747 276 3810 quae
292 3727 433 3812 gignunt,
465 3739 515 3792 aut
531 3727 708 3814 pignoratur,
739 3729 816 3792 aliud
841 3729 1004 3794 nenessitas
1026 3730 1087 3814 ipsa
1107 3725 1208 3793 coodi-

38 3827 132 3892 tionis
154 3831 251 3908 ierat,
283 3839 378 3894 tamen
398 3831 444 3894 bio
462 3831 548 3896 unius
562 3832 598 3892 ad
619 3851 706 3894 unum
723 3843 892 3916 comparata
919 3831 1046 3916 dignitas
1066 3829 1206 3898 dissimile

38 3931 183 4014 quiddam
210 3942 255 3995 est
277 3933 313 3995 ob
339 3933 403 3996 aliis
421 3932 539 3996 sortita.
585 3929 669 3997 Unde
690 3944 720 3996 et
737 3934 854 4017 genitus
871 3935 935 4019 ipse
955 3933 1064 3996 eximia
1083 3934 1209 4016 quadam

36 4033 165 4100 ratione
183 4055 199 4096 a
218 4045 317 4120 patre,
350 4035 397 4119 qui
416 4033 626 4098 admirabiliter
646 4036 765 4118 genuit,
798 4047 934 4120 tauquam
952 4036 989 4098 ab
1006 4035 1138 4118 ingenito
1155 4055 1208 4120 ge-

36 4137 123 4202 nitae
142 4149 211 4214 eat,
244 4137 388 4221 genitoris
403 4147 526 4202 naturae
541 4147 770 4202 uouseulaueua.
816 4136 896 4202 idem
913 4139 975 4221 ipse
991 4157 1099 4220 porro,
1130 4139 1206 4222 quod

36 4319 89 4368 tae,
105 4325 141 4358 ae
156 4307 273 4357 sentienti
288 4323 387 4358 ornnem
402 4317 539 4358 maturam
552 4307 612 4358 ado·
647 4299 707 4361 ἄλλο
717 4323 749 4360 τι.
768 4311 897 4358 Gmnarlua
910 4311 1029 4360 uunduldl
1043 4309 1127 4371 Quare
1140 4307 1208 4377 apud

37 4377 153 4426 nudam
170 4393 232 4436 ease,
250 4392 313 4444 quae
327 4375 453 4427 dissimilia
467 4387 507 4427 eat
520 4377 553 4428 ad
569 4392 613 4446 pa·
646 4375 695 4426 alia
712 4375 809 4436 omnia,
827 4391 891 4443 qnae
905 4387 1026 4442 generunt
1041 4387 1067 4426 et
1082 4393 1208 4444 generan-

36 4455 105 4496 trem
126 4449 181 4494 eeu
645 4454 703 4504 tur,
727 4443 861 4496 multorum
875 4443 957 4496 adbuo
971 4445 1104 4497 nwesaitas
1121 4445 1208 4515 requi-

75 4519 99 4565 l.
122 4506 291 4566 dxoiou‘dtlus
307 4515 357 4566 rod.
373 4517 470 4600 flbedr'p.
645 4512 714 4564 ritur.

70 4583 100 4635 ‘t-
115 4583 235 4635 Petuntur
247 4587 380 4647 ameum
393 4589 426 4636 est
438 4577 492 4639 αλλ’
505 4581 556 4648 inl,
573 4597 615 4650 epo
