3042 5016
300 251 438 303 rossan
455 251 517 304 urs.
533 253 576 306 nr.
594 251 677 304 rom.
691 251 709 302 r.
728 249 827 303 nass.
841 249 961 301 nxxrv.
1149 235 1212 301 287

55 370 107 436 tari
124 371 234 458 possiti
259 381 359 436 cetera
386 369 501 451 omnia,
535 371 583 435 ubi
611 371 777 435 atrinitate
794 368 985 449 discesseris,
1020 369 1079 454 pati
1097 343 1211 454 'aliquid

54 485 185 557 possunt3
209 473 266 538 nisi
283 475 358 536 lorte
367 493 477 558 expers
491 473 541 538 illc
556 473 722 538 allectionis
736 472 833 538 omnis
850 472 974 536 similem
991 473 1135 556 quendam
1152 481 1212 534 sta·

54 585 107 640 tom
128 595 182 662 per
199 575 467 662 incorruptionem,
501 575 607 661 quibus
631 577 768 657 libuerit,
800 575 941 662 singulari
960 574 1084 660 quodam
1104 573 1214 638 benoli-
1287 657 1290 662 1

52 679 95 741 oio
112 679 193 760 large
211 680 396 764 benigneque
412 679 607 744 concesserit.
654 677 750 762 Quem
770 677 885 763 quidem
907 675 1135 761 incorruptionis
1155 687 1214 740 sta-

52 791 108 844 tum
128 801 188 846 nou
209 803 250 846 ex
274 782 448 867 incorporea
476 781 574 867 aliquo
600 793 722 857 natura,
759 782 810 846 sed
839 801 879 844 en
900 778 970 842 boni
996 789 1026 842 et
1049 777 1214 844 allectionis

53 884 143 948 omnis
160 884 293 970 expertis
309 883 356 947 dei
377 883 515 968 largitate
533 893 766 968 consequuntur.
814 880 900 966 Quod
922 893 1018 946 antem
1043 881 1147 944 unicus
1167 880 1213 944 dei

52 985 124 1050 blins
139 987 170 1051 in
188 1007 279 1051 earne
295 987 335 1050 sit
355 1007 477 1071 passus,
511 986 617 1051 nullam
642 986 718 1050 istud
736 985 766 1048 in
783 984 876 1070 ipsius
897 984 1080 1046 divinitatem
1099 982 1213 1067 passio·

52 1109 114 1152 nem
131 1089 322 1155 transfundit.
369 1086 553 1174 Quamquam
575 1086 644 1153 illnd
669 1099 750 1151 rocta
774 1087 845 1150 bdes
867 1108 903 1150 uc
926 1087 1043 1150 sincera
1067 1085 1212 1172 professio

52 1192 151 1271 docet,
186 1191 232 1256 dei
260 1191 400 1273 verbum,
434 1193 511 1276 quod
535 1211 673 1276 persese
698 1191 757 1276 pati
781 1189 852 1253 nibil
877 1199 993 1275 potest,
1025 1188 1213 1253 nibilominus

53 1312 117 1358 esse
136 1315 267 1380 passum.
315 1293 394 1358 ldom
422 1315 510 1378 porro
536 1294 637 1357 eadem
666 1293 729 1378 ipsa
753 1291 879 1378 patiendi
903 1291 974 1356 nibil
997 1291 1026 1355 in
1044 1291 1213 1355 conditione

52 1395 229 1480 permansit,
261 1417 316 1461 neo
332 1397 362 1460 in
378 1408 484 1461 natura
507 1417 560 1460 sua
577 1395 747 1460 mutationis
769 1392 877 1480 aliquid
896 1405 946 1458 aut
960 1393 1141 1458 diversitatis
1160 1413 1213 1456 ex·

52 1509 151 1583 pertus
178 1509 236 1563 est.
282 1497 483 1582 Quamobrem
511 1497 561 1562 ille
584 1497 632 1582 qui
655 1497 800 1582 sapientia
824 1519 858 1560 ac
885 1497 957 1561 dens
982 1507 1046 1560 erat
1067 1495 1214 1583 passionis

52 1602 146 1665 omnis
165 1621 293 1686 expers,
319 1622 384 1664 cum
402 1601 540 1686 patiendo
558 1601 650 1664 sciret
667 1621 700 1664 sc
716 1621 768 1664 eos
784 1600 973 1664 liberaturum
991 1621 1059 1664 esse
1071 1599 1119 1683 qui
1135 1620 1214 1663 mor·

52 1713 107 1766 tem
127 1703 329 1789 patiebantur,
355 1724 413 1767 oon
434 1703 562 1787 legatum
581 1703 690 1781 ullum,
715 1723 773 1766 nun
791 1703 927 1786 angelum
946 1701 1041 1782 misit,
1067 1722 1125 1766 ocu
1147 1723 1214 1786 pro-

51 1805 154 1890 pbetas
171 1805 314 1891 deniquo,
338 1805 500 1870 uniusmodi
517 1806 676 1870 adrentum
691 1827 777 1870 sunm
796 1815 1037 1882 antecesserant,
1069 1805 1122 1868 sed
1137 1805 1214 1890 ipse·

52 1919 109 1971 met
126 1907 264 1972 domiuus
287 1911 388 1988 venit,
420 1929 454 1972 ac
472 1906 694 1993 perpessionem
716 1907 757 1972 ita
782 1909 811 1971 in
835 1928 867 1972 se
889 1908 953 1994 ipso
975 1927 1105 1992 vereque
1124 1907 1214 1970 susti-

53 2010 132 2090 nuit,
159 2021 192 2074 ut
204 2010 321 2074 interim
341 2031 450 2097 expers
471 2010 619 2095 passionis
637 2010 775 2074 divinitas
794 2011 857 2095 ipsa
874 2020 1072 2096 permaneret.
1119 2005 1213 2073 Cuius

53 2114 169 2196 quidem
184 2113 244 2176 rim
261 2134 296 2176 ac
313 2114 471 2199 potentiam
495 2112 565 2176 nibil
582 2112 747 2176 incarnatio
771 2111 834 2198 ipsa
853 2111 998 2176 diminuit.
1042 2107 1122 2176 Nam
1141 2133 1214 2176 eun·

53 2217 114 2278 dem
130 2215 163 2278 in
180 2213 335 2280 divinitate
351 2237 424 2294 sna,
449 2235 524 2300 quae
541 2215 587 2279 dei
608 2215 727 2300 propria
745 2225 831 2292 suut,
856 2223 1053 2300 praestantem
1071 2214 1136 2279 sine
1154 2215 1213 2280 ullo

51 2317 152 2381 carnis
169 2318 377 2402 impedimento
395 2319 559 2395 cernimus,
584 2319 666 2382 velut
683 2339 748 2382 cum
767 2329 880 2392 matos,
905 2339 984 2380 more
999 2328 1028 2379 et
1039 2321 1152 2401 flentur
1166 2322 1210 2380 r'n·
1224 2338 1353 2396 nassas

50 2432 164 2502 erepat,
187 2441 250 2482 rum
266 2424 411 2484 haemon
423 2426 544 2502 propriis
558 2422 734 2485 auctoritate
750 2432 872 2498 euocat,
897 2429 929 2483 et
942 2419 1056 2484 induite
1074 2420 1128 2485 alia
1144 2441 1212 2505 pro·
1222 2393 1300 2438 ¹⁰⁸⁵*
1310 2394 1341 2439 ¹²

50 2521 166 2607 digiusa
181 2543 217 2586 ac
232 2522 375 2608 stupenda
396 2521 525 2588 molitor.
571 2521 754 2609 Quamquam
771 2523 888 2588 interim
908 2523 1044 2608 quioquid
1063 2533 1126 2586 erat
1142 2544 1213 2586 con-

50 2636 226 2689 sentaneum
246 2625 363 2711 corpori
386 2626 541 2690 tribuebat.
586 2624 666 2690 Nam
686 2637 717 2690 et
732 2625 848 2690 diabolo
866 2636 982 2690 tentare
998 2625 1149 2712 permisit,
1183 2636 1213 2689 et
1239 2631 1353 2680 llum

52 2727 219 2792 bominibus
234 2729 378 2806 caedere,
404 2740 431 2792 et
453 2728 497 2792 bis
516 2727 565 2812 qui
584 2728 871 2814 comprehendebant
888 2749 1012 2815 capere,
1043 2739 1075 2792 nt
1093 2728 1121 2790 in
1141 2729 1213 2814 pati·

51 2828 100 2892 bili
121 2840 228 2894 natura
254 2829 401 2916 passionis
427 2850 536 2916 expers
556 2841 724 2916 pateretur,
756 2842 787 2894 et
807 2830 925 2894 interim
944 2832 973 2895 in
992 2851 1045 2896 sna
1061 2831 1213 2895 divinitate

51 2931 201 3016 passionis
226 2953 337 3018 expers
365 2943 515 3013 maneret,
550 2955 609 2996 non
635 2934 752 2997 alienus
776 2955 793 2997 a
820 2933 966 3019 passionis
992 2943 1116 3019 experte
1142 2933 1210 3010 deo,

50 3035 102 3098 scd
122 3033 223 3099 omnia
243 3035 385 3120 singulari
403 3036 528 3120 quodam
552 3045 582 3098 et
600 3034 763 3100 admirabili
782 3035 925 3122 mysterio
944 3045 1048 3120 suapte
1062 3035 1213 3099 voluntate

49 3136 230 3223 suscipiens.
276 3135 528 3222 Quemadmodum
544 3147 575 3202 et
590 3147 673 3224 pater
689 3139 762 3202 dens
777 3159 843 3202 conr
860 3137 1012 3223 unigenito
1026 3138 1091 3222 ipso
1106 3159 1141 3202 ac
1155 3138 1215 3223 spi·
1286 3203 1293 3221 ,

49 3239 109 3304 ritu
132 3250 257 3321 sanctop
292 3261 369 3326 quae
392 3239 509 3325 quidem
540 3241 691 3325 perlecta,
727 3251 758 3304 et
780 3241 926 3325 passionis
950 3260 1059 3326 expers
1082 3239 1211 3318 trinitas,

50 3363 171 3428 unaque
194 3341 332 3406 diviuitas
356 3343 495 3407 universa
520 3342 742 3427 complectitur,
775 3343 848 3409 deus
865 3364 960 3423 uuus,
992 3364 1028 3410 ac
1047 3343 1213 3410 dominatus

51 3465 128 3510 nnus
152 3444 332 3510 continentis
356 3447 455 3511 omnia
478 3445 536 3510 dei.

137 3549 176 3610 ll.
218 3545 327 3633 Neque
344 3569 416 3612 vero
432 3550 509 3633 quod
525 3548 678 3614 continere
693 3548 807 3613 dicator
821 3547 935 3628 omnia,
959 3549 1070 3614 idcirco
1086 3548 1213 3636 potiendi

50 3648 215 3714 conditioni
239 3650 411 3729 subiicitur,
442 3652 515 3716 ¹licet
542 3671 616 3736 quae
639 3651 676 3715 ab
702 3652 767 3737 ipso
794 3652 1131 3737 comprehenderimus
1156 3651 1214 3736 legi

50 3752 237 3816 subiaceant.
282 3749 341 3816 Est
354 3752 431 3818 errirn
446 3753 520 3817 intra
536 3751 635 3818 omniu
649 3764 679 3817 et
693 3764 780 3818 extra
793 3755 890 3818 omnia
905 3755 1110 3820 universorum
1127 3754 1211 3834 deus,

50 3875 149 3940 neque
177 3864 273 3919 umen
301 3876 367 3919 cunr
394 3856 452 3920 ulla
473 3877 507 3920 re
529 3867 686 3920 concretus
706 3875 741 3920 oc
764 3857 948 3941 pernriatnsp
978 3877 1019 3920 ex
1044 3877 1101 3941 quo
1127 3857 1215 3920 litut

50 3977 151 4042 oeque
177 3958 253 4041 quod
281 3955 388 4040 ubique
411 3958 469 4037 sit,
502 3979 596 4043 neque
616 3959 692 4043 quod
711 3969 798 4022 extra
816 3960 914 4024 omnia
932 3959 988 4037 sit,
1019 3979 1115 4042 neque
1136 3960 1212 4043 quod

50 4057 283 4146 comprehendat
303 4060 418 4139 cannia,
450 4081 544 4146 neque
567 4063 644 4145 quod
666 4060 695 4124 in
713 4061 776 4145 ipso
794 4062 932 4124 universa
951 4071 1143 4139 moveantur,
1176 4062 1212 4126 ob

50 4160 78 4225 id
103 4161 167 4246 pati
185 4161 330 4248 quispiam
357 4161 572 4228 existimandus
590 4163 630 4227 sit
647 4161 785 4226 immunis
810 4161 847 4225 ab
866 4162 944 4227 omni
964 4161 1093 4247 patiendi
1112 4163 1214 4228 condi·

50 4263 132 4327 tione
149 4263 235 4328 dens.
279 4259 366 4330 Siout
381 4285 436 4330 nec
450 4263 587 4352 idipsum,
612 4264 687 4350 qnod
703 4265 819 4328 unicum
836 4263 923 4327 filium
941 4262 1054 4348 genuit,
1078 4265 1215 4350 quodque

50 4367 161 4430 unicos
178 4365 225 4429 ille
242 4365 359 4450 genitus
376 4377 440 4446 est,
463 4379 514 4432 aut
528 4368 604 4452 quod
620 4376 738 4432 sanctus
755 4365 820 4430 eius
835 4365 955 4451 spiritus
971 4366 1099 4432 emissus
1114 4381 1161 4432 est
1174 4369 1212 4433 ab

49 4469 135 4556 ipso,
169 4467 256 4533 ullam
278 4469 482 4534 sanctissimae
505 4470 628 4537 trinitati
653 4468 838 4536 allectionem
857 4467 976 4536 inlercl.
1023 4466 1137 4560 Quippe
1157 4491 1213 4537 nec
