3042 5016
312 261 732 315 ranannma.1n.rom.1r.
750 259 851 314 nasa.
863 258 995 312 uxxvn.
1166 247 1228 312 349

73 383 228 448 transtulit.
275 382 474 467 Quamobrem
499 405 563 447 cum
590 382 645 446 hcc
669 403 685 445 a
708 382 835 447 satellite
856 381 1027 465 vapularet,
1059 379 1141 464 qnasi
1165 381 1229 466 ipse

71 497 236 572 pateretur,
261 491 409 568 ouillum,
433 486 543 572 iuquit,
575 489 693 548 eredis?
723 505 845 568 cumque
862 485 943 568 tangi
960 495 1065 548 natura
1084 503 1226 569 nonpos—
1269 498 1348 542 toene.

70 601 131 668 set,
166 590 354 654 nihilominus
381 588 472 667 dixit,
506 593 628 651 Dorsum
655 609 743 650 meum
767 591 835 649 dedi
856 591 884 650 in
899 590 1040 670 flagella,
1073 600 1104 650 et
1123 589 1226 669 sumere
1266 551 1341 606 Μ’

68 713 155 754 mecm
168 715 224 756 non
236 699 360 756 caerae
374 698 475 774 epnte‘s.
522 687 608 773 Quae
627 690 703 754 enim
725 690 850 754 bumana
868 690 951 754 verbi
971 700 1076 754 natura
1094 689 1224 776 patiebar·
1237 705 1294 750 unet
1307 705 1369 762 aaa

69 805 135 874 tur,
166 795 238 860 llaec
256 799 413 883 ipsummet
430 794 553 858 verbum
573 794 601 857 iu
620 813 688 858 sese
706 795 869 856 transferre
892 793 1003 872 voluit,
1037 803 1069 856 ut
1084 813 1139 857 uos
1155 790 1228 855 tivi-

69 896 170 960 nitatie
196 899 279 962 verbi
306 896 463 984 participes
490 916 558 960 esse
582 915 747 979 possemus.
795 891 861 978 Qua
885 895 914 958 iu
934 915 968 959 re
985 894 1135 980 singulare
1159 893 1228 957 illutl

68 999 193 1079 accidit,
228 1001 305 1066 idem
324 1012 357 1066 nt
380 1000 608 1086 patiensesset,
644 997 763 1061 etnihil
788 998 921 1082 patiens,
956 997 1070 1082 petiens
1097 997 1226 1081 quidem,

68 1102 146 1187 quod
162 1099 311 1189 proprium
334 1103 399 1168 eius
420 1111 571 1188 peteretur
595 1120 719 1183 corpus,
754 1110 784 1163 et
800 1099 829 1162 in
845 1100 975 1185 patiente
989 1098 1055 1185 ipso
1071 1099 1227 1178 resideret,

68 1205 142 1269 nihil
160 1206 274 1292 paticus
293 1227 383 1287 vero,
414 1205 572 1290 quodcum
591 1203 715 1268 verbum
733 1213 837 1267 natura
853 1202 998 1280 deussit,
1031 1202 1069 1266 ab
1083 1201 1160 1265 omui
1179 1221 1229 1286 ps·

68 1307 160 1371 tiendi
182 1309 351 1372 contuitione
374 1308 413 1372 sit
435 1308 575 1370 immune.
623 1302 771 1387 Quocirca
797 1304 919 1370 verbnm
945 1305 1061 1389 quidem
1086 1303 1180 1389 ipsum
1199 1304 1228 1367 in

67 1411 179 1494 patibili
204 1432 328 1498 corpore
348 1411 554 1495 incorporeum
575 1407 646 1487 init,
677 1429 784 1494 corpus
809 1419 905 1472 autern
929 1407 1087 1493 impatibile
1106 1405 1228 1470 verbum

67 1513 170 1576 habuit
187 1513 218 1576 ia
231 1534 320 1592 sese,
344 1512 420 1597 quod
436 1512 481 1576 sui
499 1511 633 1597 corporis
649 1509 864 1576 imbecillitates
883 1512 1084 1596 extingueret.
1129 1509 1228 1594 Atque

69 1616 123 1680 hoe
143 1636 180 1680 ec
197 1615 320 1680 consilio
340 1615 481 1694 iaciebat,
504 1615 602 1699 itaque
617 1634 650 1676 se
668 1611 777 1677 habere
792 1614 948 1694 voluerat,
972 1624 1005 1678 nt
1019 1624 1119 1678 nostra
1136 1612 1230 1676 susei-

68 1719 172 1804 piens,
207 1731 238 1782 et
255 1719 285 1782 iu
305 1716 481 1784 sacrificium
508 1717 638 1780 offerens
663 1714 791 1780 lunditus
816 1717 946 1796 deleret,
981 1738 1016 1780 ac
1034 1718 1149 1780 demum
1168 1715 1230 1779 suis

68 1842 123 1886 nos
143 1821 356 1906 quodammodo
382 1822 514 1884 vestiens
531 1819 719 1883 occasionem
737 1820 870 1904 apostolo
886 1819 970 1884 taret
986 1819 1042 1884 ista
1061 1818 1227 1882 scribendis

69 1929 190 2006 Oportet
200 1925 385 2006 corruptibile
396 1923 449 1984 loc
465 1927 581 1986 eirduere
597 1927 844 2004 incorruptionem,
868 1934 898 1985 et
911 1926 1031 1986 mortale
1044 1925 1098 1984 ltoe
1113 1925 1231 1984 induere

69 2029 320 2089 rinmortclitotem.

156 2125 241 2211 Quae
259 2129 357 2192 cmnia
382 2149 440 2192 non
465 2128 531 2191 ficte
548 2148 582 2191 ac
601 2126 737 2192 simulate
753 2136 835 2211 gesta
850 2138 936 2206 snnt3
970 2126 1087 2191 minime
1114 2127 1228 2212 quidem
1248 2131 1366 2200 Cep-lx·

68 2241 99 2295 ut
118 2231 253 2294 nonnulli
272 2252 425 2316 perperam
445 2230 641 2294 arbitrantur:
676 2231 727 2294 seul
744 2251 809 2293 cum
828 2229 960 2294 salrator
974 2250 1076 2294 verum
1094 2250 1127 2293 se
1143 2231 1230 2294 lecis-

68 2345 115 2398 set
130 2334 296 2412 hominem‚
328 2335 417 2398 totius
442 2342 488 2397 est
508 2332 633 2396 hominis
651 2333 731 2397 sulus
754 2344 925 2397 consecuta.
970 2332 1047 2398 Nem
1067 2335 1091 2397 si
1110 2332 1231 2398 simule·

69 2437 152 2500 tione
169 2437 231 2500 sola
256 2435 400 2516 verbum,
433 2445 465 2499 ut
484 2435 526 2499 illi
545 2437 693 2514 sentiunt,
727 2445 807 2499 esset
826 2434 855 2497 iu
876 2455 1018 2518 corpore,
1042 2437 1117 2520 quod
1133 2445 1229 2500 autem

69 2539 260 2603 simulatione
279 2559 346 2602 esse
369 2537 433 2602 sola
449 2537 555 2606 dicitur
578 2538 781 2622 imaginarium
802 2547 863 2616 est,
898 2559 1083 2622 consequens
1102 2548 1184 2602 esset
1199 2550 1231 2602 ut

68 2652 98 2704 et
115 2641 201 2704 salus
220 2641 368 2704 hominurn
388 2661 422 2704 ac
443 2640 625 2704 resurrectio
649 2640 776 2724 imagine
794 2641 857 2704 ecla
876 2650 906 2704 et
923 2640 1143 2706 adumbratione
1167 2639 1230 2705 lieri

67 2744 236 2822 diceretur,
260 2764 336 2829 quae
353 2753 399 2806 est
414 2743 494 2828 impii
514 2740 681 2807 Manichaei
696 2741 856 2807 sententie.
902 2743 992 2828 Atqui
1009 2765 1071 2808 nou
1085 2744 1147 2808 sole
1165 2763 1231 2828 spe·

67 2846 114 2910 cie
131 2858 300 2932 comparata
318 2845 403 2910 cobis
419 2845 500 2910 aelus
518 2856 582 2924 est,
616 2857 666 2908 aut
683 2845 739 2908 suli
756 2845 865 2910 tribute
884 2847 1021 2932 corpori,
1051 2848 1102 2910 sed
1121 2846 1173 2910 toti
1188 2845 1232 2908 vi-

68 2949 180 3014 delicet
202 2948 330 3027 homini,
363 2949 498 3026 animae,
531 2947 666 3032 iuquam,
699 2949 817 3034 corpori
841 2949 922 3013 salus
945 2959 992 3012 est
1010 2949 1108 3032 reipsa
1132 2950 1231 3014 conci-

67 3051 151 3116 liata.
200 3048 303 3136 ltaque
329 3071 437 3137 corpus
460 3051 529 3114 illud
556 3049 730 3128 salvatoris,
762 3052 857 3135 qnod,
892 3063 924 3115 ut
942 3072 1045 3115 sacrae
1065 3052 1167 3117 literae
1188 3063 1232 3116 te·

67 3163 205 3234 stantum,
229 3175 246 3217 e
264 3151 361 3218 Maria
379 3154 560 3236 desumptum
577 3163 641 3233 est,
666 3152 823 3217 humanum
840 3175 875 3218 ac
890 3174 993 3218 rerum
1012 3155 1123 3218 extitit.
1169 3153 1231 3219 Ve-

68 3277 152 3336 ram,
186 3256 322 3340 inquam,
355 3265 511 3340 propterea
528 3255 604 3340 quod
619 3256 695 3320 itleru
714 3257 834 3321 omnino
848 3277 914 3320 cum
933 3267 1036 3321 cosmo
1055 3258 1120 3321 luit.
1147 3237 1232 3322 ‘Mc-

67 3359 113 3424 rie
131 3359 238 3444 quippe
256 3379 343 3423 soror
359 3369 462 3423 costra
482 3357 553 3436 luit,
586 3343 650 3422 cnm
672 3358 708 3421 ab
727 3359 844 3423 Aulamo
866 3359 1010 3444 originem
1028 3380 1132 3424 omnes
1146 3371 1230 3424 acce·

68 3462 213 3547 perimus.
259 3459 366 3546 Neque
382 3481 454 3526 vero
479 3459 665 3526 dubitandum
685 3483 719 3526 ee
737 3464 773 3527 tle
788 3484 821 3526 re
841 3463 969 3548 putabit,
1002 3465 1094 3549 siquis
1115 3484 1150 3528 ee
1170 3483 1232 3528 me-

67 3565 190 3628 minerit
214 3585 290 3648 quea
315 3574 418 3630 sucta
439 3562 522 3629 Lucu
541 3565 662 3650 scripta.
709 3561 786 3629 Cum
805 3567 882 3630 enim
907 3577 974 3652 post
997 3566 1076 3631 illius
1097 3587 1230 3631 resurre-

67 3669 198 3732 ctionem
222 3666 354 3731 nonnulli
378 3668 600 3753 euspiearentnr
621 3689 679 3731 uon
700 3667 730 3732 iu
750 3669 854 3733 ecdem
870 3668 922 3734 illo
939 3691 1063 3756 corpore
1082 3669 1158 3753 quod
1177 3689 1232 3732 ex·

67 3791 205 3856 pressum
224 3789 241 3832 e
258 3767 357 3834 Maria
372 3771 466 3834 luerat
483 3768 631 3834 dominnm
649 3791 717 3835 sese
734 3771 886 3852 contueri,
911 3773 963 3837 sed
981 3773 1045 3836 eius
1062 3773 1128 3836 luco
1145 3770 1232 3856 spiri·

68 3882 129 3937 tum
152 3873 274 3952 offerri,
306 3871 418 3937 siccos
439 3873 583 3937 allocutus
610 3883 672 3938 este
707 3879 803 3938 Vcilete
819 3898 920 3939 munus
937 3888 967 3938 et
975 3879 1060 3956 pedes
1079 3896 1169 3949 meos,
1202 3885 1383 3953 eluserunt

67 3979 192 4057 makes
209 3981 369 4052 clauorum,
393 3981 523 4058 quonaone
539 3999 592 4058 ego
608 3999 670 4039 sarm
687 3982 762 4060 apae,
791 3983 907 4060 palpate
922 3990 951 4040 et
965 3982 1068 4052 ariete,
1100 3982 1231 4058 pacatum

67 4083 191 4159 spr‘rime
217 4100 330 4141 carnem
352 4091 380 4140 et
399 4101 463 4141 osen
482 4101 538 4144 noa
555 4082 656 4155 habet,
687 4087 765 4143 sieut
785 4103 829 4143 me
852 4085 952 4144 nteem’t
975 4081 1097 4142 tctere:
1129 4083 1231 4162 quibus

68 4183 156 4242 dreta's
172 4185 295 4242 ostendit
309 4183 369 4243 illis
384 4203 483 4244 monus
496 4196 526 4246 et
535 4187 632 4266 pedes.
681 4179 730 4246 Ex
748 4205 805 4269 qun
821 4183 861 4246 illi
880 4183 1098 4268 redarguuntur
1112 4183 1160 4268 qui
1179 4183 1231 4248 tlo-

101 4316 127 4366 4.
147 4314 249 4384 γέγονεν
265 4319 329 4368 obest
346 4333 362 4368 u
379 4319 406 4369 n.
669 4306 702 4385 ἦν
717 4317 742 4371 lu
755 4319 792 4388 τῷ
809 4321 846 4370 ed.
860 4323 936 4383 princ.
960 4321 1158 4384 Praepositiouem
1174 4319 1234 4372 cerie

101 4387 127 4434 5.
149 4381 169 4436 τ*
187 4399 248 4438 cmc.
267 4403 321 4452 γεγ.
341 4384 366 4438 ἐν
381 4380 453 4440 ciret
469 4387 506 4456 τῷ
523 4384 591 4455 λόγω
608 4390 638 4439 Β.
670 4389 779 4439 curcellis
794 4393 885 4439 notauit
902 4389 1021 4440 Patauina.

102 4451 130 4505 6.
149 4442 182 4538 rip
199 4449 228 4507 τό
250 4455 327 4521 σῶμα
344 4452 388 4508 τοῦ
405 4441 490 4523 rupim
508 4459 534 4508 a.
705 4456 730 4508 a.
748 4471 797 4524 pe,
814 4456 858 4509 καὶ
872 4459 900 4508 Β.

102 4522 130 4577 7.
179 4520 247 4592 oroi
271 4520 312 4589 (ri
338 4525 637 4594 autumpnatem.
705 4522 730 4577 9.
749 4522 874 4588 {niteatur
890 4527 917 4576 tt.
