3072 5002
269 289 409 345 etstan
425 287 489 343 nte.
500 289 546 342 111.
561 287 645 344 rou.
658 289 679 342 1.
694 287 796 341 naun.
810 287 931 340 nxxru.
1136 275 1178 340 tt

45 417 161 488 most,
191 415 337 476 Producat
359 423 456 488 tenu,
481 421 539 476 eto.
585 409 676 492 item,
709 413 860 474 Fomenta
881 397 1027 471 tendisse.
1074 403 1177 494 ltsqne
1190 403 1312 503 ‘ffiffi

12 517 13 532 ¹
45 515 119 580 lilium
141 525 221 602 pater
243 515 413 601 alloquitur.
462 511 559 578 Porro
576 513 617 578 illi
637 512 693 600 ipsi
715 531 869 578 sermones
897 511 1002 597 quibus
1023 510 1061 576 ad
1084 511 1176 576 lilium
1217 508 1274 619 ¹33·

44 629 113 702 pater
126 618 213 683 ntitnr
233 618 285 682 ruti
304 639 363 682 non
387 627 468 682 sunt.
515 617 557 680 ts
572 615 668 697 filius,
699 637 784 701 quem
800 625 884 702 pater
897 613 1072 700 alloquitur,
1101 615 1180 678 inter

44 731 140 785 oeteras
154 720 382 808 appellationes,
405 723 507 797 Ραπὺ,
534 724 614 794 Vita,
639 723 835 794 Resurreon'o,
859 738 895 783 ao
914 717 1041 802 denique
1060 719 1179 780 Verbum

45 823 116 886 etism
139 823 259 904 dieitur,
292 845 328 888 eo
352 823 429 908 qnod
453 823 500 887 dei
524 821 564 887 sit
588 821 749 886 voluntatis
766 821 929 908 interpres.
972 814 1120 903 Quonima
1142 822 1182 885 ise

45 923 163 990 iaemtioi
178 925 345 990 rudioribus
361 925 546 1012 imponentes
565 924 656 989 filium
672 925 748 988 idem
763 943 830 988 esse
846 944 910 988 enm
928 921 973 986 luis
991 919 1091 986 uerbis
1107 941 1183 1008 quae

44 1039 112 1112 puter
132 1029 245 1093 loeutus
266 1039 313 1093 est
337 1037 514 1108 censerent,
538 1027 574 1091 ad
591 1027 637 1091 dei
655 1026 705 1090 ilii
724 1027 929 1091 deelarsndum
945 1025 981 1089 ato
997 1025 1080 1090 hisee
1094 1045 1183 1090 voea-

44 1127 105 1195 lnlis
124 1151 197 1217 qnae
219 1131 333 1195 loeutus
356 1141 402 1194 est
424 1137 509 1216 pater
533 1129 690 1194 discrimen
716 1129 804 1194 illium
827 1127 1020 1194 substantiam
1042 1127 1185 1214 appellari

45 1243 162 1317 oportere
177 1234 392 1314 decreverunt,
417 1243 503 1319 atque
521 1232 562 1296 ita
581 1231 739 1296 discrimen
755 1231 825 1296 illud
843 1231 1077 1311 constituerunt,
1109 1239 1141 1294 ut
1155 1239 1186 1294 et

44 1334 152 1400 deussit
167 1335 322 1416 existens,
357 1346 388 1399 et
411 1335 501 1400 verba
517 1333 568 1399 illa
586 1353 660 1420 quse
679 1333 879 1421 pronuntiavit
896 1334 968 1398 dens
985 1331 1124 1397 extitisse
1141 1331 1185 1396 di·

44 1447 145 1518 eantor,
174 1439 227 1502 sed
251 1457 434 1524 nequaqnam
459 1437 658 1517 susbstantiae,
692 1457 795 1501 rernm
820 1435 1028 1522 pronuntiandi
1053 1433 1185 1500 aetianos

44 1559 98 1604 esse
119 1551 314 1606 oensemtnrs
347 1550 378 1605 at
402 1539 481 1604 lilius
506 1561 572 1606 enm
594 1539 716 1605 verbnm
736 1539 792 1619 sit,
817 1559 876 1604 non
891 1539 968 1604 sotio
982 1539 1125 1624 quaedam
1143 1538 1187 1602 lo-

45 1643 152 1726 quendi,
176 1643 248 1723 sed,
272 1651 372 1730 utpote
400 1641 496 1723 filius,
528 1642 692 1707 substantia
714 1642 764 1708 sit.
809 1639 886 1706 Nam
914 1641 939 1705 si
961 1651 1046 1728 poter
1061 1661 1128 1706 esse
1144 1641 1188 1705 di-

44 1757 128 1827 ostnr,
157 1755 189 1810 et
214 1765 282 1810 esse
305 1743 426 1832 perinde
447 1745 542 1827 lilius3
573 1765 641 1826 esse
663 1765 737 1810 vero
758 1755 894 1830 tanquam
912 1763 929 1808 a
948 1744 1004 1808 deo
1020 1743 1140 1830 proprio
1153 1762 1188 1807 ao

44 1867 166 1930 germane
181 1857 217 1913 nt
232 1847 272 1912 sit
290 1848 456 1935 aoeipiens,
487 1847 612 1912 veriam
633 1846 713 1912 lilius
729 1866 815 1926 esse,
849 1867 906 1911 non
932 1856 965 1910 ut
986 1856 1087 1911 eetera
1113 1864 1188 1931 qnae

46 1949 120 2014 odeo
134 1951 323 2038 pronuntiata
339 1961 425 2032 sunt,
456 1950 640 2036 intelligitur.
687 1948 770 2015 idaeo
793 1948 918 2014 enimin
937 1967 975 2012 eo
992 1948 1041 2034 qni
1060 1948 1190 2035 loquitur

46 2069 101 2115 esse
118 2054 188 2118 illud
213 2075 296 2119 snum
321 2052 447 2118 habent:
478 2053 549 2117 illnd
570 2072 641 2118 veru
665 2053 695 2116 in
718 2073 755 2117 eo
769 2065 839 2116 esse
856 2071 940 2116 suum
957 2051 1083 2137 positum
1103 2049 1191 2115 habet

45 2155 107 2237 qnod
121 2177 138 2220 a
152 2168 237 2244 patre
251 2155 369 2241 genitus
384 2156 436 2236 sit,
447 2216 449 2225 ,
460 2167 490 2220 et
505 2155 601 2220 eidem
619 2155 766 2220 ansonltet
779 2175 814 2219 an
830 2153 988 2218 ministret.
1034 2151 1121 2217 llano
1135 2151 1191 2239 iqi-

46 2263 84 2319 tnr
102 2258 270 2345 hypostasin
293 2268 393 2345 patres
415 2257 609 2324 substantium
632 2266 789 2322 vooornnt.

117 2359 308 2449 Quapropter
319 2359 411 2426 iulium
425 2360 500 2448 putri
513 2359 638 2424 similem
655 2359 685 2424 in
700 2358 834 2424 omnibns
848 2356 1051 2443 intelligimus,
1075 2367 1106 2421 et
1119 2355 1189 2421 ltee·
1200 2369 1262 2438 esp.
1274 2367 1345 2422 xttt.

46 2462 95 2526 tesi
114 2464 172 2544 illi,
205 2485 282 2550 qnae
305 2465 449 2529 adversus
474 2463 630 2528 eeclesiam
656 2471 813 2550 superest
832 2459 980 2540 excitata,
1011 2457 1189 2524 resistimus.

46 2559 119 2646 Quae
139 2567 258 2652 quidem
284 2565 417 2631 haeresis
433 2566 583 2632 voluntate
602 2576 633 2630 et
649 2568 766 2631 aetione
788 2563 852 2631 sola
878 2562 969 2650 patris
993 2561 1085 2627 lilium
1112 2560 1194 2626 simi·

46 2662 91 2729 lem
108 2687 174 2733 esse
190 2668 379 2755 pronuntist3
410 2670 541 2733 essentia
560 2687 634 2734 uero
651 2670 771 2734 eosdem
787 2667 867 2732 inter
883 2687 917 2732 se
933 2685 1004 2730 esso
1021 2663 1191 2729 dissimiles.

47 2766 119 2834 tideo
136 2782 169 2837 nt
195 2791 238 2836 ex
254 2772 416 2838 reoeutium
439 2771 542 2836 horum
559 2770 774 2837 haeretieorum
796 2772 915 2835 deereto
939 2763 993 2831 lilii
1008 2767 1146 2832 volantes
1164 2775 1193 2830 et

46 2871 110 2936 totio
123 2874 271 2939 voluntati
298 2874 336 2939 sit
360 2873 451 2960 patris
470 2872 638 2960 sotioniqno
661 2875 783 2953 similis,
813 2872 891 2937 lilius
910 2881 1009 2935 tumen
1023 2870 1087 2957 ipse
1104 2868 1195 2955 putris

47 2971 79 3034 sit
91 2975 252 3041 dissimilis.
296 2974 459 3062 Propterea
482 2997 555 3042 roro
575 2975 629 3040 lilii
643 2977 824 3042 voluntatem
843 2973 1036 3040 electionem
1054 2981 1196 3059 paternae

46 3075 192 3144 minuetis
210 3088 242 3142 et
260 3077 385 3144 aetionis
401 3079 525 3144 similem
543 3099 610 3144 esse
626 3080 746 3161 volunt,
778 3077 870 3143 lilium
891 3075 986 3164 ipsum
1009 3076 1101 3162 patris
1128 3093 1196 3138 esse

47 3176 156 3244 similem
184 3192 312 3268 negant3
344 3183 420 3267 quod
438 3181 529 3246 filium
547 3193 665 3268 epatre
684 3181 803 3247 minime
826 3177 975 3268 genitam,
1006 3177 1059 3242 sed
1079 3187 1196 3242 oreatu-

47 3299 98 3344 rum
120 3283 268 3348 duntuxat
291 3303 360 3348 esso
383 3283 438 3349 sihi
456 3283 676 3372 persuaserint,
710 3295 798 3370 atque
821 3285 850 3348 in
875 3305 912 3350 eo
935 3307 954 3351 o
976 3281 1085 3349 orestis
1107 3277 1197 3344 rebus

48 3381 143 3449 distare
161 3384 273 3452 oeteris
289 3386 366 3473 qnod
383 3396 414 3450 et
427 3386 628 3473 magnitudine
646 3386 818 3468 antecellit,
842 3397 873 3451 et
885 3395 954 3451 ante
970 3383 1069 3450 omnia
1084 3381 1197 3462 extitit,

48 3494 73 3546 et
82 3487 182 3551 eodem
197 3487 279 3552 velut
293 3488 466 3554 administro
483 3489 662 3576 reliquorum
675 3488 713 3554 od
727 3488 947 3576 productionem
963 3508 1035 3554 usus
1049 3496 1096 3552 est
1112 3485 1197 3550 deus.

49 3581 302 3676 Quandoquidem,
324 3591 407 3656 aiunt
423 3591 582 3672 haeretiei,
615 3603 716 3658 uetera
741 3594 813 3658 dens
836 3612 890 3679 per
907 3589 1000 3656 iulium
1020 3587 1199 3678 prooreavit,

48 3687 193 3772 ipmmmet
211 3713 286 3758 vero
304 3694 396 3759 lilium
420 3715 480 3760 non
505 3694 626 3759 alterins
648 3695 837 3776 interventu,
871 3694 925 3760 sed
939 3714 994 3780 per
1011 3692 1202 3778 semetipsum

49 3793 185 3876 antitis,
216 3795 418 3880 magnitudine
448 3807 479 3861 et
500 3797 611 3862 virtute
640 3798 749 3863 ueteris
771 3806 982 3885 praestantem.
1028 3791 1107 3860 ilino
1130 3811 1203 3857 eun·

50 3891 106 3960 mm
126 3898 313 3984 unigenitum
336 3899 425 3965 lilium
448 3899 617 3986 appellavit.

124 4115 192 4186 Nos
203 4131 320 4203 summ,
342 4125 390 4208 qui
409 4123 439 4188 in
456 4121 602 4189 eoolesioe
620 4119 782 4187 natholieue
799 4133 882 4210 parte
899 4137 1107 4199 numeramur,
1138 4137 1204 4183 oum
1217 4129 1359 4202 cepxtv.

52 4221 231 4311 tsoriptnris
246 4225 342 4292 saeris
360 4226 429 4292 iidoi
447 4224 660 4313 professionem
678 4223 880 4305 hauserimus,
904 4224 949 4289 oio
966 4221 1129 4289 helemuao
1154 4241 1208 4307 pa·

53 4421 108 4478 t'nm
122 4443 183 4482 sero
202 4429 347 4484 ffinimikm
363 4447 419 4484 esse
434 4429 512 4484 filium
545 4429 606 4498 etri)
637 4436 701 4496 petes
722 4431 863 4482 uocabulum
886 4421 948 4484 ἄλλο
969 4443 999 4482 ts
1013 4429 1127 4482 omento
1151 4421 1209 4482 oisi-

54 4495 196 4581 tl'ffloqius
217 4501 331 4564 suspirntt
352 4505 406 4553 suut
428 4495 494 4555 aurel
515 4445 545 4556 di
561 4497 608 4568 nis
642 4517 728 4581 propos,
746 4501 780 4549 ito
796 4503 823 4549 ut
837 4499 954 4552 residetur
971 4493 1037 4552 κατὰ
1053 4493 1084 4552 dl
1100 4493 1130 4550 τὸ
1148 4487 1209 4550 ἄλλο

54 4563 133 4616 molas
146 4564 268 4634 asdpuos.
296 4569 448 4622 &memrot
461 4570 608 4634 sommare·
642 4564 757 4634 desuetos
773 4571 826 4620 ortt.

99 4646 336 4706 commanet.
348 4649 412 4698 lit·
987 4655 1007 4719 7
