3066 5016
230 312 369 366 raanan
386 313 452 366 urs.
465 315 510 366 ttt.
522 313 608 366 rou.
621 316 652 365 u.
669 313 785 366 uaros.
803 313 868 364 ran.
885 311 1029 383 naraon
1148 281 1217 364 titt'

53 431 254 496 tractationem
273 453 309 496 ae
326 432 619 519 comprehensionem
636 431 837 517 imperfectam
856 451 980 498 neeesse
997 430 1054 496 erit
1070 429 1207 515 relinqui.

53 531 198 620 Scriptum
224 546 270 598 est
294 536 391 613 enim,
422 538 660 598 Adulescentulus
683 557 803 616 quarum
827 557 883 596 noa
903 544 948 596 eet
970 541 1114 596 numerat.
1164 532 1209 596 Ad
1272 527 1275 534 ¹

50 658 120 722 quas
142 657 228 701 sacra
246 637 295 702 illa
321 637 469 723 pertinent
494 658 567 721 quae
589 639 618 702 in
638 638 743 723 oppido
761 636 813 702 Sai
831 649 861 700 et
874 633 1008 716 Pelusii,
1040 632 1163 702 Bubasti
1180 646 1210 700 et

49 739 146 834 Abydi
162 753 323 824 geruntur,
348 761 403 804 nee
421 762 479 804 non
497 751 526 804 et
544 740 668 804 Antinoi
689 739 829 818 delubra,
861 759 926 803 eum
943 739 1110 824 mysteriis,
1135 760 1209 823 quae

48 842 108 906 illio
124 842 280 908 obeuntur.
328 840 401 907 ltem
418 853 539 928 atquae
557 840 716 922 Pharbeti,
741 852 792 906 ant
809 841 914 926 quibus
934 841 1034 908 hircus
1050 863 1067 905 a
1085 839 1211 906 Mende·

48 944 101 1008 siis
123 945 244 1024 colitur,
278 955 309 1010 et
332 967 407 1030 quae
440 945 470 1010 iu
497 941 666 1010 Busiritaua
692 946 895 1031 praefectura,
931 939 1139 1022 Sebenuitioa,
1174 965 1209 1006 ao

50 1043 252 1131 Diospolitana
278 1047 479 1113 celebrantur.
526 1045 586 1112 Sed
611 1057 640 1110 et
658 1047 764 1110 alieubi
783 1045 812 1109 in
831 1046 973 1112 honorem
997 1041 1089 1124 Seth’,
1122 1063 1208 1129 quent

50 1148 264 1236 Typhoneum,
288 1160 402 1235 putant,
427 1151 512 1215 asino
532 1149 606 1214 ritus
623 1170 658 1214 ac
673 1149 857 1214 ceremonias
875 1159 1030 1233 peragunt.
1075 1147 1137 1213 Alii
1155 1145 1210 1212 Ti·
1311 1166 1314 1172 ·

49 1251 230 1331 thramboui,
262 1273 348 1336 quarn
373 1253 605 1338 interpretantur
620 1250 775 1332 Hecaten,
807 1250 856 1314 alii
874 1247 1015 1337 Nepthy,
1047 1249 1095 1314 alii
1112 1248 1211 1314 Ther-

47 1355 138 1434 muti,
172 1356 221 1420 alii
248 1351 317 1420 laidi
344 1354 509 1419 initiantur.
564 1350 737 1418 Cuiusmodi
763 1353 875 1418 infinita
906 1352 963 1416 alia
986 1353 1042 1417 diei
1074 1362 1208 1438 possunt,
1297 1366 1301 1374 “

47 1477 122 1540 quae
136 1455 288 1543 speciatim
303 1469 334 1522 ut
349 1467 563 1522 mceatseantnr
577 1457 717 1541 temporis
732 1455 886 1541 plurimum
901 1454 1081 1519 desiderent.
1127 1451 1210 1537 Quo·

47 1561 127 1623 eirca
149 1559 314 1625 summatim
342 1559 388 1624 his
418 1557 518 1624 verbis
547 1559 681 1624 concludi
706 1567 803 1644 potest
825 1558 939 1622 oratio:
973 1560 1211 1620 Adulescentulus
1229 1568 1295 1614 uua.
1308 1569 1362 1624 na.

47 1683 167 1744 quorun
188 1685 245 1726 aon
260 1674 461 1726 ertnumernr.
509 1659 586 1726 Sunt
607 1659 686 1725 enim
705 1661 762 1724 alia
783 1681 872 1746 porro
895 1659 1038 1746 mysteria
1059 1659 1209 1745 quamplu-

45 1765 140 1842 rima,
165 1775 195 1828 et
211 1775 358 1832 sectarum
377 1786 412 1828 ao
427 1763 616 1830 schismatum
631 1763 803 1841 architecti,
828 1763 910 1828 velut
925 1764 1001 1848 apud
1020 1759 1128 1828 Persas
1144 1759 1209 1826 Ma·
1330 1835 1336 1849 .

45 1866 169 1952 guenet,
202 1867 277 1954 apud
296 1865 463 1952 Aegyptios
487 1867 664 1953 prophetae,
697 1868 852 1952 adytorum
871 1875 902 1928 et
919 1883 1072 1930 sacrorum
1096 1864 1211 1928 antisti-

45 1981 116 2038 tes..
154 1967 227 2034 item
250 1973 325 2056 apud
350 1966 531 2055 babylonios
556 1968 605 2053 qui
631 1966 783 2032 Gaaareni
811 1979 974 2047 roeaattur,
1007 1967 1158 2052 sapientes
1182 1977 1212 2030 et

44 2072 260 2137 incantatores.
306 2068 423 2157 Quibus
447 2083 477 2134 et
497 2067 634 2136 ludorum
655 2067 753 2135 Evilei
775 2091 810 2134 ae
829 2067 1030 2134 brachmanes
1053 2069 1209 2145 accedunt,

43 2185 75 2237 et
91 2173 277 2239 Graecorum
292 2173 504 2260 hierophantae
521 2185 553 2238 et
568 2173 688 2238 aeditui.
733 2170 801 2236 Nec
821 2194 880 2236 uon
897 2172 1022 2257 cynicae
1037 2181 1156 2250 sectae,
1179 2179 1211 2236 ct

45 2277 171 2342 aliarum
195 2277 404 2362 propemodum
427 2274 606 2340 infinitarum
630 2287 768 2341 auctores
791 2273 968 2360 philosophi.

131 2379 219 2466 Apud
237 2376 347 2444 Persas
365 2378 456 2463 igitur
471 2376 647 2463 Magusasi,
671 2389 702 2442 ut
715 2377 797 2458 dixi,
833 2397 899 2442 cum
915 2375 992 2442 idola
1009 2376 1205 2454 detestentur,
1221 2385 1363 2454 commit.

42 2483 150 2548 eadem
175 2493 271 2546 tamen
293 2481 342 2546 illa
367 2489 566 2560 verterentur,
598 2481 696 2566 iguem
719 2479 877 2558 videlicet,
914 2478 1012 2544 lunam
1038 2499 1075 2544 ae
1101 2478 1206 2543 solem.

43 2584 107 2648 Alii
130 2594 284 2670 praeterea
310 2592 380 2648 sunt
407 2583 455 2668 qui
483 2585 512 2648 in
540 2581 667 2648 Graecia
693 2580 775 2669 Mysi
805 2592 836 2646 et
860 2581 931 2646 Abii
959 2591 1122 2662 vocantur,
1160 2581 1208 2666 qni

42 2687 156 2771 equino
170 2687 246 2752 laete
264 2686 416 2766 victitant,
451 2697 482 2751 et
501 2696 648 2772 agrestem
671 2695 758 2770 atque
784 2685 924 2750 incultam
947 2685 1033 2770 plane
1056 2684 1208 2770 regionem

41 2788 189 2854 habitant.
236 2786 332 2872 Quam
356 2790 446 2854 matlta
470 2789 507 2853 ab
525 2788 658 2854 humanis
674 2787 802 2871 ingeniis
820 2787 917 2872 colligi
942 2797 1084 2870 possunt,
1116 2787 1152 2850 de
1170 2787 1208 2850 iis

40 2892 92 2976 qui
114 2891 187 2956 muti
206 2912 241 2956 ac
258 2903 315 2956 tam
335 2893 520 2958 excellentes
543 2892 706 2970 habentur,
739 2901 769 2955 et
784 2909 841 2974 qua
857 2890 893 2954 ad
911 2889 1098 2954 laudabilium
1113 2892 1209 2952 odote-

39 2999 238 3058 scrutatorum
252 3015 346 3080 genus
363 2994 490 3060 adscribi
509 2993 636 3073 debent,
668 3015 788 3076 quarunt
806 3015 862 3056 aen
879 3004 924 3054 ert
938 3013 1083 3054 nummus.
1130 2989 1208 3056 Nam

39 3099 121 3163 aliae
143 3097 392 3163 commendandae
419 3109 506 3175 suut,
539 3096 615 3162 aliae
635 3095 853 3182 vituperatione
877 3095 995 3178 dignae.
1040 3091 1118 3158 Nam
1135 3115 1209 3159 uen-

40 3201 117 3266 nulli
135 3201 323 3286 reperiuntur
336 3200 384 3286 qui
401 3221 441 3264 ex
455 3201 570 3286 privato
586 3200 706 3284 ingenio
718 3219 854 3264 severam
868 3198 1013 3282 qualidum
1029 3197 1107 3262 vitae
1122 3195 1209 3262 disci-

39 3304 155 3389 plinam
175 3324 209 3368 ac
229 3302 324 3388 legem
352 3300 543 3388 sibimetipsis
566 3301 778 3380 condiderunt,
811 3321 846 3364 ac
870 3299 1032 3386 prolixiore
1056 3321 1140 3364 coma
1159 3321 1210 3386 pa·

38 3406 100 3469 lam
122 3415 154 3470 et
169 3405 199 3468 in
219 3406 347 3469 omnium
371 3405 464 3470 oeulis
487 3406 660 3489 procedunt.
702 3389 766 3467 itttt
784 3423 857 3466 vero
876 3401 970 3466 saneti
993 3404 1100 3466 iratres
1118 3402 1149 3466 in
1167 3403 1209 3466 ci-

38 3509 111 3572 licio
131 3518 162 3571 et
175 3507 275 3572 cinere
296 3507 373 3571 domi
399 3527 466 3572 sese
484 3507 654 3585 continent,
688 3506 738 3570 alii
761 3505 886 3589 denique
907 3505 1071 3590 asperrimo
1090 3504 1210 3569 vivendi

37 3609 182 3675 instituto
208 3630 244 3674 ac
260 3608 425 3676 durissimis
451 3608 570 3674 ieiuniis
595 3621 625 3672 et
642 3609 793 3674 laboribus
812 3607 859 3672 dei
878 3627 983 3674 caussa
1001 3608 1147 3694 susceptis
1163 3607 1209 3671 iu-

38 3713 137 3778 venili
152 3713 275 3797 quadam
292 3713 461 3776 tortitudine
477 3723 508 3777 et
521 3713 654 3797 perlecta
675 3733 746 3798 erga
762 3731 901 3798 sponsum
916 3697 1100 3776 corascienlin
1115 3709 1210 3774 onini-

37 3815 96 3881 bus
119 3813 254 3880 numeris
270 3815 433 3880 absolutam
454 3815 543 3879 vitam
563 3815 744 3900 exprimunt.
789 3813 850 3878 Alii
870 3814 1002 3893 demum,
1027 3814 1103 3898 quod
1123 3811 1209 3897 paulo

38 3931 111 3983 ante
133 3917 217 3998 dixi,
249 3939 309 3982 non
328 3919 463 3997 sincere,
497 3919 549 3982 sed
571 3917 769 3982 obstinatione
786 3917 912 4001 quedam
929 3915 1034 3995 animi,
1065 3915 1209 4000 relutty·

35 4087 173 4124 sacrorum
202 4081 227 4122 et
250 4087 380 4139 magorum
408 4070 483 4122 duces
504 4075 615 4124 mouenti
680 4071 705 4122 2.
724 4072 797 4122 Vertit
807 4071 937 4121 Cantemus
950 4067 999 4119 atti
1013 4077 1210 4119 romauntrur-

38 4143 188 4192 Corrauritte·
646 4157 687 4190 ens
711 4138 736 4188 in
753 4137 858 4188 Graecia
879 4137 962 4204 Mysi,
984 4135 1103 4204 appellati
1123 4135 1210 4190 attia

35 4202 613 4340 uialtqtl‘t‘lltltlatttlm
645 4207 701 4328 :a
721 4205 1209 4341 ”malimalzdllal

74 4345 119 4397 ll.
152 4347 331 4396 ttermbrndum
353 4349 459 4409 mepieor
482 4341 611 4414 constipat,
646 4343 687 4398 κτῑ
700 4341 822 4396 ramnus
838 4342 901 4404 arrh,
919 4343 1209 4405 memmenn-

36 4413 85 4467 καὶ
101 4411 232 4466 Kainoi.
268 4416 397 4464 Comuntur
410 4417 521 4465 eonamtt
534 4415 611 4465 aare·
645 4416 679 4464 sis
696 4415 771 4463 ahter.

38 4501 91 4532 ma.
146 4481 218 4548 apud
245 4481 355 4532 Graecos
379 4480 559 4548 hierophantae
587 4493 613 4532 et
679 4479 703 4534 3.
722 4477 768 4533 καὶ
781 4483 860 4531 umisa
872 4482 899 4530 tn
911 4480 966 4531 ortt.
981 4481 1063 4530 Petuu.
1079 4477 1158 4530 cuae
1171 4492 1209 4530 rs·

35 4549 207 4602 sacerdotum
225 4549 373 4618 Cynicorum
390 4549 525 4601 multitudo
542 4555 591 4602 cett.
644 4554 692 4612 pet.

74 4619 143 4670 Gar.
158 4618 230 4669 xttt.
247 4645 277 4682 -,
315 4619 337 4670 t.
353 4619 466 4683 sontem
481 4617 520 4673 bt.
679 4615 704 4669 l.
722 4619 830 4670 Fortem
845 4614 984 4685 rsmadmrl
1000 4631 1029 4673 rs
1044 4615 1078 4686 τῇ
1096 4616 1151 4670 κτλ.
