3058 5014
313 351 449 404 rannnn
468 353 530 404 nra.
545 351 588 407 nt.
605 353 689 406 ron.
700 354 720 405 1.
738 353 837 408 ulan.
856 353 977 406 cxxvr.
1167 342 1229 408 les

71 493 126 536 rem
140 477 240 548 dmm,
265 484 389 555 ecquem
404 477 509 536 miili
523 477 615 538 Iesum
634 477 788 536 Cdrr‘etanr.
834 471 915 538 Nam
932 482 961 537 et
978 474 1135 538 nonnullos
1151 475 1231 540 rele-

70 588 161 640 rentes
178 575 346 640 audirimus
362 577 437 660 quod
454 577 490 640 tle
508 576 557 640 illo
573 597 606 640 se
623 577 717 660 palam
734 575 852 640 audisse
870 577 1110 640 testificarentur.
1152 572 1228 641 Cum

69 678 176 762 qnidam
195 679 233 743 ob
248 689 379 764 stuprum
397 679 523 744 laminae
538 678 648 742 illatum
668 689 898 758 accusarentur,
927 688 958 744 et
976 678 1012 742 ab
1027 678 1093 744 aliis
1108 679 1229 744 damna-

68 791 179 858 rentur,
213 781 284 845 niltil
308 780 389 847 illum
415 792 612 858 nummolum,
645 781 697 844 sed
726 782 833 845 lactum
857 780 928 846 illud
952 782 1015 848 risu
1042 802 1077 847 ec
1102 780 1228 846 ludibrio

68 894 292 968 prosequentem
319 883 453 963 dixisse,
489 883 597 948 rrullius
623 882 678 946 lroc
703 904 771 948 esse
795 884 954 962 momerrti3
989 882 1123 968 corporis
1150 884 1228 948 euim

67 985 132 1048 ltanc
158 1006 228 1050 esse
251 986 459 1050 necessitatem
486 1008 521 1050 ac
541 985 740 1063 lunctlonem,
773 986 1013 1070 quemadmodum
1034 1007 1135 1050 ararem
1153 1007 1227 1050 non·

65 1109 206 1172 nunquam
223 1087 381 1172 scalpimus
398 1091 588 1173 (quamquam
606 1107 641 1150 ea
660 1107 818 1151 recensere
837 1109 895 1150 non
914 1088 980 1151 sine
996 1086 1105 1152 rubore
1122 1108 1227 1172 possu-

65 1189 432 1276 musqnaeimpnrusille
454 1190 608 1272 iactabat).
655 1186 715 1254 Sed
734 1201 781 1267 nt,
815 1190 984 1275 inquiebat,
1018 1189 1153 1276 piunnlu,
1178 1191 1228 1256 vel

64 1294 170 1356 lestuca
188 1313 290 1356 aurern
308 1291 486 1377 scalpimus,
511 1303 598 1376 utque
617 1291 672 1356 huc
691 1292 777 1356 modo
793 1290 924 1377 pruritus
939 1292 1063 1372 desinit,
1086 1293 1131 1358 sic
1151 1303 1181 1356 ct
1196 1293 1227 1358 id

64 1396 233 1460 naturaliter
255 1396 340 1459 nobis
363 1395 480 1473 evenit,
506 1415 602 1479 neque
622 1395 776 1480 qnisquam
800 1417 835 1460 ea
859 1415 892 1458 re
917 1395 1048 1460 iacienda
1072 1406 1186 1482 peceat.

142 1497 227 1562 llaec
245 1509 275 1560 et
297 1497 353 1561 alia
381 1508 440 1562 tum
465 1497 608 1562 eiusmodi
633 1497 788 1575 narrabat,
821 1519 857 1560 ao
879 1497 1021 1562 dissolute
1042 1508 1072 1562 et
1091 1497 1228 1583 nequiter
1251 1511 1314 1584 rap.
1330 1506 1363 1567 v.

63 1601 198 1679 docebat3
225 1613 256 1662 ut
272 1599 319 1663 vel
341 1620 380 1684 es
399 1599 471 1685 ipsis
489 1599 575 1663 luctis
592 1597 755 1664 cuiusmodi
775 1599 865 1663 luerit
884 1600 933 1664 ille
952 1611 1087 1678 constet,
1110 1619 1224 1685 nosque

62 1702 112 1784 ipsi
130 1701 241 1766 domini
263 1701 382 1780 verbis,
406 1703 489 1766 velut
504 1701 571 1766 luce
587 1701 729 1785 quadarn,
754 1703 977 1780 collustremur,
1003 1703 1050 1789 qni
1066 1703 1110 1767 sic
1124 1704 1224 1768 admo·

62 1817 123 1868 nete
154 1808 306 1868 Attendite
323 1826 342 1865 u
359 1807 446 1887 [αιεὶε
467 1807 633 1885 propiata,
668 1809 721 1886 qui
736 1810 851 1868 meunt
869 1809 909 1868 ud
932 1829 980 1868 uus
997 1811 1026 1868 r'n
1045 1810 1379 1876 oeramentum-turns.

60 1913 164 1986 coium,
189 1911 362 1968 manasseas
375 1919 468 1968 autern
485 1918 554 1968 sunt
568 1910 631 1988 lupi
643 1929 780 1988 rapaces:
814 1929 832 1970 u
840 1911 991 1992 jruetr'dns
1006 1931 1102 1972 eorum
1119 1931 1225 1991 eogno-

59 2015 138 2072 aeetir
157 2031 224 2074 eos:
259 2013 397 2090 numquid
417 2012 560 2090 eolligunt
581 2013 617 2072 de
638 2014 728 2090 spatiis
750 2031 837 2085 nous,
871 2021 924 2073 out
941 2015 976 2074 de
991 2014 1105 2075 tralata
1120 2015 1225 2096 ficus?

60 2110 106 2176 Sic
122 2113 217 2196 igitur
234 2109 423 2175 stolidissima
447 2111 524 2174 illins
543 2111 572 2174 in
591 2112 727 2176 omnibus
745 2112 866 2175 andacia
885 2112 952 2176 ltine
974 2123 1003 2176 et
1020 2113 1099 2178 illinc
1123 2115 1224 2178 redur-

57 2215 170 2298 guitnr,
202 2224 304 2299 utpote
328 2213 377 2299 qni
400 2224 504 2276 eorrtra
529 2214 676 2278 danninum
702 2216 794 2298 ipsum
826 2215 998 2279 ellrenatum
1023 2235 1058 2278 os
1086 2216 1223 2280 attollere

58 2339 111 2380 nnn
127 2317 290 2392 dubitavit,
316 2316 346 2380 in
363 2337 488 2401 eumque
506 2314 572 2379 sine
590 2317 648 2379 ullo
666 2319 776 2401 pudore
794 2317 947 2382 maledicta
963 2316 1107 2397 coniecit,
1137 2329 1166 2383 ut
1183 2338 1225 2384 en

57 2521 215 2606 perieulum
234 2521 312 2586 illius
329 2521 471 2585 lacienles
487 2521 524 2584 ab
543 2522 645 2588 iisdem
665 2521 723 2586 illis
743 2523 916 2608 colligendis
935 2523 1115 2588 abstineant.
1158 2518 1224 2587 Nc-

56 2645 107 2707 que
122 2625 204 2689 enim
221 2643 238 2686 c
256 2623 349 2708 spinis
366 2645 425 2688 nra
443 2622 551 2688 demeti
571 2635 686 2706 potest,
720 2635 751 2688 nt
767 2645 807 2689 ex
823 2625 982 2710 depravata
1004 2623 1137 2690 doctrina
1155 2645 1224 2690 sau·

55 2726 134 2790 etitas
161 2725 291 2790 udatur.
338 2723 450 2790 Verum
478 2725 550 2790 haec
570 2727 739 2790 delumine
763 2727 812 2792 illo
832 2727 869 2792 ab
890 2727 955 2792 aliis
978 2739 1099 2814 accepta
1120 2726 1223 2792 didici·

54 2849 124 2892 uus.
176 2826 211 2892 ln
231 2828 309 2891 illins
329 2848 418 2912 porro
436 2827 621 2912 dogmatibus
645 2850 710 2894 cum
736 2830 825 2894 multa
852 2831 912 2894 sint
929 2829 1058 2896 luriosae
1076 2830 1222 2894 adversus

55 2930 200 2994 domiuum
226 2931 290 2994 eius
314 2930 490 2994 insolentiae
516 2942 734 3011 consentanea,
771 2954 863 3017 panon
891 2932 946 2996 lton
970 2931 1036 2996 loeo
1062 2933 1098 2997 de
1123 2931 1223 2998 multis

54 3037 219 3116 proferam,
252 3053 366 3117 utraque
382 3035 417 3098 ed
435 3054 470 3096 eo
486 3036 640 3098 relntanda
655 3035 747 3100 dicam
764 3055 838 3119 quae
857 3035 993 3100 dominus
1010 3034 1131 3099 dicenda
1151 3055 1222 3097 cun·

53 3137 186 3200 cesserit.
236 3131 319 3200 Sane
342 3135 458 3221 quidem
485 3135 628 3200 eiusmodi
654 3147 700 3200 est
722 3138 868 3202 Arromoei
891 3137 969 3204 illius
992 3137 1021 3202 in
1045 3135 1220 3200 stabiliendo

53 3238 189 3322 dogmate
214 3237 381 3318 calumnia,
412 3232 483 3303 nihil
511 3249 542 3304 ut
564 3238 641 3301 alind
669 3250 786 3324 praeter
811 3241 1024 3304 sententiarum
1049 3237 1168 3303 unrbras
1186 3259 1221 3302 ac

54 3340 261 3406 similitudines
277 3353 482 3421 consectetur,
507 3361 582 3426 quac
602 3342 716 3404 tametsi
735 3363 775 3405 ex
790 3342 944 3426 seripturis
958 3342 1029 3428 ipsis
1044 3342 1219 3418 afferantur,

53 3443 132 3528 longe
152 3457 256 3508 tamen
275 3445 363 3509 alium
388 3465 507 3509 sensnm
530 3444 699 3523 eontinent3
730 3453 760 3506 ut
785 3465 850 3508 rum
868 3443 954 3507 aliam
974 3444 1093 3510 omnino
1112 3445 1170 3510 vim
1191 3453 1222 3508 ct

53 3557 228 3631 potestatem
253 3547 396 3626 habeant,
431 3547 539 3610 altillo
567 3557 663 3610 tamen
695 3546 874 3609 contrariam
905 3548 940 3610 ad
964 3557 1090 3612 merrtem
1122 3547 1241 3626 detur·¹

51 3663 207 3733 queantur.
246 3717 248 3721 ,

128 3751 220 3836 Ergo
245 3751 287 3814 ita
305 3750 403 3817 statim
424 3750 507 3816 initio
526 3750 671 3836 disputata
703 3747 773 3816 Non
800 3773 887 3837 posse
914 3753 1006 3836 geniti
1030 3751 1125 3816 simile
1148 3771 1216 3816 esse
1235 3769 1296 3838 cap.
1312 3769 1355 3822 vt.

51 3859 118 3938 quod
135 3877 199 3920 uon
220 3865 267 3918 est
282 3854 431 3939 genitum,
456 3875 520 3918 cum
537 3853 585 3917 vel
601 3854 795 3939 appellatione
813 3856 874 3940 ipsa
893 3855 1065 3931 dissideant,
1089 3873 1127 3916 eu
1142 3855 1218 3938 qrrod

52 3977 131 4022 unum
156 3957 327 4040 ingenitum
352 3968 414 4036 est,
449 3957 573 4020 alterum
598 3957 743 4041 genitum.
798 3955 910 4021 Verum
935 3968 1025 4021 toturn
1051 3956 1120 4020 illud
1144 3977 1218 4022 sane

52 4081 127 4140 quam
155 4060 293 4142 ineptum
320 4070 385 4138 est3
420 4059 504 4144 idque
532 4059 626 4143 ipsum
655 4058 801 4124 hominem
828 4061 864 4124 arl
890 4060 1033 4123 insaniam
1064 4056 1214 4146 compulit.

50 4157 120 4226 Nam
143 4163 169 4226 si
189 4161 221 4226 ei
239 4163 315 4245 quod
343 4161 503 4247 ingenitum
530 4171 576 4224 est
599 4161 763 4246 genitorem
786 4183 980 4245 qrrarranms,
1014 4172 1098 4225 utne
1117 4182 1216 4228 veram

51 4263 81 4326 de
93 4261 220 4330 Christo
237 4265 405 4350 opinionem
422 4264 608 4343 amittamus,
633 4285 691 4327 nnn
710 4287 798 4327 unum
816 4263 938 4350 amplius
956 4275 1067 4351 patrem
1085 4285 1152 4330 esse
1169 4287 1217 4329 re-

51 4367 216 4450 periemus,
251 4387 347 4453 usque
371 4365 462 4452 patris
485 4378 616 4453 patrem,
649 4369 699 4430 sed
721 4367 824 4431 inliniti
844 4388 967 4432 numero
986 4379 1099 4454 patrum
1118 4380 1217 4456 patres

52 4533 120 4602 ipsius
137 4536 275 4592 commissu
289 4537 367 4588 multa
384 4548 457 4596 srrnt,
475 4555 549 4605 qurum
566 4535 617 4589 ele·
652 4555 700 4607 que
717 4537 749 4590 ad
767 4537 886 4592 insaniam
905 4540 1054 4612 processerit
1069 4545 1119 4596 ccli

52 4605 83 4656 tic
94 4608 167 4660 animi
183 4606 241 4658 eius
256 4615 345 4658 contra
361 4605 489 4660 domiuum
505 4625 564 4659 ausa
578 4623 618 4660 us·
