3082 5006
316 299 454 354 raanan
471 268 941 356 animumanimumum.
1168 293 1206 354 ιι

59 439 243 511 antemna,
274 447 305 499 et
319 440 492 520 disceptator
506 443 709 520 cogitationum
725 452 754 502 et
766 444 950 502 intentionum
967 441 1077 515 sordui,
1111 461 1200 520 nepae

60 551 96 600 est
114 550 238 601 ereatura
259 543 370 602 monito
398 547 588 623 romaniano,
623 553 682 608 ete.
728 541 779 607 En
797 544 903 628 quibus
926 543 1061 608 omnibns
1085 542 1202 606 illoram

61 641 147 726 opinio
167 643 321 707 retettimr.

137 743 200 809 Nea
227 746 323 809 minas
353 755 385 810 et
406 745 529 810 aliarum
561 746 723 812 reiinieada
756 749 922 826 sententia,
952 749 1005 832 qni
1037 768 1145 830 eorpus
1171 747 1206 812 ad
1233 745 1345 816 capt.

62 847 198 928 imaginem
215 849 261 911 dei
278 867 346 911 essa
363 847 468 912 tantum
493 849 676 932 praedirnnt.
722 847 800 914 Nam
820 849 870 935 qui
887 850 950 914 fieri
970 862 1067 937 potest
1084 861 1115 913 nt
1131 851 1206 933 quad

63 949 221 1032 aspectabile
238 960 285 1012 ιιι
302 951 329 1014 ei
348 949 443 1014 simile
460 952 500 1014 sit
515 953 591 1034 quud
614 952 707 1015 videri
734 973 793 1016 non
817 955 934 1036 puteat?
964 965 1015 1017 ant
1032 973 1207 1036 corporeum

62 1051 176 1136 eorporis
196 1052 335 1136 experti?
358 1063 408 1117 ant
422 1055 498 1136 qnod
516 1055 694 1118 contrectari
711 1066 808 1140 potest
824 1054 852 1118 ri
868 1057 944 1140 quud
962 1055 1139 1142 apprehendi
1157 1075 1209 1116 ue·

64 1154 128 1237 quit?
173 1149 334 1218 Praeterea
361 1175 415 1218 uos
442 1155 592 1218 anteriora
619 1158 764 1220 duntaxat
791 1159 884 1222 aetatis
910 1160 1020 1221 nastris
1046 1157 1207 1233 censuimus,

64 1275 124 1338 qnae
138 1277 209 1340 poue
229 1267 299 1320 aaut
319 1255 501 1340 ignoramus.
546 1255 645 1322 Penas
664 1261 749 1322 desim
769 1273 865 1324 antem
890 1281 986 1345 neque
1002 1259 1119 1324 ardentio
1137 1259 1206 1337 utta,

65 1377 142 1440 mque
158 1359 288 1422 detectus
306 1371 369 1436 est,
398 1360 452 1423 ssd
470 1361 672 1444 undecumque
697 1362 793 1425 tumea
820 1371 884 1440 est,
917 1365 1119 1445 undarumque
1138 1382 1210 1423 onn-

65 1457 115 1536 tns,
143 1461 341 1544 undecumque
364 1461 470 1544 gioria.
516 1459 646 1546 Spiritus
666 1463 741 1526 euim
760 1465 913 1543 deusest,
947 1465 994 1547 qni
1013 1483 1128 1526 ornnem
1149 1463 1209 1548 spi·

65 1561 135 1622 ritum
150 1573 326 1648 exsuperat,
360 1575 390 1625 et
406 1564 458 1628 tan
477 1563 542 1628 duce
556 1564 634 1627 nmini
653 1566 862 1650 praestantior.
911 1564 1058 1650 Quicquid
1076 1566 1153 1628 enim
1174 1564 1210 1627 ab

66 1660 116 1746 ipso
137 1665 282 1728 noraditum
308 1676 373 1744 est,
408 1666 485 1730 inira
512 1667 590 1731 itlius
614 1668 704 1730 denas
730 1669 911 1752 angleriam
934 1679 992 1732 est.
1039 1667 1111 1732 sou
1136 1687 1211 1730 suero

68 1763 162 1828 trinitas
187 1768 397 1853 comprehendi
416 1789 475 1832 nou
495 1778 609 1854 potent,
644 1778 672 1832 et
689 1770 830 1833 infinitam
850 1772 993 1854 quandam
1018 1770 1142 1853 glorium
1159 1767 1211 1832 ob·

69 1867 139 1946 tinet,
175 1891 248 1955 qnae
280 1890 334 1934 nee
361 1871 531 1934 coniectura
561 1871 694 1955 eapitur,
729 1893 783 1937 nee
811 1871 1005 1956 intelligentia
1038 1870 1210 1958 pereipitur.

70 1965 136 2048 Quod
153 1973 186 2035 ad
206 1973 274 2036 ittos
291 1993 364 2036 vero
389 1973 517 2059 pertinet
533 1974 582 2057 qni
599 1974 628 2036 in
647 1973 755 2038 virtute
781 1974 978 2040 ooarditiouem
1004 1974 1083 2038 ittam
1108 1971 1212 2057 imagi-

71 2071 272 2152 dissonarent,
298 2096 336 2138 ne
353 2073 393 2138 itti
411 2075 528 2159 quidem
547 2085 628 2139 rente
645 2077 787 2140 ιιιιιίιιιι.
834 2075 912 2140 Nam
931 2078 1025 2141 virtus
1046 2077 1112 2140 siue
1129 2097 1212 2142 man·

71 2173 178 2239 datomm
202 2173 414 2240 observatione
436 2177 602 2240 consistere
628 2197 688 2244 aon
710 2187 818 2263 potest.
865 2176 925 2243 Sed
949 2189 979 2242 et
994 2179 1103 2242 virtute
1124 2177 1213 2264 pleri-

73 2277 247 2358 qaoiavieem
277 2280 476 2358 antecellant,
509 2280 586 2363 quod
611 2279 729 2344 virtutis
746 2300 859 2366 genera
880 2279 940 2344 siat
964 2280 1120 2366 permulta.
1166 2280 1213 2343 Ae

73 2397 116 2440 uos
134 2381 286 2446 annuntias
307 2401 323 2444 e
342 2379 563 2446 confessoribus
589 2381 725 2445 novimus
751 2381 799 2466 qui
826 2403 933 2468 eorpus
955 2391 986 2446 et
1003 2381 1132 2446 animam
1158 2401 1212 2466 pro

74 2475 239 2548 dominusne
265 2483 467 2564 tradiderunt,
498 2493 529 2546 et
550 2484 580 2547 in
603 2483 791 2547 confessione
816 2505 851 2548 ae
875 2484 1049 2549 castimonie
1071 2502 1213 2570 perseue-

74 2593 153 2648 rantes
171 2585 401 2650 siaeerissimam
424 2586 509 2650 tidem
525 2585 581 2650 sibi
592 2595 829 2704 reppererant,
862 2608 898 2650 aa
920 2589 1047 2675 pietate,
1079 2585 1213 2650 humani·

19 2649 22 2778 d
74 2691 134 2762 tate,
163 2687 305 2772 reiigione
331 2689 558 2773 praestiterant,
590 2685 621 2750 in
643 2687 762 2751 ieiuniis
785 2687 1053 2768 aseidniiaernat,
1085 2685 1214 2752 inomni

74 2783 175 2870 deniqne
193 2790 340 2874 probitate
357 2811 392 2853 ae
408 2789 527 2854 virtutis
544 2789 705 2874 specimine
721 2791 896 2854 floruerant.
943 2789 1034 2855 lidem
1053 2799 1151 2854 tamen
1168 2785 1213 2853 vi-

75 2883 202 2974 tioatiqao
217 2889 324 2957 satiusi
345 2903 432 2972 sunt,
466 2902 498 2955 ιι
516 2901 567 2958 ιιι
583 2891 613 2954 in
632 2891 768 2956 eonvieia
791 2891 987 2978 proctiviorea
1010 2901 1129 2971 essent,
1161 2901 1213 2954 ant

76 2985 110 3050 dei
123 3011 218 3058 nomeu
234 2992 422 3072 deierarent,
455 3003 507 3058 aut
523 2993 710 3078 loquaciores
727 3003 846 3073 essent,
879 3004 929 3059 aut
945 2993 1098 3060 iraonndia
1114 3013 1213 3080 prom·

76 3091 120 3170 pti,
138 3106 184 3158 ιιι
196 3116 300 3160 ιιιιιι
319 3105 512 3180 argentumve
535 3096 737 3182 possiderent,
770 3107 822 3162 ant
839 3095 905 3162 aliis
924 3095 1050 3180 denique
1073 3093 1211 3160 sordibus

76 3189 291 3278 obsoletassent,
325 3219 401 3282 qnae
425 3197 557 3262 nonnihil
582 3199 618 3262 de
640 3199 717 3262 insta
740 3198 859 3263 virtmis
879 3219 1018 3264 mensura
1039 3198 1210 3264 detrahant.

77 3287 112 3356 De
128 3297 221 3380 quibas
247 3298 317 3386 qaid
342 3300 458 3366 medem
482 3299 587 3364 dietari
606 3302 727 3366 sumas?
769 3300 820 3364 Aa
836 3299 904 3366 illos
918 3299 1054 3384 imaginis
1072 3302 1162 3364 decus
1177 3299 1213 3362 n-

77 3391 113 3458 ua
125 3418 169 3464 ιιι
184 3402 238 3466 sibi
256 3402 368 3466 virtute
386 3402 582 3486 quaesivisse,
606 3403 658 3466 sed
675 3413 794 3489 propter
809 3402 953 3466 humanans
968 3401 1083 3487 aliquos
1100 3421 1214 3467 naevos

76 3493 135 3562 hano
149 3501 235 3584 ipsam
252 3503 410 3588 imaginem
428 3505 527 3590 speeie
548 3514 634 3569 tenus
657 3504 694 3568 ab
711 3503 769 3568 ittis
788 3503 870 3587 geri,
904 3523 959 3568 neo
982 3505 1143 3589 pertentans
1164 3501 1215 3568 ab·

76 3599 235 3688 sotatamqne
254 3604 398 3670 retineri?
439 3603 492 3670 Sio
509 3606 625 3670 itteram
649 3606 771 3689 exptosa
792 3605 940 3669 sententia
957 3615 1015 3670 eet.
1062 3603 1123 3670 lam
1141 3625 1215 3671 vero
1322 3598 1328 3609 '

77 3701 165 3781 quiin
192 3707 335 3793 baptismo
364 3708 463 3772 inesse
494 3707 595 3772 dieunt
625 3705 801 3793 imaginem,
837 3707 1029 3772 vehementer
1061 3707 1212 3772 aberrant.

77 3795 204 3873 Nemaea
222 3810 351 3874 Abraam
375 3809 520 3895 baptismo
535 3809 667 3873 initiatus
690 3820 753 3886 est,
788 3829 843 3874 nee
862 3807 964 3888 tanao,
996 3829 1092 3896 neque
1113 3806 1213 3887 tnenb,

78 3922 120 3966 aee
142 3905 236 3987 Elias,
273 3933 368 3996 nequa
388 3909 532 3998 Moyses,
565 3932 620 3974 aee
642 3909 826 3996 antiquiores
850 3909 907 3976 ittis
930 3909 1017 3989 No'd,
1050 3907 1213 3988 etfleuoe,

79 4021 155 4090 teque
176 4014 353 4098 prophetae,
386 4024 418 4078 at
446 4012 558 4092 isaias,
590 4025 620 4077 et
638 4013 743 4078 aeteri.
789 4010 868 4096 Quid
893 4013 1002 4098 igitnrt
1046 4011 1216 4095 Arrimagi·

79 4125 131 4170 aen
146 4112 181 4177 itti
197 4115 243 4178 dei
264 4137 322 4180 ιιοιι
342 4115 525 4181 habuerunt?
570 4113 680 4200 Magna
704 4115 789 4179 nobis
808 4127 1047 4198 argumentorum
1071 4116 1216 4178 adversas

78 4205 132 4276 ittos
145 4216 221 4302 eopia
241 4229 304 4298 est,
340 4229 372 4283 ιι
389 4230 419 4283 et
434 4229 539 4284 eontra
557 4217 703 4298 Andium,
737 4217 786 4302 qui
806 4217 962 4301 imaginem
980 4219 1010 4281 in
1028 4237 1153 4302 corpore
1171 4215 1217 4280 in-

80 4327 133 4378 ttae
151 4319 302 4402 pertendit.

147 4418 210 4483 nna
230 4433 298 4488 suat
323 4422 488 4508 scripturae
513 4422 682 4488 testimonia
707 4441 783 4505 quae
808 4419 847 4484 ab
868 4419 1015 4486 Aodiauis
1040 4419 1290 4506 sternutancap.
1309 4437 1353 4488 vt.

19 4551 20 4590 1
80 4509 170 4597 Vetat,
199 4529 400 4588 (teutidoon'm'
418 4529 448 4590 iu
466 4547 619 4609 promen
635 4529 809 4608 remearunt,
844 4534 971 4586 etanres
991 4527 1053 4586 eina
1074 4529 1104 4586 in
1117 4543 1217 4605 precor
1264 4535 1348 4644 apage.

123 4615 414 4678 &mittundum
997 4631 1017 4693 2
