3042 5016
554 989 692 1054 sancus

366 1143 881 1233 EPIPHANll

146 1351 530 1428 cordua
594 1349 1102 1427 HAERESES

458 1521 548 1572 LIBRI
562 1522 605 1572 lll.
623 1521 739 1572 Totius
757 1522 789 1571 ll.

216 1761 495 1839 cduuua
546 1760 1039 1856 stridularum,

43 1889 77 1956 ut
109 1884 268 1958 nonnulli
300 1889 440 1977 romnt,
474 1882 533 1978 qui
566 1881 745 1980 perfectam
781 1881 908 1956 (limati
942 1882 1204 1958 incarnationem

125 2005 313 2102 abnegant,
340 2027 423 2100 quae
450 2008 502 2078 est
527 2001 677 2077 haeresis
696 1999 820 2096 LVII,
847 2001 919 2078 sire
938 1999 1118 2080 LXXVII.

122 2273 202 2340 Post
215 2273 386 2361 superiores
404 2275 470 2339 illos
486 2295 565 2339 nors
580 2274 734 2359 quaedam,
758 2293 794 2337 ac
809 2229 949 2351 diflicilia,
974 2283 1003 2337 et
1019 2296 1036 2338 a
1051 2286 1133 2338 recta
1147 2276 1203 2340 ilde
1233 2297 1295 2365 esp.
1313 2300 1331 2349 1.

41 2377 207 2442 abhorrens
232 2377 363 2442 haeresis
383 2398 422 2441 cs
448 2377 605 2462 anticipata
625 2375 815 2460 quorumdam
842 2377 980 2462 opinione
995 2376 1024 2440 in
1048 2377 1205 2442 humanum

40 2501 135 2562 genus
153 2481 280 2567 prodiit,
309 2499 405 2564 neque
423 2501 558 2544 caussam
577 2500 631 2543 cur
644 2481 686 2542 ita
702 2478 861 2562 contigerit
876 2479 950 2542 satis
965 2479 1116 2564 intelligoq
1148 2480 1205 2544 nisi

41 2585 114 2666 quod
132 2583 164 2646 id
182 2603 272 2646 unum
287 2582 431 2646 humanae
448 2593 571 2646 naturae
586 2581 774 2664 perturbator
790 2591 820 2644 et
836 2579 929 2645 bostis
945 2581 1079 2646 diabolus
1095 2584 1204 2665 studet,

39 2707 191 2770 uunquam
209 2696 243 2749 ut
264 2683 301 2748 ab
324 2685 499 2748 infestandis
528 2684 694 2748 bominibus
718 2694 835 2762 cesset3
867 2681 915 2767 qui
942 2685 1127 2749 amarissimo
1151 2708 1207 2752 suo

40 2808 158 2852 veneno
179 2787 345 2872 exquisitos
362 2787 444 2852 cibos
460 2786 569 2866 inlicit,
593 2807 627 2850 ac
646 2785 725 2851 melli
742 2785 781 2850 tel
799 2785 959 2862 admiscet,
983 2785 1070 2870 idque
1088 2788 1206 2872 potissi-

39 2890 251 2954 mamiliorum
267 2910 357 2975 opera
373 2889 492 2953 molitur
508 2889 557 2973 qui
576 2889 740 2954 admirabili
756 2888 835 2952 vitae
851 2887 986 2952 instituto
1006 2889 1205 2969 celebrantur,

40 3001 68 3052 et
83 3002 212 3078 propter
233 2992 370 3056 sincerae
394 2991 460 3056 fidei
482 2991 609 3055 studium
625 2994 820 3076 ardoremque
836 2993 1090 3056 commendantur.
1141 2991 1207 3058 lloc

38 3096 115 3160 eninr
132 3096 256 3160 unicum
275 3095 354 3158 illius
379 3115 453 3180 opus
471 3105 517 3158 est
535 3095 583 3178 qui
598 3106 629 3158 et
644 3096 789 3159 adversus
805 3105 956 3180 parentem
974 3107 1106 3158 nostrum
1126 3093 1206 3160 Atu-

39 3219 114 3262 num
134 3197 251 3262 invidia
268 3198 404 3284 primum,
430 3208 459 3261 et
476 3197 620 3262 adversos
638 3197 794 3260 burdanum
812 3217 899 3261 omno
915 3218 1013 3282 mnus
1027 3197 1102 3261 odiis
1118 3197 1207 3262 oller-

37 3298 110 3364 buit.
162 3297 260 3382 Quam
276 3299 502 3364 adsentantium
518 3299 670 3384 praeclare
687 3299 807 3383 sapiens
823 3299 939 3382 quidam
958 3300 1044 3380 dixit,
1067 3305 1206 3364 lanuto

38 3408 153 3484 nogara
173 3413 313 3484 perpetuo
334 3403 511 3465 successibus
529 3405 685 3464 advocant
735 3397 787 3465 Sic
802 3399 893 3485 igitur
909 3425 962 3486 per
979 3424 1102 3488 magnos
1118 3425 1208 3489 qnos·

37 3527 92 3587 que
117 3507 207 3570 viros
230 3523 349 3570 errores
371 3503 555 3582 introduxit,
589 3503 632 3568 uti
655 3525 710 3568 nos
731 3513 819 3587 atque
841 3504 967 3570 ecclesia
989 3505 1036 3570 dei
1056 3505 1206 3591 perpetuis

38 3605 188 3672 molestiis
214 3627 249 3669 ac
277 3606 446 3670 tumultibus
473 3606 616 3692 bellisque
643 3605 856 3671 conflictamur.
911 3605 1029 3672 Etenim
1059 3609 1207 3673 nonnullis

38 3723 213 3774 nostrorum
237 3709 363 3795 placuit,
398 3709 557 3794 etquidem
571 3708 734 3794 primariis,
767 3720 854 3794 atque
872 3731 888 3772 a
907 3709 993 3775 uobis
1013 3723 1043 3775 et
1057 3710 1094 3776 ab
1111 3709 1207 3776 oruni·

36 3809 88 3877 bus
107 3811 292 3876 orthodoxis
317 3811 423 3878 divinis
448 3812 655 3896 propemodum
681 3811 842 3877 bonoribus
861 3812 992 3892 allectis,
1026 3824 1152 3878 urentem
1168 3813 1205 3877 ab

38 3909 156 3979 Christi
179 3913 382 3978 incarnatione
406 3915 576 3994 dimovere,
600 3915 783 3999 eundemque
799 3937 920 3980 caruem
935 3937 1001 3980 cum
1018 3915 1114 3978 anima
1133 3914 1205 3978 dun-

37 4025 122 4081 taxat
134 4016 328 4102 suscepisse,
360 4026 487 4080 mcntcm
507 4037 579 4080 vero
596 4037 798 4102 nequaquam,
822 4037 978 4097 asserere,
1012 4017 1067 4080 boc
1083 4028 1130 4080 est
1147 4037 1205 4080 nou

36 4123 208 4202 perlectum
236 4118 381 4182 bominem
405 4118 547 4182 induisse.
592 4117 700 4204 Neque
728 4120 814 4184 video
839 4119 906 4204 quid
926 4119 980 4182 bac
997 4117 1135 4204 opinione
1153 4119 1206 4184 bu·

35 4243 124 4286 mano
139 4221 248 4306 generi
267 4220 461 4299 contulerint,
493 4230 579 4294 autu
598 4221 771 4304 quibusnam
789 4222 953 4285 istiusmodi
972 4223 1078 4305 dogma
1096 4220 1205 4284 didice-

35 4324 115 4402 rint,
144 4322 257 4408 quidve
274 4333 324 4387 aut
338 4343 379 4386 ex
396 4343 431 4387 ea
450 4343 481 4386 re
500 4322 690 4387 emolumenti
707 4322 763 4409 ipsi
781 4324 931 4408 ceperint,
963 4333 1014 4387 aut
1032 4322 1205 4409 nobisipsis

35 4439 126 4512 atque
151 4425 338 4490 auditoribus
363 4425 515 4505 omnibus,
548 4426 680 4509 adeoque
705 4435 825 4488 sanctae
855 4425 901 4488 dei
927 4426 1071 4490 ecclcsiae
1092 4427 1205 4491 lructns

32 4566 161 4626 meula
184 4563 315 4626 indefinitu-
351 4564 433 4626 Tattptt
456 4563 513 4614 burc
537 4566 611 4614 uerbo
635 4565 707 4614 ulons
722 4565 855 4613 Gomtcrus
873 4566 933 4627 Opp.
951 4566 1008 4616 crit.
1025 4580 1049 4628 p·
1062 4563 1119 4616 812.
