3068 5008
479 295 805 356 nnnouennnnuosrs.
1158 288 1219 352 565

49 411 166 476 inlusis
190 411 220 476 in
247 415 370 478 salntem
397 427 551 494 asserunt,
588 437 702 500 unaque
732 437 821 480 noces
846 417 985 501 quasdam
1007 415 1172 484 Hebraioas
1188 419 1219 484 iu

50 513 123 578 eins
146 514 193 598 qui
216 516 352 602 expiatur
374 531 460 602 caput
481 518 681 582 insusurrant.

145 615 282 702 Ophitae.
330 617 368 684 tti
383 632 551 705 serpentem
566 631 748 684 venerantur
760 643 794 684 ac
808 621 990 707 praedicant,
1009 642 1133 706 eumque
1150 643 1218 690 esse

49 715 209 784 Christum
233 733 381 786 asserant.
428 721 475 788 Ob
496 724 524 786 id
548 724 577 786 in
601 723 674 788 cista
698 735 867 807 serpentem
890 737 1059 790 asservant.

143 819 259 886 Caiaui.
307 809 447 890 Veterem
465 827 578 910 legem,
604 836 715 900 etcum
734 825 782 910 qui
800 825 879 890 itlius
898 827 972 911 legis
991 837 1123 911 tempore
1137 827 1219 892 locu·

49 935 102 988 tus
121 936 167 988 est
182 927 345 1010 repudiant.
392 925 655 992 Resurrectionem
673 929 771 992 carinis
789 927 947 1012 abnegant.
992 925 1117 992 Cainum
1138 951 1219 994 com-

49 1029 212 1107 mendant,
243 1051 327 1113 quem
356 1028 580 1115 praestantioris
608 1029 758 1094 cuiusdam
778 1031 896 1093 virtutis
920 1031 1010 1096 inisse
1034 1032 1216 1116 praedicant.

49 1127 115 1194 Sed
133 1141 163 1192 et
181 1128 280 1194 ludam
299 1131 406 1194 divinis
426 1131 586 1198 honoribus
603 1133 749 1213 afficiunt,
773 1153 828 1197 nec
846 1153 904 1196 non
925 1144 955 1196 et
970 1131 1067 1212 Core,
1102 1131 1218 1200 [lothan

54 1243 88 1293 et
113 1231 246 1310 Abiron,
271 1255 304 1297 ae
328 1232 510 1298 Sodomitns.

141 1331 287 1398 Sethinoi.
334 1335 373 1400 Hi
392 1333 515 1400 Sethnm
534 1337 668 1400 laudibus
695 1337 832 1400 efferunt.
880 1335 975 1421 Quem
1000 1359 1040 1402 ex
1061 1360 1217 1425 supremae

50 1437 186 1518 parentis
203 1439 382 1522 poenitentia
403 1451 587 1524 procreatum
613 1450 730 1525 putant,
766 1461 851 1518 cunr,
886 1437 982 1506 Caino
1000 1440 1153 1527 hbeloque
1172 1443 1217 1506 in-

51 1540 209 1618 terlectis,
232 1560 394 1625 congressa
412 1543 557 1607 sinceram
576 1543 715 1628 stirpem,
749 1543 887 1606 videlicet
906 1541 1048 1621 Sethum,
1083 1544 1214 1628 protulit,

50 1663 146 1726 aquo
169 1629 338 1708 universum
366 1665 459 1728 genus
485 1645 631 1708 hominnm
658 1645 797 1708 manavit.
844 1643 1001 1710 Postremo
1025 1646 1166 1732 principia
1187 1659 1217 1712 st

50 1755 234 1829 potestates,
259 1756 416 1832 ceteraque
440 1759 471 1810 ut
493 1747 541 1810 alii
563 1747 661 1811 omnia
684 1758 828 1812 statuunt.

139 1949 324 2015 Archontici.
370 1948 474 2016 Plures
489 1950 537 2014 isti
554 1952 588 2014 od
604 1949 751 2036 principes
767 1951 904 2016 universa
922 1951 1099 2030 relerentes,
1125 1974 1215 2037 qnae-

53 2073 182 2137 cumque
207 2055 284 2118 factn
309 2053 435 2118 suntab
460 2053 517 2118 illis
540 2063 604 2116 orta
630 2054 783 2117 deliniunt.
828 2051 947 2116 Habent
972 2065 1001 2117 et
1026 2055 1213 2120 foedissimae

49 2156 198 2239 quoddam
222 2156 350 2220 libidinis
368 2177 473 2239 genus.
521 2153 629 2221 Carnis
648 2155 895 2220 resurrectionem
919 2167 1071 2240 respuunt.
1119 2155 1213 2222 Vetus

50 2268 259 2323 testamentum
278 2258 458 2324 calumniose
477 2259 623 2323 reiiciunt.
671 2255 902 2344 Quamquamet
921 2259 992 2338 hoc,
1024 2270 1149 2324 ctnovo
1168 2258 1214 2323 in-

49 2380 143 2444 super
164 2381 370 2446 nonnunquam
395 2371 531 2439 utantur,
564 2382 603 2426 ex
629 2359 733 2445 quihus
759 2361 891 2446 singulas
916 2362 1037 2426 voculas
1055 2361 1157 2426 callide
1175 2361 1214 2428 ad

47 2473 178 2527 mentem
201 2485 284 2528 suam
307 2465 540 2528 accommodant.

137 2562 335 2644 Gereonium,
359 2588 375 2628 a
391 2563 549 2646 Cerdone,
574 2567 621 2652 qui
638 2587 724 2652 quem
739 2565 775 2630 ab
792 2565 977 2631 Heracleone
991 2587 1122 2630 errorem
1140 2567 1210 2630 hau-

47 2678 151 2746 serat,
183 2669 268 2733 ncris
294 2670 422 2734 inventis
445 2671 577 2734 adauxit.
623 2669 669 2732 Ac
690 2690 755 2732 cum
772 2667 896 2733 Romam
917 2690 933 2733 e
952 2667 1041 2756 Syria
1060 2670 1208 2755 proiectus

47 2782 148 2850 esset,
179 2769 290 2856 Hygini
314 2791 406 2856 papae
433 2772 612 2858 temporibus
638 2793 689 2836 sna
713 2773 849 2856 dogmata
875 2771 1087 2836 disseminavit.
1139 2769 1208 2838 Duo

47 2895 139 2956 porro
167 2874 307 2959 principia
332 2875 480 2938 contraria
509 2875 635 2937 invicem
661 2875 793 2938 affirmat.
839 2871 940 2957 Negat
965 2871 1114 2938 Christum
1140 2896 1208 2940 esse

46 2975 191 3060 genituro.
237 2973 422 3040 Mortoorum
449 2977 658 3040 excitationem
682 2997 745 3039 cum
769 2987 872 3041 vetere
897 2985 1074 3040 testamento
1096 2977 1205 3042 reiicit.

134 3179 357 3246 Marcionistae.
404 3179 519 3244 Marcio
534 3181 674 3244 oriundus
692 3201 731 3244 ex
747 3178 844 3243 Ponto
861 3179 998 3264 episeopo
1020 3191 1103 3266 patre
1119 3193 1205 3248 natus

48 3297 107 3347 est.
154 3285 182 3346 Α
199 3305 256 3368 qno
273 3284 309 3348 ob
324 3283 448 3368 virginis
461 3295 592 3367 stuprum
611 3284 723 3346 eiectus
740 3303 778 3346 ex
796 3283 920 3346 ecclesia
936 3279 1061 3346 Romam
1080 3285 1204 3369 aufugit.

47 3384 104 3450 Ubi
127 3407 190 3454 curu
206 3387 242 3449 ab
259 3386 297 3452 iis
314 3387 361 3472 qni
380 3397 438 3450 tum
456 3386 600 3449 ecclesiae
625 3395 782 3470 praeerant
797 3385 1005 3469 poenitentiam
1029 3386 1136 3450 frustra
1156 3408 1207 3471 po·

47 3489 204 3566 stulasset,
237 3489 409 3553 catholicam
437 3489 521 3550 tidem
546 3507 714 3572 oppugnare
737 3487 873 3550 institnit.
929 3483 1126 3569 Quamobrem
1150 3488 1206 3554 triu

48 3613 116 3668 esse
139 3591 278 3676 principia
300 3592 392 3668 dixit,
416 3591 542 3667 honum,
574 3591 682 3653 iustum
704 3599 734 3650 et
748 3589 866 3652 malum.
911 3587 1030 3652 Novom
1048 3599 1207 3654 testamen-

48 3704 107 3756 tnm
128 3715 145 3756 a
163 3703 266 3756 vetere
284 3693 472 3778 eiusdemque
493 3703 614 3756 auctore
639 3691 766 3754 alienum
792 3711 859 3756 esse
879 3692 988 3754 docuit.
1035 3687 1143 3756 Carnis
1159 3713 1206 3756 re·

48 3795 262 3859 surrectionem
289 3796 416 3860 sustulit.
472 3793 541 3858 Non
568 3816 655 3858 uuum
682 3793 825 3880 baptisma
851 3796 1008 3872 duntaxat,
1040 3795 1091 3856 sed
1117 3795 1204 3858 etiam

49 3899 102 3960 tria
123 3909 188 3982 post
206 3898 342 3961 delictum
366 3896 507 3982 indulget.
553 3895 614 3961 Pro
633 3898 756 3962 mortuis
781 3898 896 3960 illorum
918 3895 1136 3960 catechumenis
1154 3896 1205 3960 ba·

49 4001 186 4083 ptismum
205 3999 254 4063 alii
279 3999 452 4085 suscipiunt.
497 3997 674 4064 Mulieribus
694 4000 831 4064 conterre
859 3997 1033 4083 baptismum
1057 3997 1122 4062 siue
1146 3999 1204 4065 ullo
1270 4054 1273 4064 .

49 4102 215 4166 discrimine
237 4101 389 4186 permittit.

131 4191 335 4269 Lucianistae.
380 4201 532 4268 Lucienus
558 4205 602 4268 his
622 4204 788 4288 antiquior,
819 4225 877 4266 non
898 4203 973 4268 alter
988 4203 1037 4267 ille
1054 4205 1103 4287 qui
1123 4201 1203 4270 Con·

48 4343 105 4392 ιιιιι.
142 4346 213 4404 Atque
226 4345 261 4392 tto
277 4344 361 4406 tepttnr
377 4345 401 4392 tn
415 4345 543 4392 summario
559 4345 607 4393 Pc·
641 4340 738 4394 leurdo
760 4340 822 4422 ucis.
874 4343 946 4403 Vutpo
969 4343 1030 4390 enim
1054 4343 1138 4404 tegitur
1160 4338 1203 4396 edu

49 4413 110 4458 nortl
126 4423 183 4473 pap.
195 4409 253 4460 ί230.
642 4405 733 4464 bausci
750 4407 814 4462 uois.

80 4477 121 4526 30.
155 4479 182 4528 ιιι
213 4479 320 4528 Poncrio
349 4483 412 4529 emat
438 4473 610 4547 διαβάλλωσι,
677 4479 717 4530 31
736 4480 859 4540 Snepicnri
883 4479 935 4528 ticet
957 4475 1136 4545 διαδεξαμένου
1149 4494 1203 4532 cum

49 4546 277 4607 onodrepcnendnm
290 4552 330 4596 ιιι.
355 4549 406 4597 tam
422 4549 610 4598 Gomcrinsuer-
642 4549 746 4600 Patauio.

50 4615 75 4662 tu
92 4611 281 4668 calumniantur.
307 4617 384 4670 Ponto
399 4621 452 4684 post
469 4611 609 4682 ιιιριιτόι
676 4613 717 4670 32.
734 4617 800 4672 Libri
816 4618 899 4674 babent
914 4619 985 4689 culpo
1002 4614 1109 4688 ῥηγίιου
