3068 5008
282 339 345 401 762
739 349 848 400 tucax
865 347 991 402 enauit

314 485 400 520 omnes
425 467 489 520 illiue
514 443 760 534 errorea‘evnngelii
788 469 862 523 lucei
912 485 967 520 cum
984 467 1107 535 apostolia
1124 467 1274 520 conterendi
1287 467 1369 534 gratia
1387 472 1438 520 lid.

314 553 464 622 deteguntur
480 557 538 606 380.
914 583 943 592 -
972 553 1082 603 eiusdem
1106 570 1173 603 mora
1201 571 1230 603 ex
1257 553 1331 620 lapan
1350 572 1364 604 e
1381 572 1438 622 qno

282 641 335 690 Lau
357 639 383 690 iu
409 639 517 692 tenebris
544 639 630 692 luceae
656 640 682 691 in
710 639 842 706 euangelio
912 637 969 688 dum
985 637 1083 688 anblimi
1101 649 1171 688 tecto
1187 637 1247 688 ibid.
1267 667 1298 678 -
1336 639 1439 692 'serbia-

313 741 362 792 quo
378 741 451 774 sensu
470 724 614 792 accipienda
633 729 690 776 676.
911 723 969 774 thus
984 722 1036 774 eiua
1050 723 1185 790 diacipalua
1199 723 1259 774 ibid
1280 753 1311 762 —
1352 735 1439 778 meu

280 808 363 876 Lyba,
380 809 509 870 Maioma,
535 809 611 876 lilope
632 819 775 878 serpentum
795 827 842 876 ge-
910 808 1012 861 numine
1027 807 1137 860 lluddam
1150 809 1275 860 eeuooeri
1297 809 1383 862 voluit
1396 810 1439 862 abi-

312 911 371 944 nera
389 897 447 948 510.
911 892 976 942 dem.
991 921 1022 932 —
1047 893 1072 942 in
1089 893 1215 944 Persidem
1227 893 1438 960 111181115ἰά.-

910 995 967 1028 caan
978 977 1073 1030 interiit
1086 989 1114 1028 ut
1125 979 1177 1029 eiua
1186 985 1400 1031 antemurali.
1411 1009 1439 1020 ·-

541 1049 576 1098 Μ·
910 1064 932 1112 ai
956 1063 1074 1114 concessit
1101 1065 1189 1113 Manen
1215 1063 1298 1114 dictus
1329 1065 1439 1116 Cubricua

278 1150 344 1218 Magi
364 1151 487 1202 Christum
509 1150 614 1201 adorant
634 1152 690 1200 154.
910 1147 970 1198 ibid.
996 1177 1028 1187 —
1072 1149 1125 1199 eiua
1152 1148 1258 1200 historia
1287 1167 1346 1200 cum
1364 1163 1441 1218 ageret

277 1236 436 1304 Magistratus
457 1235 524 1304 apud
544 1234 648 1286 ludaeoa
669 1235 723 1284 iure
739 1202 859 1286 ruccas-l
909 1233 976 1300 apud
995 1235 1080 1286 Pereat
1104 1233 1166 1286 ibid.
1184 1261 1217 1272 -
1253 1233 1308 1284 eiua
1332 1236 1439 1304 discipali

309 1319 487 1373 aionialibrria
505 1330 688 1388 postmortem
709 1329 840 1387 parentum
910 1323 969 1368 622.
995 1347 1029 1356 -
1071 1318 1130 1384 suga
1155 1337 1168 1369 e
1194 1335 1297 1370 carcere
1325 1319 1389 1372 ibid
1413 1349 1439 1360 -

309 1405 472 1472 deteruntur,
508 1415 533 1455 et
561 1404 642 1460 adhuc
670 1402 840 1471 impuberibus
910 1403 1017 1471 epietolu
1034 1403 1298 1456 adhereettaaeaa.
1316 1435 1352 1444 —
1378 1407 1439 1456 Mar·

309 1501 468 1542 reservantur
485 1493 543 1542 130.
909 1487 965 1539 celii
982 1488 1015 1540 ad
1033 1487 1146 1538 eiusdem,
1161 1489 1294 1558 epistolam
1312 1492 1437 1559 reapoauir

276 1577 402 1644 Maguaoei
419 1575 486 1644 apud
505 1577 603 1639 Persae,
631 1584 762 1626 eteorum
778 1573 839 1626 reli-
910 1578 967 1623 624.

306 1661 349 1728 ,giu
365 1679 394 1714 ac
411 1679 482 1714 aacra
500 1665 574 1712 1064.
857 1659 1013 1712 Manichaei
1040 1659 1131 1728 dogma
1148 1659 1268 1712 distincte
1292 1661 1440 1728 explicatae

275 1747 368 1798 Malum
386 1747 451 1798 unda
468 1757 596 1809 mortum,
624 1757 715 1814 etqua
740 1733 858 1849 rutinae<
909 1748 966 1796 625.
992 1773 1026 1782 -
1066 1744 1203 1813 disputatio
1238 1745 1361 1798 Archelai
1393 1765 1440 1798 can
1517 1803 1518 1816 .

308 1831 436 1882 inductum
458 1837 498 1882 72.
746 1859 749 1864 -
856 1852 859 1883 r
908 1831 953 1880 illo
970 1839 996 1880 et
1014 1830 1065 1880 eina
1091 1830 1150 1896 suga
1172 1834 1230 1880 617.
1251 1859 1285 1870 -
1320 1833 1438 1901 Trypho·

275 1917 367 1968 Malum
395 1917 456 1970 nulli
480 1917 516 1968 rei
541 1917 577 1970 ita
603 1916 763 1970 coniunctum
792 1905 858 1978 cat,¹
909 1933 965 1966 nem
983 1925 1106 1984 provocat
1124 1919 1181 1968 626,
1200 1945 1234 1954 -
1270 1916 1367 1968 iterum
1385 1936 1441 1986 pro·

307 2003 366 2072 quin
384 2003 443 2058 boui
460 2002 532 2054 simul
549 2003 643 2071 aliquid
661 2003 753 2054 habeat
764 2007 822 2052 666.
908 2010 1001 2052 etratus
1018 2001 1050 2052 ub
1069 2000 1192 2052 Archelao
1204 2001 1267 2052 ibid.
1285 2029 1321 2040 —
1359 2022 1376 2054 a
1391 2020 1441 2070 rege

274 2089 367 2140 Malum
385 2089 444 2156 quid
461 2089 513 2150 ait,
541 2088 641 2156 quando
657 2087 786 2146 extiterit,
813 2097 840 2138 et
909 2089 1038 2137 Parcarum
1056 2086 1081 2136 iu
1096 2085 1222 2138 Peraidem
1240 2099 1380 2140 revocatur
1397 2089 1441 2138 ibi-

308 2174 408 2242 quando
426 2173 459 2225 ait
476 2173 613 2223 desiturum
631 2177 689 2223 6³2.
855 2155 858 2200 !
908 2172 974 2224 dem.
992 2201 1026 2212 -·
1061 2182 1117 2222 cute
1147 2171 1244 2222 calamo
1268 2172 1387 2224 detracu
1406 2175 1442 2224 ri·

274 2261 417 2312 Maaamona
435 2269 479 2310 aut
497 2268 602 2318 venter,
630 2256 758 2326 quomodo
778 2257 840 2308 deae
909 2275 953 2308 rue
979 2257 1119 2308 excoriatur
1144 2261 1256 2308 6211-
1301 2259 1365 2308 cutia
1391 2259 1441 2308 eina

307 2344 446 2412 appelletur
464 2348 520 2394 683,
855 2383 858 2421 ί
909 2352 1006 2393 servata
1024 2343 1086 2392 ibid.
1518 2339 1519 2342 ’

274 2428 403 2490 Mandrae,
415 2428 564 2482 monasteria
574 2429 839 2480 monachorumldtd.
855 2426 858 2512 ι
875 2427 1016 2478 Manichaei
1041 2427 1156 2494 discipali
1188 2428 1239 2478 huc
1263 2428 1376 2497 dicoque
1403 2430 1440 2480 di-

274 2517 361 2565 Manee
389 2524 547 2584 comparatur
574 2513 683 2582 Apollini
710 2513 778 2574 rati,
813 2517 858 2578 rt)
907 2513 985 2579 aperui
1002 2512 1062 2563 ibid.

306 2619 355 2668 qm
373 2599 471 2652 ratione
490 2603 549 2649 696.
569 2628 598 2638 -
634 2616 707 2666 quam
724 2599 789 2650 male
806 2598 839 2649 de
855 2594 857 2652 ζ
874 2596 1013 2648 Manichaei
1030 2597 1153 2648 refutatio
1168 2597 1231 2649 ibid.
1253 2627 1282 2637 -
1300 2599 1357 2650 libri
1374 2601 1440 2650 eiua·

306 2685 430 2735 salvandis
454 2695 552 2735 tantum
578 2703 593 2734 a
617 2683 717 2736 decimo
749 2683 857 2778 quintos
907 2682 964 2732 deur
995 2683 1056 2736 ibid.
1088 2711 1121 2724 --
1169 2683 1212 2752 qui
1244 2696 1333 2736 contra
1358 2687 1442 2736 Marti·

306 2771 400 2824 'liberii
419 2770 528 2824 Curatio
545 2769 651 2820 censerit
667 2769 728 2820 ibid.
908 2769 1011 2818 chaenm
1027 2769 1180 2837 amipaeruut
1198 2773 1257 2820 668.

273 2859 359 2907 Manes
379 2855 442 2906 fuleo
465 2872 492 2906 ae
509 2855 666 2906 Paracletum
683 2873 738 2906 ecee
756 2855 837 2906 iactu·
873 2853 1014 2908 Manichaei
1029 2867 1198 2906 commeatum
1216 2854 1250 2906 de
1268 2856 1327 2906 luna
1344 2857 1440 2908 relelli-

306 2942 350 2994 aa
369 2943 427 2992 unu.
854 2926 857 3027 1
907 2950 948 2990 ιιι.
965 2943 1023 2990 aar.
1041 2965 1074 2978 -
1108 2939 1169 2990 nem
1194 2939 1227 2990 a.
1253 2940 1341 2992 uenus
1359 2943 1439 2994 arau-

273 3027 473 3076 Manichaeorum
493 3025 630 3078 execranda
647 3025 762 3093 impietae
780 3030 858 3080 66111
908 3024 1040 3076 chaeorum
1068 3041 1138 3076 error
1168 3026 1295 3078 refutatur
1327 3032 1389 3078 665.
1412 3055 1439 3066 -·

272 3112 413 3164 Manichaei
437 3128 518 3178 nugae
542 3111 606 3162 cium
632 3111 729 3162 baiulus
753 3111 838 3162 mundi
907 3110 966 3160 item
999 3110 1031 3160 de
1065 3109 1152 3161 Adurni
1179 3111 1308 3162 mentione
1332 3116 1394 3166 668,
1411 3141 1439 3152 -

306 3196 366 3248 ibid.
908 3205 1036 3262 praetcrea
1070 3194 1103 3248 de
1130 3196 1191 3247 boni
1216 3207 1245 3246 et
1268 3197 1329 3249 mali
1354 3199 1438 3250 oculi·

272 3281 444 3332 Manichaeum
469 3281 547 3350 magia
582 3281 695 3332 fabulosa
727 3281 758 3332 de
789 3281 837 3332 deo
909 3280 1067 3331 ctionele.
1088 3285 1323 3333 atterere-
1369 3285 1437 3336 teati-

306 3384 381 3436 quum
409 3360 545 3418 lleaioduna
576 3377 723 3434 ceteraeque
749 3372 839 3434 politae
908 3366 990 3419 monia
1025 3367 1114 3436 quibua
1147 3367 1237 3418 nititur
1281 3370 1438 3422 Maaiclaaeaa

306 3453 417 3502 Graecos
437 3451 535 3502 linxiaee
553 3456 611 3502 665.
699 3495 701 3500 .
908 3455 965 3501 676.
986 3481 1013 3491 -
1051 3463 1139 3503 contra
1163 3470 1220 3502 euro
1238 3454 1299 3521 quid
1317 3456 1436 3506 aitarbcr

272 3537 412 3600 Manichaei
431 3536 455 3586 in
474 3535 549 3587 deum
566 3537 721 3606 blasphemia
738 3541 794 3588 703.
907 3537 970 3586 mala
997 3537 1021 3588 iu
1048 3537 1178 3606 evangelio
1207 3543 1265 3590 675.
1292 3569 1329 3580 -
1376 3541 1436 3610 qaod

274 3623 476 3674 Manichaeorum
495 3622 633 3689 principem
657 3623 703 3674 aibi
724 3623 838 3674 subditoa
908 3623 992 3674 iudaei
1009 3640 1059 3674 noo
1087 3633 1160 3674 erant
1177 3624 1221 3675 hlii
1238 3625 1337 3676 diaboli
1356 3637 1437 3678 uonna

305 3709 426 3760 devorare
452 3725 526 3776 quam
553 3707 587 3756 sit
614 3708 747 3758 abaurdum
779 3717 838 3776 apta
906 3709 1011 3762 eundem
1031 3709 1203 3762 Manichaeuna
1221 3715 1279 3760 677.

304 3793 466 3846 rimilitudiuc
483 3784 604 3862 prohator
627 3797 685 3843 6117.
853 3796 857 3854 1
873 3793 1012 3846 Manichaei
1030 3794 1105 3861 impia
1129 3795 1248 3862 dogmata
1267 3815 1297 3846 ex
1315 3797 1435 3868 Tyrbmiu

272 3879 475 3930 Manichaeorum
507 3878 617 3930 haeretis
651 3878 837 3946 quadragesima
906 3880 958 3932 eiua
976 3879 1090 3948 diruipuli
1117 3879 1240 3933 relatione
1259 3887 1319 3932 642.
1340 3889 1398 3936 643.
1413 3895 1434 3934 et

305 3964 407 4032 quinta.
444 3963 531 4016 ordine
566 3965 719 4031 sexagesima
751 3965 837 4033 quinta
907 3970 965 4015 644.
991 3983 1068 4034 caque
1091 3965 1123 4016 ud
1140 3970 1199 4018 646.
1216 3995 1250 4008 -
1287 3969 1322 4020 de
1347 3971 1434 4022 anime

306 4054 363 4100 617.
381 4079 413 4089 -
448 4049 523 4098 iidem
549 4048 610 4099 dicti
635 4051 786 4114 amanitae,
811 4059 837 4099 et
906 4051 1073 4104 hanaiutione
1089 4051 1116 4102 io
1133 4052 1243 4120 quinque
1261 4071 1373 4122 corpaon
1386 4061 1433 4106 641.

306 4135 371 4186 uode
388 4135 448 4187 ibid.
466 4163 499 4175 -
535 4134 578 4186 ubi
602 4145 627 4186 et
649 4153 731 4203 aquo
756 4135 856 4186 diae·
906 4165 938 4175 -
964 4137 1052 4204 quibua
1078 4137 1218 4188 nominibus
1242 4139 1356 4192 animam
1373 4141 1433 4192 desi-

305 4221 396 4272 minata
413 4219 596 4272 haechaereaia
612 4219 673 4272 ibid.
688 4249 718 4260 -
737 4221 836 4289 quando
905 4232 965 4290 goet
990 4221 1050 4273 ibid.
1071 4233 1097 4272 et
1114 4227 1172 4272 645.
1191 4251 1224 4261 -
1268 4242 1352 4292 nugae
1378 4227 1435 4280 itta

307 4305 437 4373 coeperint
462 4305 524 4358 ibid.
551 4335 583 4346 -
627 4306 708 4358 Mania
734 4305 837 4358 historia
906 4307 937 4357 de
965 4325 1098 4376 corporum
1129 4297 1352 4378 tr'aosmigratioue
1384 4323 1435 4378 prat

306 4389 366 4442 ibid.
385 4421 416 4432 -
454 4389 502 4442 suit
527 4401 554 4450 et
580 4391 728 4458 Scythicum
754 4392 837 4444 Muni—
906 4403 1012 4442 mortem
1030 4393 1090 4443 ibid,
1112 4423 1145 4434 —
1179 4393 1212 4444 de
1230 4395 1262 4445 iis
1281 4397 1323 4464 qai
1352 4415 1434 4466 panem

307 4475 375 4526 cbuei
393 4475 517 4542 dogmatia
533 4485 621 4526 auctor
642 4481 699 4526 616.
719 4505 750 4516 -
785 4479 837 4528 eiua
907 4477 1041 4530 comeduut
1068 4479 1128 4548 quid
1152 4479 1264 4548 aeutiat,
1297 4493 1324 4533 et
1353 4485 1433 4551 quibua

306 4558 536 4610 5110111616.-
572 4560 682 4612 eiusdem
701 4562 756 4612 libri
773 4579 836 4630 qua·
906 4563 986 4613 verbio
1021 4583 1109 4631 punem
1142 4564 1287 4634 alloquatur
1322 4573 1381 4620 645.
1404 4595 1430 4604 -

308 4645 439 4691 4151619.
466 4669 498 4682 ·-·
543 4645 743 4716 liieroaolyraum
770 4647 838 4697 venit
906 4649 1003 4716 qualem
1022 4651 1157 4700 constituat
1175 4649 1320 4719 paradiauru
1337 4658 1430 4704 646-
