3068 5008
310 299 372 366 556
734 310 1044 364 ειμοειεειεειεαιε
1063 279 1068 292 “’

312 430 360 496 καί
380 429 511 517 πλευράν
525 433 718 517 νενυγμίνην,
741 426 828 496 όστέα
842 452 873 493 τε
889 429 941 492 καὶ
955 435 1063 514 νεῦρα,
1084 430 1134 494 καλ
1150 426 1186 494 τά
1205 425 1293 508 ῦλλα,
1325 425 1370 505 αῖς
1380 429 1428 514 μὴ
1442 427 1477 496 εί·

313 559 362 600 ναι
380 537 548 616 φαντασίαν
565 531 598 598 τό
618 530 785 619 όρύμενον,
807 529 933 608 πίστεός
947 555 978 596 τε
993 534 1044 597 καλ
1060 534 1179 607 ἐλπίδος
1194 538 1248 614 τῆς
1262 528 1414 616 ἡμετέρας
1428 531 1478 614 τὴν

313 633 471 720 ὑπόσχεσιν
490 638 618 702 ἐποιεῖτο
637 632 675 701 δι’
691 637 812 717 ἐαυτοῦ,
840 631 877 700 τά
894 632 948 699 ῦλα
973 633 1138 716 τελειάσας,
1170 635 1222 698 καὶ
1237 639 1414 701 συνεσθίειν
1428 637 1477 700 καὶ

311 737 572 821 συναυλιζόμενος,
595 736 633 803 ού
648 737 769 821 δοκήσει
775 769 783 819 ς
802 735 861 802 ἀλλ’
879 737 1020 825 άληθείηι·
1050 737 1201 802 παιδεύων
1214 759 1245 801 τε
1260 738 1382 814 ἐδίδαξε
1397 741 1477 820 βατι·
1527 759 1528 782 ¹

310 844 389 907 λείαν
409 838 563 927 οὐρανῶν,
593 831 756 925 κηρύσσειν
769 843 801 906 ἐν
816 840 944 928 άληθείγ
961 837 994 906 τό
1011 841 1086 926 μέγα
1101 841 1153 906 καλ
1167 837 1415 924 κορυφαιότατον
1430 863 1477 922 ση-
1527 825 1528 844 ³

310 947 424 1027 μαίνων
440 951 502 1020 τοῖς
516 951 665 1026 μαθηταῖς
678 945 729 1008 καί
743 945 851 1029 λέγων,
874 940 1097 1024 Μαθητεύσατε
1113 939 1148 1007 τά
1164 943 1255 1024 ἐθνη,
1276 943 1419 1008 τουτέστι
1434 969 1478 1026 με·

310 1043 462 1129 ταβάλλετε
483 1043 520 1110 τά
545 1048 621 1129 ἔθνη
645 1045 705 1111 διεδ
729 1049 835 1121 κακίας
858 1047 900 1120 είς
921 1043 976 1128 την
997 1041 1160 1128 άλήθειαν,
1190 1041 1253 1110 άπδ
1271 1046 1422 1130 αίρέσεων
1441 1049 1478 1122 είς

312 1153 382 1232 μίαν
415 1147 603 1230 02θεότητα,
641 1152 827 1231 βαπτίζοντες
853 1145 965 1224 αύτούς
992 1149 1034 1224 είς
1060 1144 1156 1230 ὄνομα
1181 1145 1297 1234 πατρός
1324 1149 1384 1212 καὶ
1411 1151 1476 1213 υῖοῖ

310 1253 362 1316 καί
375 1248 462 1338 άγίου
479 1249 660 1334 πνεύματος,
693 1255 735 1327 είς
750 1249 806 1334 τήν
826 1248 975 1334 κυριακην
990 1247 1156 1333 ὀνομασίαν
1174 1255 1227 1333 τῆς
1242 1249 1369 1334 τριάδος
1383 1247 1476 1336 άγίιτν,

310 1355 361 1419 καὶ
382 1352 537 1437 βασιλικην
563 1356 773 1440 98σφραγῖδα,
803 1355 854 1417 ἵνα
874 1355 954 1442 δείξη
971 1354 1004 1418 ἐκ
1021 1359 1076 1418 τοῦ
1092 1349 1241 1435 ὀνόματος
1263 1357 1420 1435 μηδεμίαν
1435 1351 1477 1418 ἆλ-

310 1461 429 1522 λοίωσιν
445 1453 520 1522 είναι
535 1463 587 1539 τῆς
610 1462 681 1539 μιάς
697 1455 841 1538 ἐνότητος.
876 1452 980 1522 Ὅπου
998 1453 1053 1540 γάρ
1071 1458 1102 1519 οί
1114 1453 1325 1538 βαπτιζόμενοι
1341 1454 1475 1521 κελεῦον·

311 1585 360 1624 ται
380 1562 421 1636 είς
438 1557 534 1642 ὄνομα
548 1557 677 1644 πατρός,
708 1559 760 1624 καί
777 1557 963 1638 94οἰσφαλοῖς
982 1554 1004 1640 ἡ
1020 1561 1186 1643 δοξολογία·
1222 1560 1264 1634 είς
1281 1555 1389 1640 ὄνομα
1404 1562 1476 1640 υἱοῦ,

311 1662 369 1728 οῦκ
388 1669 423 1709 ⁹⁶
434 1659 623 1738 άποδεόντως
641 1658 662 1744 ἦ
679 1663 846 1742 ἐπίκλησις·
877 1663 919 1736 είς
933 1657 1028 1743 ὄνομα
1045 1656 1133 1746 άγίου
1149 1660 1331 1743 πνεύματος,
1357 1659 1402 1726 ού
1422 1665 1477 1744 διη-

314 1765 427 1851 ρημένη
449 1761 470 1847 ἦ
491 1766 610 1844 ἐνωσις,
632 1762 702 1830 σύδέ
724 1761 983 1848 α’πηλλοτριωμένη
1004 1769 1058 1846 τῆς
1078 1770 1149 1845 μιοῖς
1168 1761 1324 1846 θεότητος.

181 2307 234 2353 μς.
246 2295 290 2342 m
389 2279 563 2363 ’Λνελήφθη
586 2281 629 2356 είς
648 2275 798 2364 οὐρανούς
815 2281 847 2344 ἐν
863 2276 990 2366 Μαύτιγῖ
1007 2284 1049 2367 τηῑ
1068 2277 1180 2360 σύματι
1196 2277 1247 2342 καλ
1263 2282 1302 2365 τῇ
1320 2284 1414 2366 φυγῇ
1428 2279 1475 2342 καὶ

310 2389 353 2472 τηῖ
368 2389 427 2472 νηῖ,
457 2382 624 2459 συνενύσας
647 2383 688 2457 τίς
704 2384 775 2464 μίαν
793 2380 914 2464 ἑνότητα
931 2381 983 2447 καί
998 2383 1069 2463 μίαν
1084 2377 1283 2462 πνευματικὴν
1298 2375 1476 2456 όπόστασεν,

309 2487 360 2552 καί
383 2488 490 2552 ἔνθεον
508 2484 687 2560 διποτελέσας
707 2482 847 2549 ἐκάθισεν
863 2485 896 2550 ἐν
909 2485 991 2572 δεξιᾷ
1010 2489 1064 2547 τοῦ
1082 2480 1211 2566 πατρός,
1240 2482 1369 2564 πέμψας
1389 2483 1477 2567 ιιιξρυ·

310 2615 366 2664 κας
381 2591 422 2663 είς
438 2585 510 2669 ῦλην
526 2585 580 2669 την
598 2587 791 2668 σίκσυμένην,
814 2591 938 2670 Σίμωνα
955 2586 1090 2670 Πίερον,
1117 2583 1258 2669 Ἀνδρίαν
1275 2582 1330 2648 τδν
1343 2583 1477 2664 ἇδελφάι

311 2689 421 2769 αύτοῦ,
448 2687 595 2773 Ἰάκωβον
612 2689 662 2753 καλ
677 2685 817 2771 Ἰωάννην
833 2685 905 2764 τούς
920 2686 1007 2764 υἱούς
1026 2690 1204 2770 Ζεβεδαίου,
1236 2685 1290 2761 οῦς
1307 2685 1406 2752 πόλει
1423 2691 1474 2764 ἐξε

310 2794 428 2873 λέξατο,
458 2797 609 2858 Φίλιππον
631 2793 682 2856 καὶ
707 2798 953 2874 Βαρθολομαῖον,
988 2796 1155 2854 Ματθαῖον
1178 2790 1229 2854 καί
1259 2792 1396 2870 Θωμᾶν,
1428 2791 1476 2854 τά
1527 2811 1528 2816 ’

310 2892 432 2961 Ἰούδαν
439 2947 447 2976 ,
471 2897 523 2961 καῖ
542 2897 709 2972 Θαδδαῖον,
732 2897 856 2976 Σίμωνα
874 2892 929 2958 τόν
950 2891 1103 2976 Ζηλωτὴν,
1125 2888 1246 2956 Ἰούδαν
1263 2914 1292 2954 τε
1310 2888 1365 2956 τδν
1381 2888 1476 2956 'Im

311 2997 421 3080 ριότην
436 3000 486 3063 καλ
503 2995 654 3082 προδότην
670 2994 763 3061 αύτοῦ
778 2995 954 3081 γενόμενον,
986 2997 1038 3060 καὶ
1054 2993 1161 3070 ῦλλοας
1177 2991 1388 3076 ἑβδομήκοντα
1412 2993 1475 3067 δύο,

311 3103 341 3180 ἐξ
360 3093 404 3166 άν
417 3093 494 3184 ἦσαν
511 3097 585 3166 ἕπτδ
602 3101 633 3164 οί
645 3101 695 3164 ἐπὶ
709 3105 769 3163 τοῖν
783 3105 898 3184 γηρῦν,
921 3100 1093 3178 Στέφανος,
1118 3101 1281 3176 Φίλιππος,
1307 3093 1475 3178 Πρόχορος,

313 3200 474 3287 Νικάνωρ,
502 3207 619 3284 Τίμων,
644 3207 819 3285 Παρμενᾶς,
842 3202 892 3267 καλ
908 3198 1072 3278 Νικόλαος,
1095 3197 1173 3283 πρός
1185 3199 1304 3273 τούτοις
1319 3203 1475 3274 Ματθίας,

312 3305 419 3373 δάντλ
440 3303 545 3370 Ἰούδα
571 3306 693 3386 ἐσχατον
717 3305 947 3386 συμψηφισθελς
973 3300 1045 3386 μετά
1066 3309 1127 3366 τοῖν
1149 3299 1264 3366 δύδεκα
1289 3295 1474 3377 &nardi-v,

311 3407 384 3494 μετά
403 3409 435 3473 δέ
450 3406 563 3474 τούτων
578 3403 700 3472 πόντων
719 3403 863 3490 Μάρκος,
887 3411 1027 3484 Λουκᾶς,
1048 3401 1194 3482 Ἰοῦστος,
1219 3401 1401 3490 Βαρνάβας,
1429 3405 1475 3469 καλ
1527 3415 1528 3432 ³

309 3513 466 3594 Ἀπελλῆς,
495 3507 640 3591 Ῥοῦφος,
673 3511 784 3594 Νίγερ,
814 3510 866 3574 καλ
891 3509 922 3574 σί
941 3508 1040 3573 λοιποί
1064 3513 1124 3571 ταῖν
1155 3507 1474 3588 ο’ἑβδομηκονταδύο

313 3612 402 3680 Μετά
418 3610 544 3688 τούτους
559 3613 592 3676 δὲ
610 3609 724 3688 πόντος
743 3613 794 3676 καί
809 3608 864 3676 σύν
885 3607 988 3686 αύτοῖς
1008 3615 1133 3674 Παῦλον
1150 3605 1202 3674 τόν
1219 3604 1387 3692 όγισῖτατον
1405 3607 1475 3673 &26-

312 3723 432 3796 στολου,
462 3712 651 3796 ἐκλεξάμενος
667 3711 717 3779 διά
740 3719 845 3796 φωνῆς
868 3716 946 3789 ίδίας
960 3709 1012 3777 ἄπ’
1031 3710 1179 3798 ούρανοῦ,
1209 3709 1380 3776 άτιόστολοτ
1401 3709 1475 3794 όμοῦ
1527 3751 1528 3830 η

312 3821 364 3886 καλ
387 3816 506 3903 κήρυκα
533 3819 633 3883 ἐθνῦν
659 3817 709 3880 καὶ
736 3814 893 3900 πληρωτὴν
915 3814 1114 3897 άποστσλικῆς
1136 3817 1292 3888 διακονίας
1318 3814 1474 3880 οἰντέστεείε.
1527 3833 1528 3862 ¹

313 3924 375 3987 Καὶ
395 3918 521 4006 εάρίσκει
538 3926 666 3984 Λουκιῖν
685 3925 746 3983 τῶν
764 3915 1023 4001 ἑβδομηκονταδύο
1048 3914 1120 3982 ὅντα
1145 3922 1204 3980 τοῖν
1226 3917 1474 4000 ἐσκορπισμέτωτ.

312 4027 363 4090 καλ
388 4023 561 4090 ἀκόλουθον
582 4019 676 4087 αύτόν
699 4024 800 4107 ἐλαβε,
831 4023 882 4086 καλ
902 4018 1046 4106 συνεργόν
1066 4025 1121 4086 τοῦ
1145 4017 1327 4104 εὐαγγελίου.
1375 4018 1474 4092 Οῦτος

313 4133 387 4212 γοῦν
401 4128 538 4208 ἐτελέσθη
560 4121 580 4206 ἡ
596 4131 678 4188 πῦσα
700 4122 871 4209 εῦαγγελικη
892 4125 1076 4207 πραγματεία
1091 4123 1148 4197 ἕως
1163 4119 1274 4186 τούτου
1289 4129 1347 4187 τοῦ
1359 4120 1473 4206 χρόνια

347 4307 349 4314 ⁴
389 4226 495 4293 Ἔσται
514 4229 547 4294 δέ
567 4251 618 4308 μοι
632 4223 650 4292 ό
662 4226 751 4312 λόγος
763 4229 819 4302 ἕως
836 4219 894 4290 οἶδε
912 4227 979 4309 περὶ
997 4231 1057 4289 τῶν
1075 4227 1187 4288 είκοσιν
1201 4224 1346 4308 αίρέσεων
1359 4227 1409 4289 καί
1425 4229 1474 4302 τῖς

346 4433 387 4486 9¹2.
408 4431 515 4500 ἑνότητα
532 4437 600 4486 habet
614 4438 756 4486 panarium.
946 4427 986 4484 94.
1004 4426 1125 4499 όσωαλής
1141 4435 1209 4482 mm
1227 4433 1320 4484 Ρωιατ.
1337 4447 1394 4496 ρης.
1411 4430 1451 4480 ὅθ

346 4501 387 4552 93.
407 4502 536 4568 σφραγῖδα
548 4505 618 4553 τοδί.
632 4519 688 4554 οισι.
704 4510 726 4554 ιλ
739 4505 776 4554 ιδ.
789 4505 874 4565 μήτε,
942 4497 983 4550 95.
1001 4494 1162 4559 οἷπεδεόιτως
1175 4501 1226 4550 cod
1239 4502 1286 4550 ίικ.
1299 4505 1321 4550 ιε
1333 4503 1387 4550 «dit.
1399 4504 1471 4560 μήτε

314 4571 348 4620 αλλ
364 4575 501 4620 constanter.
910 4561 1059 4628 όποδίοντσς
1082 4570 1133 4620 τού.
1159 4569 1257 4633 Rhodio.
1283 4574 1306 4618 τι
1321 4571 1377 4619 τοῦ,
1393 4571 1471 4620 m-
