3198 5000
297 319 359 382 410
721 331 844 383 εειιοτι
862 332 1035 382 minimi

296 447 441 530 θεότητος
459 447 511 527 δν,
533 450 584 513 καί
601 447 642 531 μή
662 447 849 530 ἐνδεχόμενον
864 444 939 512 εἶναι
954 445 1107 532 ἀλλότριον
1122 455 1175 531 τῆς
1190 447 1352 530 θεότητος,
1383 449 1460 532 βοεί-

297 560 410 632 λονται,
442 548 484 626 ιός
504 549 591 616 αὐτοὶ
615 553 751 628 ἐξουσίαν
769 554 882 633 ἔχοντες
902 549 1028 616 κελεύειν
1048 558 1156 632 μᾶλλον
1175 558 1241 640 θεῷ
1261 549 1336 636 ἤπερ
1358 551 1463 618 κελεό-

297 663 384 718 εσθαι
389 682 399 732 3
446 653 512 718 Οὐκ
527 653 733 736 αἰσχυνόμενοι
746 653 802 738 γδρ
819 650 971 737 ἀλλότριον
989 651 1021 718 τό
1037 661 1155 735 πνεῦμα
1170 655 1296 738 λέγουσι,
1318 657 1371 720 καί
1388 657 1463 720 δοῦ-

295 763 364 836 λου,
394 757 446 820 καὶ
471 759 593 836 κτίσμα,
623 757 674 820 κοί
701 755 891 842 πρόσφατον,
922 757 974 820 καί
1000 754 1142 838 ποιητόν,
1173 757 1225 820 καί
1246 759 1276 820 εί
1300 784 1329 822 τι
1358 759 1463 842 ἕτερον

297 858 417 943 αἰσχρόν
432 857 508 942 πρός
524 855 671 923 όπόνοιαν
694 860 762 944 περί
778 858 873 922 αὐτοῦ
893 859 1011 934 ἕαυτοῖς
1029 865 1138 941 μᾶλλον
1154 861 1309 924 ἐπινοοῦσι
1325 885 1461 945 προςπο-

296 965 446 1039 ρίσασθαι.
493 958 600 1025 8Ἐπεί
617 953 705 1026 οὖνό
724 959 835 1042 κόσμος
849 961 916 1041 νυνὶ
941 958 1036 1037 οὕτως
1056 967 1166 1042 μᾶλλον
1196 964 1316 1047 πληγείς
1340 961 1461 1048 πληγήν

297 1061 416 1128 όνίατον
439 1061 592 1141 όιιιστίας,
621 1067 672 1128 tta
687 1065 780 1144 μηδέν
804 1055 1018 1152 τιτιαραλείψη
1044 1061 1188 1146 ήόνομία
1205 1061 1224 1146 ή
1240 1062 1313 1139 τοδς
1331 1060 1461 1150 α’νθροί·

296 1191 373 1240 πους
396 1163 585 1230 όποίλόουσα
598 1173 635 1254 τῇ
653 1169 811 1254 κακονοίᾳ,
841 1167 893 1230 καί
908 1161 1047 1254 οίπιστίηι,
1076 1167 1127 1230 καί
1141 1164 1290 1255 ἀγνωσίη,
1319 1163 1372 1232 ola
1386 1165 1460 1244 τοός

295 1265 525 1352 οἷποδρόσαντας
547 1274 600 1348 τῆς
616 1269 683 1353 περί
702 1265 756 1349 τήν
776 1265 863 1354 οίγίαν
881 1267 988 1354 τριόδα
1004 1271 1195 1352 βλασφημίας
1215 1270 1257 1344 είς
1270 1271 1354 1353 ἕτερα
1369 1268 1459 1335 πόλιν

296 1368 317 1454 ’l
333 1368 410 1456 οίργή
424 1372 476 1434 καί
490 1369 675 1452 κακόβουλος
689 1372 788 1436 ίννοια
804 1372 1017 1457 περιέσπασεν,
1039 1373 1089 1436 tva
1105 1371 1207 1454 μηδείς
1219 1369 1311 1436 λα’θοι
1327 1368 1460 1455 ἁμαρτό-

296 1499 364 1539 νοιυ.
410 1470 505 1538 Κενόυ
528 1471 584 1557 γάρ
605 1499 632 1539 τι
651 1470 753 1538 είκοόιο
770 1475 836 1557 περί
860 1479 913 1555 τῆς
935 1469 1021 1557 όγίιις
1038 1476 1163 1558 Μαρίας
1183 1480 1237 1556 τῆς
1254 1469 1459 1560 όειπαρθόνου

295 1573 362 1640 τινοί
385 1577 587 1652 διανοεῖσθαι,
618 1577 670 1640 καί
693 1582 804 1657 τολμᾶν
828 1573 1006 1658 βίόσφημόν
1032 1601 1097 1640 τινα
1122 1572 1270 1642 ὑπόνοιαν
1294 1573 1339 1642 ἐπ’
1361 1576 1460 1660 αὐτήν

296 1676 481 1760 δνσκήπτειν,
514 1679 556 1753 είς
570 1676 604 1742 τό
621 1679 654 1742 ἐκ
671 1676 861 1760 πανταχόθεν
877 1673 953 1743 εἶναι
967 1675 1020 1744 τόν
1033 1677 1139 1763 χρόνον
1153 1674 1240 1761 ήμοῖν
1257 1683 1343 1762 δίκην
1361 1687 1460 1747 κακοῦ

297 1778 396 1859 ὄφεως
412 1780 488 1844 4καί
505 1779 601 1866 θηρός
617 1777 738 1862 ίοβόλου
758 1781 790 1846 ἐν
803 1777 900 1868 σκότῳ
917 1779 1158 1864 ἕμφαλεόοντος,
1180 1783 1230 1846 καί
1250 1790 1314 1858 τοῖς
1328 1781 1461 1868 δήγμασι

296 1881 409 1958 πάντας
426 1880 630 1966 πειροίζοντος,
651 1881 704 1947 τόν
721 1881 772 1965 μὲν
785 1884 852 1965 περί
869 1880 902 1948 τό
917 1881 1094 1968 πρόςωπον,
1117 1880 1204 1948 όλλον
1215 1886 1289 1969 περί
1303 1883 1358 1965 τήν
1371 1887 1460 1970 πτέρ-

295 2011 366 2063 ναν,
389 1986 488 2067 ίτερον
505 1987 573 2069 περί
587 1982 642 2066 τήν
660 1993 755 2068 χεῖρα·
777 1988 827 2049 ίνα
845 1985 958 2066 μηδίνα
972 1983 1063 2050 λα’θοι
1077 1982 1111 2051 τό
1127 1989 1226 2070 δῆγμα
1242 1993 1295 2069 τῆς
1311 1983 1460 2067 α’πιστίας,

296 2085 367 2152 oillei
383 2083 401 2152 ό
420 2089 517 2154 δοκοῖν
533 2090 566 2152 ἐν
582 2085 678 2176 τούτῳ
697 2083 881 2170 ἀποδρᾶναι,
903 2089 1010 2172 ἑτέρως
1027 2086 1079 2152 τόν
1096 2085 1142 2152 ίόν
1157 2086 1198 2171 μή
1211 2087 1307 2180 λιίθη,
1330 2087 1349 2155 ό
1366 2091 1399 2154 δὲ
1427 2093 1462 2156 ἐν

296 2187 372 2278 illigo
398 2187 468 2276 δγιή
490 2192 564 2272 ἔχων
586 2189 641 2272 τήν
661 2194 774 2270 πίστιν,
808 2187 902 2264 ἄλλοις
929 2215 994 2264 ποις
1016 2189 1200 2272 βλάπτεσθαι
1222 2189 1330 2259 ἑαυτόν
1352 2196 1460 2279 προξε-

295 2314 417 2376 νησειεν.

166 2625 233 2693 Κεφ,
249 2622 281 2685 ς’,
385 2597 492 2665 Πόθεν
505 2596 616 2683 αότηή
629 2597 789 2678 κακόνοιας
836 2597 943 2664 Πόθεν
962 2596 1124 2681 ήτοσαιίτη
1139 2598 1248 2681 τόλμας
1296 2601 1404 2668 ιΑὐτό
1424 2601 1459 2668 τό

296 2701 393 2783 όνομα
408 2701 446 2767 οὗ
464 2711 615 2788 μαρτυρεῖ,
638 2702 674 2767 οιί
690 2705 788 2767 πείθει
805 2723 852 2780 σε,
875 2693 899 2765 τό
916 2699 1080 2780 φιλόνεικες
1129 2705 1180 2777 Τίς
1196 2727 1278 2783 ποτε,
1300 2701 1321 2785 ’l
1337 2707 1369 2769 ἐν
1383 2709 1459 2794 ποία

160 2839 210 2884 ηις.
225 2827 281 2877 εσσε
296 2810 382 2894 γενεᾴ
399 2803 556 2887 τετόλμηκε
573 2813 672 2870 καλεῖν
687 2801 720 2870 τό
739 2802 833 2886 ὄνομα
850 2807 976 2887 Μαρίας
996 2810 1049 2885 τῆς
1068 2799 1169 2889 οῖγίας,
1201 2806 1253 2868 καί
1268 2805 1460 2890 ἐρωτώμενος
1555 2865 1560 2878 .

294 2907 351 2973 οὐκ
376 2905 471 2983 εὐθδς
488 2907 630 2992 ἐπήνεγκε
652 2904 700 2984 τό,
735 2907 912 2990 Παρθίαονς
955 2903 1003 2982 Ἐξ
1029 2906 1129 2972 αὐτῶν
1149 2904 1205 2990 γόρ
1228 2914 1287 2973 τοῖν
1309 2909 1460 2976 ἐπιθίιιον

295 3007 451 3091 όνομοίιων
472 3011 524 3074 καί
537 3017 591 3092 τῆς
607 3006 712 3091 α’ρετῆς
727 3005 889 3088 όποφαίνει
907 3005 943 3073 τοὶ
958 3007 1110 3094 τεκμήρια.
1149 3007 1318 3092 'Attalium
1331 3011 1385 3094 μὲν
1400 3011 1459 3097 γδρ

295 3110 463 3194 ὀνομασιῶν
486 3111 644 3194 εἰλήφασιν
661 3114 693 3176 οῖ
715 3114 828 3176 δίκαιοι
845 3108 958 3197 ἑκάστῳ
982 3111 1171 3192 πρεπόντως,
1201 3113 1253 3177 καί
1275 3110 1317 3189 τός
1339 3111 1458 3199 ήρμοζ.

296 3217 357 3279 Καί
369 3222 410 3303 τῷ
428 3215 481 3296 μὲν
494 3212 629 3297 Ἀβρααμ
644 3214 809 3297 προςετέθη
826 3213 861 3278 τό
882 3217 974 3289 Φίλος
995 3220 1088 3292 θεοῦ,
1109 3215 1161 3278 καί
1178 3212 1217 3280 οό
1233 3215 1458 3298 διαλυθήσεται,

294 3325 335 3405 τῷ
352 3318 383 3382 δὲ
404 3315 512 3399 Ἰακοίβ
527 3315 560 3381 τό
581 3315 695 3401 Ἰσραήλ
712 3324 880 3394 καλεῖσθαι,
909 3317 959 3381 καί
977 3314 1034 3381 οὐκ
1052 3314 1299 3400 όλλοιωθήσεται,
1327 3319 1460 3396 καὶτοῖς

294 3418 470 3494 ἀποστόλοις
486 3417 519 3484 τό
539 3419 716 3504 Βοανεργδς,
745 3420 894 3484 τουτέστιν
913 3419 983 3483 Τὶολ
997 3421 1139 3502 βροντῆς,
1169 3421 1219 3486 καί
1234 3418 1292 3486 otiu
1307 3417 1460 3486 οίποκατα-

293 3519 501 3605 ίειφθήσεται,
532 3522 583 3586 καί
605 3528 642 3610 τῇ
658 3517 727 3609 ἇγίςι
746 3524 855 3609 Μαρίᾳ
877 3517 910 3586 τό
933 3523 1109 3606 Παρθόνος,
1139 3523 1191 3588 καί
1211 3521 1249 3588 οδ
1268 3523 1459 3610 τραπήσεται.

287 3623 449 3710 ’Ἀχραντος
473 3622 530 3708 γδρ
556 3624 698 3705 διέμεινεν
718 3620 740 3706 ή
763 3619 841 3708 όγία.
885 3619 972 3705 Atini
997 3620 1018 3706 ἡ
1040 3621 1132 3705 φόσις
1153 3624 1190 3690 οδ
1210 3625 1345 3692 διδόσιιει
1361 3621 1458 3709 όμῖιςς

285 3726 328 3792 Ὦ
343 3734 448 3809 καινῆς
468 3730 589 3808 μανίας,
620 3723 774 3791 οἳκαινῶν
797 3722 984 3810 πραγμάτων.
1031 3725 1133 3792 Πολλοί
1146 3729 1180 3793 δί
1199 3730 1276 3794 ἔστιν
1292 3729 1376 3814 δτερα
1390 3727 1412 3794 ii
1427 3731 1461 3796 ἐν

294 3838 356 3905 τοῖς
379 3835 516 3902 παλαιοῖς
533 3825 652 3912 χρόνοις
678 3826 735 3893 οίικ
756 3826 908 3909 ἐτολμήθη
925 3836 988 3902 τοῖς
1007 3828 1149 3914 πατρόσι·
1179 3837 1234 3895 νῦν
1252 3831 1284 3894 til
1303 3829 1390 3908 ἄλλος
1405 3832 1461 3914 μὲν

295 3936 465 4015 βλασφημεῖ
479 3933 520 4006 είς
534 3930 590 4014 τήν
605 3933 749 4014 ἔνσαρκον
773 3936 905 4015 Χριστοῦ
922 3933 1107 4014 παρουσίαν,
1137 3935 1220 4016 ἕτερα
1234 3939 1330 4000 λαλοῖν
1348 3935 1391 4010 είς
1405 3931 1459 4000 αό-

295 4033 348 4117 τήν
369 4033 423 4117 τήν
445 4033 588 4116 θεότητα,
621 4032 706 4109 όλλος
733 4033 765 4098 δὲ
779 4035 880 4114 ἐλλιπῆ
897 4041 1024 4099 ποιεῖται
1048 4035 1080 4098 lv
1101 4035 1195 4124 ἐαυτῷ
1216 4033 1271 4117 τήν
1289 4044 1343 4118 τῆς
1360 4037 1461 4119 πόσης

296 4136 442 4222 ἔνσόρκου
457 4141 622 4222 παρουσίας
641 4139 859 4222 πραγματείαν,
883 4136 981 4220 ἕτερος
997 4135 1029 4200 δὲ
1045 4138 1076 4202 ἐν
1092 4143 1130 4226 τῇ
1147 4133 1302 4203 οίναστοίσει
1323 4137 1461 4221 τἰσχείίλει

329 4311 354 4362 3.
366 4313 768 4374 Οοειιοεῖειείιυεσίίοῖαίιφεείαίαι·
774 4311 858 4372 Quan·
893 4308 947 4359 blas
965 4308 1047 4360 hemia
1061 4309 1087 4360 in
1101 4321 1212 4362 sanctam
1226 4311 1362 4364 trinitatem
1375 4330 1459 4364 rursus

295 4378 430 4446 ‹loquitlem
452 4379 527 4444 igitur
543 4379 648 4429 mundus
667 4395 734 4429 nnnc
750 4378 785 4428 sic
802 4395 859 4428 ιυα-
894 4325 1078 4436 eduliumi,
1094 4388 1122 4429 ειε
1137 4395 1169 4430 αα
1180 4378 1234 4446 quis
1251 4397 1356 4446 ραοαιιιε
1372 4380 1458 4432 latent.

294 4448 331 4514 gis
342 4445 517 4497 immedicabili
529 4446 710 4496 incredulitatis
719 4445 792 4513 plaga
803 4463 858 4512 per·
932 4447 953 4496 l.
963 4445 1007 4498 καὶ
1020 4450 1098 4498 omitt.
1108 4449 1197 4498 ίιιτδίί.
1205 4450 1286 4499 Ρείσυ.
1297 4452 1377 4500 Goion.
1385 4455 1457 4512 τεμεῖ.

296 4533 378 4566 cussus
395 4525 448 4572 est,
467 4525 493 4563 et
507 4514 662 4580 ignorantia,
680 4530 743 4564 νααε
761 4524 787 4564 σε
801 4512 859 4564 mali
930 4513 989 4562 (λιν.
999 4515 1041 4564 v1.
1055 4542 1089 4552 -
1118 4515 1138 4566 ί.
1157 4519 1241 4568 Malim
1254 4519 1459 4582 δίείῖιεριιεεσοιαιε

296 4581 392 4638 consilii
414 4581 579 4650 intelligentia
608 4582 675 4632 velut
702 4581 820 4652 fugitivos
846 4601 860 4636 ιι
895 4583 949 4634 adil.
964 4585 1040 4648 princ.
1055 4577 1252 4652 Πόδεισίίτηή
1265 4581 1395 4649 κακόνοια,
1412 4584 1459 4640 τεό-
