3042 5016
245 300 382 354 renuam
399 297 463 352 ete.
475 301 520 352 nt.
536 297 619 352 ron.
632 297 664 351 n.
681 297 781 352 nien.
792 297 925 349 Lxxvn.
1103 281 1166 346 35⁵

25 420 157 484 domiuum
176 421 321 485 eldeum.
365 419 433 485 Nisi
459 421 536 484 enim
555 421 585 484 in
607 439 732 505 corpore
748 419 820 483 deus
838 417 1005 494 extitisset,
1036 435 1090 480 cur
1105 425 1167 479 sta·

25 525 164 608 timetque
181 524 216 587 de
232 521 329 587 Murio
347 524 510 610 processit,
534 527 702 588 Emmanuel
712 533 836 588 vocatus
850 531 907 599 est,
931 523 1007 602 qnod
1020 532 1064 581 est
1076 523 1166 580 anter-
1178 527 1308 624 Effltt·
1374 571 1377 583 .

20 639 148 708 protutura
164 628 316 689 Nobiscum
329 632 419 690 deas?
461 625 572 692 Paulus
587 648 676 706 vcro,
708 623 767 690 nisi
783 623 904 688 verbum
923 623 951 686 in
969 643 1058 685 carrae
1076 623 1164 702 foret,
1206 633 1225 688 1,
1238 633 1271 676 ²³·

22 730 51 792 ad
68 729 218 793 Romanos
237 728 369 794 scribere
392 730 447 794 ista
470 730 519 815 qui
540 730 650 814 potuit,
682 733 731 792 Ilm
747 729 848 810 quidus
867 730 998 790 Clan'stus
1010 738 1054 787 est
1067 746 1168 787 secun·
1181 733 1306 789 nomon.

22 837 77 894 dun
94 855 206 898 curnem
228 841 280 918 qai
300 845 343 897 est
364 855 451 915 super·
473 838 565 895 omneis
582 838 651 894 deus
671 831 831 894 benedictas
849 834 879 890 a'n
897 833 1029 902 soeculo,
1054 833 1169 890 Amen?

22 931 212 1017 Quamobrem
229 936 277 1023 qui
298 947 385 1002 autea
401 946 584 1022 negaverant
600 955 666 1000 eum
683 933 731 1019 qui
747 933 908 996 crucifixus
921 941 967 996 est
985 951 1052 996 esse
1068 932 1167 1010 deum,

22 1059 144 1102 errorem
163 1061 247 1104 suum
267 1048 430 1126 agnoscant
450 1061 484 1104 ac
501 1038 608 1103 divinis
625 1037 760 1102 omnibus
782 1035 876 1100 literis
895 1035 978 1098 fldem
998 1033 1167 1114 adhibeant,

21 1142 65 1203 sed
83 1141 218 1206 'rhomae
243 1141 436 1228 praesertim,
470 1141 519 1226 qui
542 1162 606 1205 cum
624 1139 654 1203 iu
674 1136 795 1205 Christo
812 1139 963 1202 clavorum
981 1135 1107 1220 vestigia
1126 1135 1170 1200 vi·

21 1242 103 1306 disset
120 1245 319 1322 exclamavit,
344 1249 480 1306 Dominus
498 1253 618 1306 nense!
634 1245 805 1305 decernens.
852 1237 946 1304 Filius
963 1240 1053 1319 enim,
1077 1240 1169 1302 idem·
1205 1247 1284 1346 ¹23⁸ss-

20 1367 69 1429 que
83 1347 156 1410 deus
174 1367 208 1410 ac
221 1346 333 1431 gloriae
350 1345 485 1410 domiuus
503 1347 534 1410 in
551 1365 587 1410 eu
604 1365 739 1431 corpore,
765 1343 841 1429 quod
858 1364 912 1428 per
926 1364 1068 1408 summam
1085 1343 1169 1425 iguo·
1234 1332 1242 1357 '
1281 1331 1286 1344 ’

20 1449 130 1511 minium
151 1449 243 1512 cluvis
263 1450 410 1516 confixum
430 1470 465 1512 ac
480 1449 702 1512 dehonestatum
723 1449 837 1525 luerat,
870 1447 991 1509 omuino
1009 1445 1168 1510 residebat.

21 1547 131 1636 Corpus
154 1551 248 1636 ipsum
271 1571 343 1614 vero
367 1551 395 1614 in
423 1573 510 1615 cruce
534 1553 713 1641 perduratum
738 1551 837 1634 utique
863 1549 1043 1635 patiebatur,
1076 1559 1106 1612 et
1131 1569 1172 1612 ex

20 1654 77 1716 eius
100 1654 194 1718 latere
221 1655 342 1739 sanguis
365 1673 429 1716 cum
454 1673 530 1738 aqua
553 1651 711 1717 diffluebat.
756 1651 869 1717 Verum
888 1673 952 1715 cum
976 1650 1066 1714 divini
1087 1651 1322 1716 versionem-

20 1757 150 1841 tcmplum
169 1767 266 1837 esset,
291 1767 355 1820 erat
372 1755 524 1819 divinitate
542 1755 754 1840 plenissimum.
801 1752 897 1838 Quam
917 1754 954 1818 ob
971 1773 1106 1818 caussam
1127 1755 1174 1818 sol

20 1857 87 1942 ipse,
109 1881 176 1923 curn
195 1869 345 1923 auctorem
363 1855 447 1922 sulum
466 1870 523 1922 tom
542 1877 650 1942 graves
668 1856 698 1920 iu
715 1857 824 1920 misero
839 1878 964 1941 corpore
979 1857 1173 1921 contumelias

20 1961 189 2025 tolerantem
206 1963 331 2040 rideret,
355 1960 446 2025 radiis
462 1981 496 2024 ac
511 1961 577 2023 luce
594 1979 752 2045 suppressa
768 1970 874 2024 terram
892 1959 1022 2023 tenebris
1036 1959 1171 2039 obduxit,

20 2084 119 2148 corpus
141 2075 238 2127 autem
255 2061 370 2128 mortali
393 2073 497 2127 natura
514 2062 676 2149 praeditum
694 2083 780 2147 supra
798 2075 922 2126 naturae
939 2081 1010 2126 suae
1029 2063 1175 2126 conditio·

20 2187 78 2229 nem
102 2175 226 2253 propter
247 2166 386 2246 verbum,
418 2167 494 2252 quod
511 2165 540 2228 in
558 2165 621 2250 ipso
640 2177 721 2244 erat,
753 2185 770 2228 a
789 2168 913 2229 mortuis
933 2165 1094 2229 excitatum
1114 2175 1173 2243 est,

21 2279 45 2329 et
60 2291 75 2332 a
92 2269 220 2332 naturali
244 2269 431 2354 corruptione
450 2269 603 2332 liberatum
618 2267 701 2332 verbi
718 2267 859 2352 quoddam
877 2267 959 2332 velut
974 2268 1174 2331 indumentum

20 2374 213 2451 estfactum,
248 2391 371 2457 cumque
395 2371 505 2450 verbu,
538 2370 613 2456 quod
642 2370 795 2435 humanam
823 2366 1020 2434 conditionem
1041 2380 1174 2454 superat,

20 2473 95 2538 velut
110 2475 222 2540 amictu
237 2474 361 2558 quodam
379 2472 547 2538 obvolutum
563 2482 654 2551 esset,
679 2470 877 2558 corruptionis
891 2484 937 2536 eet
952 2493 1062 2558 expers
1078 2473 1176 2536 reddi·

20 2583 86 2641 tum.
132 2575 221 2661 Quod
242 2587 339 2640 autem
364 2577 399 2640 ad
417 2575 622 2639 nonnullorum
647 2575 750 2640 inanes
768 2597 861 2659 nugas
880 2587 910 2640 et
927 2587 1090 2640 commenta
1110 2595 1177 2661 per·

20 2677 105 2759 tinet,
140 2679 190 2764 qui
207 2689 239 2742 ut
259 2679 288 2742 in
313 2679 443 2762 reliquos
466 2679 622 2764 prophetas
644 2699 765 2758 ornnes,
797 2679 885 2742 itaet
905 2680 1042 2743 inunum
1062 2680 1177 2742 illosne

19 2777 112 2845 Maria
128 2792 231 2846 natum
251 2781 397 2845 hominem
411 2779 540 2844 divinum
559 2780 681 2845 verbum
701 2781 835 2867 illapsum
854 2803 922 2846 csse
942 2783 1089 2860 sentiunt,
1114 2781 1177 2866 plu·

20 2883 96 2947 ribus
116 2905 155 2948 ea
173 2885 259 2948 dere
279 2884 427 2969 disputare
442 2903 692 2968 supervacaneum
709 2894 765 2948 est.
793 2883 905 2950 {lorum
923 2885 1028 2970 quippe
1044 2883 1132 2949 stulta
1148 2893 1179 2946 et

20 2985 112 3072 inepta
135 2986 290 3075 persuasio
307 2987 462 3050 manifeste
481 3007 516 3050 ac
541 2987 606 3050 siue
631 2987 690 3050 ullo
716 2988 834 3071 negotio
857 2987 1052 3052 convincitur.
1097 2984 1177 3050 Nam

18 3087 39 3150 si
56 3091 92 3153 ad
111 3111 182 3155 eum
206 3091 322 3153 modum
344 3088 394 3152 ille
419 3089 586 3170 descendit,
619 3111 672 3154 cur
696 3091 844 3174 evirgiue
870 3101 957 3154 nutus
973 3111 1031 3153 non
1055 3110 1096 3153 ex
1113 3089 1179 3155 viro

19 3191 186 3279 luminaque
202 3203 357 3276 susceptus
375 3202 432 3272 cst,
456 3191 697 3278 quemadmodum
713 3193 808 3256 suncti
825 3213 927 3256 omues
947 3193 976 3257 iu
994 3193 1087 3257 luceru
1108 3193 1179 3257 editi

20 3295 158 3359 luerunt?
201 3291 266 3359 Cur
292 3315 357 3358 cum
381 3293 421 3357 ita
445 3295 567 3359 verbum
585 3294 718 3380 illapsum
738 3293 794 3372 sit,
826 3316 885 3359 nou
905 3295 992 3359 etiam
1012 3308 1181 3361 ceterorum

20 3398 250 3482 uniuscuiusque
273 3418 354 3462 mors
380 3406 482 3461 nostra
505 3418 610 3462 caussa
630 3397 753 3462 tolerata
771 3396 893 3476 dicitur,
927 3400 978 3462 sed
999 3399 1085 3464 huius
1107 3401 1182 3464 duu-

19 3511 97 3564 taxat
123 3501 238 3565 unius?
281 3497 345 3566 Cur
369 3521 434 3564 cum
460 3499 489 3563 iu
510 3499 642 3583 singulus
665 3500 823 3586 prophetas
845 3500 974 3564 divinum
999 3523 1032 3566 se
1058 3503 1180 3566 verbum

21 3601 235 3683 insinuaverit,
267 3601 296 3666 iu
322 3623 357 3666 eo
374 3603 437 3666 solo
454 3602 501 3686 qui
520 3623 536 3666 e
553 3599 669 3682 Maria,
700 3614 787 3666 uatus
808 3613 871 3680 cst,
895 3603 925 3667 in
945 3610 1181 3667 consummatione
1193 3619 1334 3678 nossem.

19 3710 216 3780 soeculorum,
249 3704 342 3768 semel
366 3704 522 3768 advenisse
545 3705 671 3769 dicitur?
713 3700 859 3770 Curcum
876 3707 979 3771 eodem
996 3709 1082 3772 modo
1100 3729 1132 3771 se
1151 3707 1181 3770 in

18 3805 94 3873 illum
122 3806 285 3886 infuderit,
317 3826 375 3890 quo
398 3806 428 3870 iu
452 3805 566 3892 priores
583 3829 687 3872 ornnes
703 3819 822 3873 sanctos
840 3809 1051 3889 descenderat,
1077 3808 1182 3893 reliqui

20 3931 121 3976 omnes
139 3912 272 3975 noudum
286 3920 490 3996 postmortem
508 3923 715 3992 surrexerunt,
735 3912 816 3976 eolus
832 3913 881 3976 ille
898 3933 971 3976 vero
987 3913 1035 3997 quui
1051 3929 1068 3976 e
1082 3907 1182 3975 Maria
1212 3919 1216 3928 ’

18 4014 136 4096 genitus
163 4024 227 4094 est,
260 4013 347 4077 tertia
371 4012 418 4078 dic
442 4012 594 4078 surrexit?
638 4011 701 4080 Cur
727 4036 793 4078 cum
819 4017 920 4079 eadem
943 4036 999 4100 qua
1017 4015 1046 4078 iu
1065 4025 1182 4078 ceteros

19 4119 134 4182 ratione
155 4116 286 4180 divinum
302 4115 382 4179 illum
400 4116 519 4180 verbum
537 4117 686 4202 delapsum
709 4116 764 4196 sit,
797 4139 872 4184 uuus
889 4117 938 4182 illa
957 4138 996 4184 ex
1015 4113 1112 4181 Maria
1131 4139 1183 4182 na·

19 4229 61 4285 tus
79 4219 264 4284 Emmanuel
289 4219 464 4303 appellatur,
499 4219 581 4303 quasi
604 4241 711 4305 eorpus
734 4220 827 4303 ipsum
852 4219 1004 4283 divinitate
1026 4221 1182 4306 repletum,

19 4333 46 4385 et
64 4325 104 4388 ab
130 4343 172 4388 ea
192 4313 292 4386 uatum
318 4319 470 4392 extiterit?
512 4319 591 4387 Nam
613 4321 788 4386 Emmanuel
811 4322 887 4386 idem
910 4319 1057 4406 siguificat
1074 4345 1108 4388 ac
1125 4328 1185 4385 No-

18 4425 123 4490 lr'eearn
142 4429 225 4488 deus.
274 4419 338 4488 Cur
357 4423 382 4487 si
401 4426 436 4488 ad
456 4444 520 4490 eum
540 4427 657 4490 modum
674 4423 851 4504 accesserit,
875 4445 938 4489 cum
958 4437 1078 4491 sauctus
1101 4428 1185 4511 quili-

899 4529 970 4598 23*
