3066 5016
264 299 402 352 ιιιιιιιιι
418 301 482 352 cre.
496 301 540 353 ιιι.
559 301 641 354 rore.
655 301 685 351 ιι.
702 299 803 350 naen.
814 299 925 350 cxxx.
1109 289 1173 352 tet

31 430 185 499 verterunt3
217 441 273 504 qua
290 441 331 483 ex
347 421 505 484 occasione
522 441 600 486 nova
624 422 702 483 lacta
717 430 763 482 est
778 418 890 484 erroris
906 418 1051 483 accessio.
1098 416 1174 502 Qui-

31 523 86 586 dem
98 523 172 586 enim
192 542 293 586 eorum
310 522 358 606 qui
376 522 413 585 ob
430 523 569 606 gentilem
591 523 676 585 istam
695 522 872 606 impietatem
891 520 1039 584 interfecti
1058 522 1175 586 luerent

30 645 140 710 corpore
164 623 254 687 certis
269 623 298 686 io
318 624 391 688 locis
414 624 591 709 sepelientes
613 625 671 688 illic
691 625 809 688 easdem
830 625 896 688 illas
911 624 1012 687 laudes
1036 623 1175 708 hymnos·

30 748 78 812 quc
92 728 262 804 decantent,
288 735 318 790 et
331 723 534 812 Martyrianos
553 727 690 813 appellari
710 748 743 790 se
761 726 879 804 volunt,
912 737 1031 811 propter
1050 726 1116 789 illos
1133 726 1176 790 vi·

27 830 123 893 delicet
144 829 192 914 qui
215 828 252 892 ob
274 827 419 893 idolorum
442 829 551 892 cultum
575 829 746 915 martyrium
770 830 913 892 decerent.

102 929 161 996 Sed
182 952 282 996 eorum
301 951 405 994 rursus
429 931 477 994 alii
496 931 582 996 altius
606 932 741 1016 quiddam
758 952 818 1017 pro
835 931 977 994 stultitiae
994 951 1067 996 suae
1086 943 1172 1015 captu
1190 936 1253 1005 cap.
1269 937 1312 987 ΙΙΙ.

28 1033 216 1118 concipientes
232 1034 350 1111 auimo,
382 1055 417 1096 ac
434 1033 504 1097 nihil
521 1046 638 1120 praeter
659 1044 786 1098 mentem
803 1055 885 1097 suam
903 1034 932 1096 in
949 1034 1104 1099 consilium
1127 1034 1178 1098 ad·

26 1137 169 1216 hibentes,
193 1137 304 1200 iactare
321 1135 398 1200 istud
415 1137 479 1200 ausi
496 1148 582 1200 sunt:
614 1134 760 1215 Satanas,
793 1135 945 1220 inquiunt,
978 1136 1179 1222 magnusqui-

27 1239 83 1302 dam
104 1251 166 1318 est,
191 1259 225 1302 ec
243 1237 330 1322 longe
349 1238 544 1317 fortissimus,
577 1249 607 1302 et
626 1240 701 1303 male
721 1238 932 1324 quamplurima
951 1239 1117 1304 hominibus
1133 1240 1179 1303 in-

25 1341 101 1425 digit.
147 1337 211 1406 Cur
236 1341 326 1424 igitur
350 1359 408 1403 ooo
434 1342 469 1404 ad
492 1340 569 1404 hunc
586 1343 681 1426 potius
705 1341 907 1426 contegimus,
939 1353 968 1406 et
990 1363 1055 1406 eom
1074 1345 1180 1406 adora-

25 1465 83 1507 mus
106 1455 193 1529 atquc
221 1443 333 1506 honore
363 1443 638 1528 praedicationesque
665 1465 859 1523 veneramur,
891 1457 923 1508 ut
942 1445 1105 1509 adulatorio
1129 1445 1180 1508 illo

24 1546 287 1612 cultuoonciliatns
313 1565 422 1609 nocere
448 1545 582 1624 desinet,
615 1546 673 1610 imo
693 1567 765 1610 vcro
786 1559 937 1626 nostrum,
968 1548 1122 1632 inquiunt,
1154 1548 1179 1610 si

26 1659 158 1734 tanquam
177 1668 332 1712 servorum
353 1669 473 1712 suorum
495 1650 639 1713 rationem
664 1648 772 1712 habeat
791 1662 820 1712 et
840 1649 996 1734 ignoscat?
1039 1648 1121 1734 Ergo
1139 1649 1181 1713 illi

24 1747 200 1816 Salanianos
221 1751 397 1835 semctipsos
423 1749 580 1836 appellant.
626 1749 760 1835 Quorum
782 1751 919 1816 haeresin
937 1775 1001 1816 cum
1021 1751 1182 1838 superiori-

23 1853 73 1917 bus
90 1855 149 1918 illis
167 1855 202 1917 de
219 1853 323 1938 quibus
349 1853 486 1939 deinceps
509 1853 602 1917 actori
622 1875 722 1919 snmus
742 1854 975 1938 coniungendam
1001 1855 1179 1939 potavimus.

22 1949 168 2034 Quoniam
195 1956 311 2040 utrique
333 1976 349 2017 a
369 1959 495 2019 venitote
514 1955 715 2019 desciscentes
743 1957 817 2020 idern
842 1961 922 2020 locas
942 1957 1121 2042 prodeundi,
1153 1967 1184 2021 et

22 2057 72 2118 sub
89 2058 138 2120 dio
156 2057 293 2143 precandi
310 2079 344 2121 ac
357 2056 482 2120 canendi
494 2058 658 2121 institutum
676 2067 789 2122 tenent.
836 2054 978 2122 Ceterum
996 2059 1067 2122 haee
1084 2060 1183 2123 omuie

20 2158 136 2222 ludibrii
164 2170 193 2223 et
216 2159 392 2244 ineptiarum
421 2159 592 2244 plurimum,
627 2159 725 2222 damni
751 2159 821 2224 nihil
847 2161 1000 2224 admodum
1024 2159 1181 2240 hebebant,

20 2283 114 2345 neque
139 2261 299 2326 averium
324 2271 451 2324 mentem
481 2260 626 2325 abducere
649 2272 801 2346 poterantq
836 2285 894 2326 oon
927 2263 1005 2326 enim
1037 2260 1183 2326 Christia-

20 2367 65 2444 ni,
100 2365 156 2429 sed
175 2365 248 2428 meri
268 2364 393 2448 gentiles
414 2363 606 2428 habebantur.
652 2364 743 2448 Atqui
770 2364 854 2428 hodie
872 2362 1048 2429 Messaliaui
1074 2387 1185 2430 vocan-

20 2477 84 2548 tur,
110 2468 218 2530 iisdem
235 2467 366 2531 moribus
384 2487 418 2530 ec
436 2467 540 2530 ritibus
557 2465 684 2546 addicti,
709 2487 803 2552 neque
820 2467 946 2546 initium,
972 2488 1067 2552 neque
1083 2469 1182 2546 huam,

18 2591 113 2655 nequa
140 2582 245 2655 ceput,
279 2579 329 2634 aut
354 2570 482 2632 radicem
513 2569 620 2632 hebent
647 2569 753 2649 ullam,
788 2571 839 2633 sed
857 2571 922 2634 sinc
946 2571 1134 2634 laudamento
1150 2591 1186 2635 ac

17 2675 170 2758 principio
186 2693 308 2757 prorsus
326 2671 467 2736 inconditi
485 2683 572 2752 sunt,
605 2683 634 2736 et
652 2672 830 2756 gravissimo
847 2673 877 2736 in
895 2693 997 2738 errore
1013 2683 1184 2754 versantur,

17 2789 120 2861 utpote
140 2775 192 2860 qui
208 2774 287 2839 nollo
306 2796 401 2859 neque
422 2773 568 2852 nominis,
600 2795 696 2859 neque
714 2774 893 2854 sanctionis,
927 2797 1021 2860 neque
1041 2775 1185 2860 regionis,

15 2899 115 2963 neque
135 2879 234 2962 legum
261 2879 445 2940 lirmemento
468 2877 648 2940 continetur.
696 2873 739 2940 llli
758 2877 849 2960 igitur
864 2879 892 2940 in
911 2898 999 2941 unum
1016 2878 1111 2942 eoacti
1130 2889 1187 2941 mm

13 2983 70 3044 viri
90 3003 184 3066 quern
204 2979 343 3043 mulieres
360 2979 483 3042 credere
507 2980 535 3042 in
557 2975 708 3044 Christum
728 2979 882 3057 videntur,
919 3001 953 3042 ac
968 3001 1000 3043 se
1017 2982 1125 3043 meando
1140 3001 1188 3043 re·

13 3083 180 3148 nuntiasse
206 3093 236 3145 et
253 3102 305 3145 sua
331 3081 428 3144 omnia
454 3081 622 3146 deseruisse
648 3083 832 3166 profitentur.
880 3080 957 3145 Tum
980 3103 1051 3146 cero
1078 3082 1188 3166 promi·

13 3207 86 3251 sene
104 3205 208 3250 sexos
227 3185 378 3268 utriusque
391 3184 571 3246 dormientes
589 3205 691 3248 omnes
705 3185 733 3247 in
746 3184 970 3268 spatiosissimis
982 3185 1056 3248 sicis
1069 3204 1122 3269 per
1137 3203 1188 3248 ae·

11 3299 125 3354 statem
144 3289 267 3364 iacent,
292 3286 368 3370 quod
386 3305 419 3348 se
436 3285 589 3370 quicquam
610 3285 640 3350 in
659 3297 738 3349 terra
755 3287 908 3371 possidere
926 3297 1045 3370 negent.
1091 3285 1188 3352 Saluti

12 3413 105 3476 porro
120 3411 162 3454 ao
181 3389 248 3472 vagi
266 3397 352 3467 sunt,
378 3399 408 3450 ct
423 3407 527 3452 manus
544 3389 578 3452 ed
597 3387 702 3473 stipem
721 3389 891 3473 porrigunt,
924 3389 1044 3473 perinde
1059 3411 1094 3453 ac
1109 3391 1191 3453 victu

10 3506 41 3558 et
61 3491 270 3580 possessione
291 3503 439 3555 carentes.
485 3487 546 3555 Sed
562 3507 665 3554 eornm
690 3511 844 3555 sermones
861 3491 1049 3556 stoliditatem
1074 3512 1190 3556 omnem

10 3607 180 3683 superent.
236 3592 459 3678 Quemcumque
492 3593 569 3656 enim
601 3611 640 3657 ex
670 3593 727 3656 illis
756 3593 1008 3677 interrogaveris,
1043 3594 1130 3658 telem
1157 3614 1191 3658 se

9 3701 133 3784 qualem
156 3696 293 3762 volucris
318 3716 385 3760 esse
404 3695 554 3758 letabitur.
601 3693 674 3759 Sive
693 3695 863 3781 prophetam
880 3696 1010 3776 dixeris,
1034 3695 1192 3781 prophetas

10 3823 42 3864 se
68 3823 148 3866 esse
172 3798 292 3876 dicent,
327 3799 392 3862 sive
413 3795 564 3862 Christum
584 3799 737 3876 nomines,
763 3795 912 3862 Christum
930 3819 963 3862 se
983 3817 1050 3861 esse
1070 3797 1193 3880 quilibet

9 3900 239 3990 respondebitq
270 3901 334 3964 sive
360 3900 575 3985 patriarcham,
609 3900 664 3964 hoc
689 3901 783 3986 ipsum
806 3901 861 3964 sibi
884 3921 990 3964 nomeu
1006 3899 1194 3985 impudenter

9 4008 188 4082 attribuet3
224 4002 288 4067 sive
313 4002 448 4086 angelum
475 4002 619 4087 denique,
652 4003 737 4067 talem
755 4023 787 4066 se
804 4023 862 4066 oon
881 4000 1023 4065 dubitabit
1042 4021 1193 4065 asserere.

9 4107 37 4176 0
58 4107 262 4194 singularem
288 4103 436 4168 hominum
460 4105 664 4169 vecordiaml.
693 4104 780 4189 Quod
806 4105 841 4168 ad
865 4103 1005 4168 ieiunium
1031 4123 1104 4166 vero
1127 4123 1194 4187 spe·

9 4225 86 4292 ctat,
127 4213 197 4274 hoc
222 4207 296 4292 apud
321 4207 387 4270 illos
416 4207 524 4270 nullum
549 4220 593 4270 est
618 4209 749 4270 omnino.
798 4205 908 4270 Verum
932 4206 984 4269 toti
1009 4205 1147 4269 videlieet
1164 4205 1194 4268 in

9 4317 179 4380 orationes
201 4309 304 4372 intenti
322 4330 337 4372 a
355 4311 484 4374 secunda
501 4307 626 4374 tertiave
646 4309 735 4389 hore,
771 4309 819 4372 vel
836 4309 923 4372 ctiam
942 4317 1049 4389 noctu,
1082 4307 1107 4372 si
1129 4329 1197 4372 esu-

9 4421 110 4497 rient,
151 4411 235 4479 nibil
251 4433 310 4476 noo
327 4432 378 4496 pro
394 4432 447 4476 soa
470 4411 589 4475 libidine
608 4413 735 4489 iaciunt,
768 4433 802 4473 ao
818 4411 883 4476 cibo
902 4421 1028 4498 potoque
1047 4431 1080 4474 se
1095 4411 1197 4495 ingur-

9 4525 121 4608 gitant.
182 4511 234 4580 De
251 4515 365 4578 illorum
381 4515 559 4602 turpitudine
579 4535 613 4578 ac
629 4515 747 4598 flagitiis
763 4513 832 4578 uihil
849 4525 931 4579 certo
947 4515 1089 4598 comperi.
1137 4509 1198 4576 Sed

915 4633 993 4702 30*
