<?xml version="1.0" encoding="UTF-8"?>
<!DOCTYPE html PUBLIC "-//W3C//DTD XHTML 1.0 Transitional//EN"
    "http://www.w3.org/TR/xhtml1/DTD/xhtml1-transitional.dtd">
<html xmlns="http://www.w3.org/1999/xhtml" xml:lang="en" lang="en">
 <head>
  <title>
</title>
<meta http-equiv="Content-Type" content="text/html;charset=utf-8" />
  <meta name='ocr-system' content='tesseract 3.04.00' />
  <meta name='ocr-capabilities' content='ocr_page ocr_carea ocr_par ocr_line ocrx_word'/>
</head>
<body>
  <div class='ocr_page' id='page_1' title='image "./corporishaerese00oehlgoog/corporishaerese00oehlgoog_0393.png"; bbox 0 0 3060 5026; ppageno 0'>
   <div class='ocr_carea' id='block_1_1' title="bbox 323 267 1061 338">
    <p class='ocr_par' dir='ltr' id='par_1_1' title="bbox 323 267 1061 338">
     <span class='ocr_line' id='line_1_1' title="bbox 323 267 1061 338; baseline 0.005 -6"><span class='ocrx_word' id='word_1_1' title='bbox 323 267 385 334; x_wconf 76' lang='lat'><strong><em>302</em></strong></span> <span class='ocrx_word' id='word_1_2' title='bbox 751 283 873 336; x_wconf 77' lang='grc' dir='ltr'><strong><em>οενσει</em></strong></span> <span class='ocrx_word' id='word_1_3' title='bbox 890 281 1061 338; x_wconf 75' lang='grc' dir='ltr'><strong><em>εειειειιειι</em></strong></span> 
     </span>
    </p>
   </div>
   <div class='ocr_carea' id='block_1_2' title="bbox 241 395 1528 2946">
    <p class='ocr_par' dir='ltr' id='par_1_2' title="bbox 312 395 1528 2023">
     <span class='ocr_line' id='line_1_2' title="bbox 322 395 1476 488; baseline 0.001 -26"><span class='ocrx_word' id='word_1_4' title='bbox 322 423 382 478; x_wconf 88' lang='grc' dir='ltr'><strong><em>νει,</em></strong></span> <span class='ocrx_word' id='word_1_5' title='bbox 411 395 521 484; x_wconf 80' lang='grc' dir='ltr'><strong><em>λάρυγξ</em></strong></span> <span class='ocrx_word' id='word_1_6' title='bbox 536 399 568 464; x_wconf 87' lang='grc' dir='ltr'><strong><em>δέ</em></strong></span> <span class='ocrx_word' id='word_1_7' title='bbox 585 407 652 464; x_wconf 84' lang='grc' dir='ltr'><strong><em>σῖτα</em></strong></span> <span class='ocrx_word' id='word_1_8' title='bbox 669 397 800 485; x_wconf 85' lang='grc' dir='ltr'><strong><em>γεάεται,</em></strong></span> <span class='ocrx_word' id='word_1_9' title='bbox 830 399 1061 485; x_wconf 72' lang='grc' dir='ltr'><strong><em>καί,όφθαλμδς</em></strong></span> <span class='ocrx_word' id='word_1_10' title='bbox 1074 409 1226 481; x_wconf 83' lang='grc' dir='ltr'><strong><em>κατανοεῖ,</em></strong></span> <span class='ocrx_word' id='word_1_11' title='bbox 1256 401 1307 466; x_wconf 86' lang='grc' dir='ltr'><strong><em>καλ</em></strong></span> <span class='ocrx_word' id='word_1_12' title='bbox 1325 407 1400 477; x_wconf 75' lang='grc' dir='ltr'><strong><em>νοῦς</em></strong></span> <span class='ocrx_word' id='word_1_13' title='bbox 1413 397 1476 488; x_wconf 71' lang='grc' dir='ltr'><strong><em>δρᾷ.</em></strong></span> 
     </span>
     <span class='ocr_line' id='line_1_3' title="bbox 312 497 1479 588; baseline 0.003 -23"><span class='ocrx_word' id='word_1_14' title='bbox 312 497 439 584; x_wconf 84' lang='grc' dir='ltr'><strong><em>Ὅρασις</em></strong></span> <span class='ocrx_word' id='word_1_15' title='bbox 461 505 563 566; x_wconf 89' lang='grc' dir='ltr'><strong><em>τοίνυν</em></strong></span> <span class='ocrx_word' id='word_1_16' title='bbox 580 503 632 566; x_wconf 85' lang='grc' dir='ltr'><strong><em>καλ</em></strong></span> <span class='ocrx_word' id='word_1_17' title='bbox 649 509 748 586; x_wconf 78' lang='grc' dir='ltr'>γεῦσις</span> <span class='ocrx_word' id='word_1_18' title='bbox 764 505 813 568; x_wconf 86' lang='grc' dir='ltr'><strong><em>καλ</em></strong></span> <span class='ocrx_word' id='word_1_19' title='bbox 830 502 979 588; x_wconf 87' lang='grc' dir='ltr'><strong><em>διάκρισις</em></strong></span> <span class='ocrx_word' id='word_1_20' title='bbox 1003 500 1021 569; x_wconf 88' lang='grc' dir='ltr'><strong><em>δ</em></strong></span> <span class='ocrx_word' id='word_1_21' title='bbox 1037 510 1111 580; x_wconf 84' lang='grc' dir='ltr'><strong><em>νοῦς</em></strong></span> <span class='ocrx_word' id='word_1_22' title='bbox 1133 507 1165 570; x_wconf 93' lang='grc' dir='ltr'><strong><em>ἐν</em></strong></span> <span class='ocrx_word' id='word_1_23' title='bbox 1178 501 1251 587; x_wconf 87' lang='grc' dir='ltr'><strong><em>ήμῖν</em></strong></span> <span class='ocrx_word' id='word_1_24' title='bbox 1274 500 1419 588; x_wconf 75' lang='grc' dir='ltr'><strong><em>άπάρχει,</em></strong></span> <span class='ocrx_word' id='word_1_25' title='bbox 1449 505 1479 568; x_wconf 85' lang='grc' dir='ltr'><strong><em>έτ</em></strong></span> 
     </span>
     <span class='ocr_line' id='line_1_4' title="bbox 322 599 1479 692; baseline 0.003 -25"><span class='ocrx_word' id='word_1_26' title='bbox 322 608 400 668; x_wconf 80' lang='grc' dir='ltr'><strong><em>θεοῦ</em></strong></span> <span class='ocrx_word' id='word_1_27' title='bbox 415 599 488 684; x_wconf 85' lang='grc' dir='ltr'><strong><em>ήμῑν</em></strong></span> <span class='ocrx_word' id='word_1_28' title='bbox 500 605 723 686; x_wconf 67' lang='grc' dir='ltr'><strong><em>κεχαρισμένος,</em></strong></span> <span class='ocrx_word' id='word_1_29' title='bbox 745 603 831 670; x_wconf 79' lang='grc' dir='ltr'><strong><em>οὔπω</em></strong></span> <span class='ocrx_word' id='word_1_30' title='bbox 852 607 884 671; x_wconf 84' lang='grc' dir='ltr'><strong><em>δέ</em></strong></span> <span class='ocrx_word' id='word_1_31' title='bbox 899 605 1151 692; x_wconf 84' lang='grc' dir='ltr'><strong><em>συγκαταθετικός</em></strong></span> <span class='ocrx_word' id='word_1_32' title='bbox 1166 613 1227 672; x_wconf 77' lang='grc' dir='ltr'><strong><em>τῶν</em></strong></span> <span class='ocrx_word' id='word_1_33' title='bbox 1240 604 1288 672; x_wconf 83' lang='grc' dir='ltr'><strong><em>άελ</em></strong></span> <span class='ocrx_word' id='word_1_34' title='bbox 1306 607 1479 691; x_wconf 76' lang='grc' dir='ltr'><strong><em>γινομένω,</em></strong></span> 
     </span>
     <span class='ocr_line' id='line_1_5' title="bbox 323 703 1479 798; baseline 0.003 -27"><span class='ocrx_word' id='word_1_35' title='bbox 323 703 377 771; x_wconf 86' lang='grc' dir='ltr'><strong><em>ἐάν</em></strong></span> <span class='ocrx_word' id='word_1_36' title='bbox 393 703 435 788; x_wconf 89' lang='grc' dir='ltr'><strong><em>μή</em></strong></span> <span class='ocrx_word' id='word_1_37' title='bbox 450 708 526 796; x_wconf 86' lang='grc' dir='ltr'><strong><em>θέλη</em></strong></span> <span class='ocrx_word' id='word_1_38' title='bbox 544 703 562 772; x_wconf 89' lang='grc' dir='ltr'><strong><em>ό</em></strong></span> <span class='ocrx_word' id='word_1_39' title='bbox 577 704 750 790; x_wconf 85' lang='grc' dir='ltr'><strong><em>άνθροιπος.</em></strong></span> <span class='ocrx_word' id='word_1_40' title='bbox 792 705 830 772; x_wconf 82' lang='grc' dir='ltr'>Ἡ</span> <span class='ocrx_word' id='word_1_41' title='bbox 842 709 875 774; x_wconf 89' lang='grc' dir='ltr'><strong><em>δέ</em></strong></span> <span class='ocrx_word' id='word_1_42' title='bbox 894 708 967 794; x_wconf 84' lang='grc' dir='ltr'><strong><em>σάρξ</em></strong></span> <span class='ocrx_word' id='word_1_43' title='bbox 981 707 1030 774; x_wconf 87' lang='grc' dir='ltr'><strong><em>άελ</em></strong></span> <span class='ocrx_word' id='word_1_44' title='bbox 1047 711 1080 774; x_wconf 91' lang='grc' dir='ltr'><strong><em>ἐν</em></strong></span> <span class='ocrx_word' id='word_1_45' title='bbox 1094 707 1177 798; x_wconf 83' lang='grc' dir='ltr'><strong><em>πάση</em></strong></span> <span class='ocrx_word' id='word_1_46' title='bbox 1192 715 1294 798; x_wconf 73' lang='grc' dir='ltr'><strong><em>γραφή</em></strong></span> <span class='ocrx_word' id='word_1_47' title='bbox 1312 704 1479 792; x_wconf 82' lang='grc' dir='ltr'><strong><em>άποκηρότ·</em></strong></span> 
     </span>
     <span class='ocr_line' id='line_1_6' title="bbox 320 805 1482 898; baseline 0.002 -26"><span class='ocrx_word' id='word_1_48' title='bbox 320 833 399 874; x_wconf 90' lang='grc' dir='ltr'><strong><em>τεται</em></strong></span> <span class='ocrx_word' id='word_1_49' title='bbox 420 807 470 873; x_wconf 88' lang='grc' dir='ltr'><strong><em>διά</em></strong></span> <span class='ocrx_word' id='word_1_50' title='bbox 492 807 547 891; x_wconf 81' lang='grc' dir='ltr'><strong><em>τήν</em></strong></span> <span class='ocrx_word' id='word_1_51' title='bbox 570 811 602 874; x_wconf 89' lang='grc' dir='ltr'><strong><em>έν</em></strong></span> <span class='ocrx_word' id='word_1_52' title='bbox 626 805 701 898; x_wconf 75' lang='grc' dir='ltr'><strong><em>αὐτῇ</em></strong></span> <span class='ocrx_word' id='word_1_53' title='bbox 724 812 883 895; x_wconf 75' lang='grc' dir='ltr'><strong><em>γινομένην</em></strong></span> <span class='ocrx_word' id='word_1_54' title='bbox 907 814 1079 894; x_wconf 83' lang='grc' dir='ltr'><strong><em>ἐπιθυμίαν.</em></strong></span> <span class='ocrx_word' id='word_1_55' title='bbox 1127 809 1172 876; x_wconf 83' lang='grc' dir='ltr'><strong><em>Οιί</em></strong></span> <span class='ocrx_word' id='word_1_56' title='bbox 1194 809 1314 887; x_wconf 82' lang='grc' dir='ltr'><strong><em>πάντας</em></strong></span> <span class='ocrx_word' id='word_1_57' title='bbox 1335 810 1371 874; x_wconf 84' lang='grc' dir='ltr'><strong><em>δέ</em></strong></span> <span class='ocrx_word' id='word_1_58' title='bbox 1392 807 1482 890; x_wconf 84' lang='grc' dir='ltr'><strong><em>αιἰτήν</em></strong></span> 
     </span>
     <span class='ocr_line' id='line_1_7' title="bbox 321 907 1481 999; baseline 0.001 -25"><span class='ocrx_word' id='word_1_59' title='bbox 321 907 375 992; x_wconf 83' lang='grc' dir='ltr'><strong><em>τήν</em></strong></span> <span class='ocrx_word' id='word_1_60' title='bbox 392 908 487 992; x_wconf 86' lang='grc' dir='ltr'><strong><em>σάρκα</em></strong></span> <span class='ocrx_word' id='word_1_61' title='bbox 504 909 718 994; x_wconf 85' lang='grc' dir='ltr'><strong><em>άποκηρόττει,</em></strong></span> <span class='ocrx_word' id='word_1_62' title='bbox 750 909 821 977; x_wconf 86' lang='grc' dir='ltr'><strong><em>α’λλά</em></strong></span> <span class='ocrx_word' id='word_1_63' title='bbox 836 911 873 977; x_wconf 89' lang='grc' dir='ltr'><strong><em>τά</em></strong></span> <span class='ocrx_word' id='word_1_64' title='bbox 890 915 920 990; x_wconf 84' lang='grc' dir='ltr'><strong><em>ἐξ</em></strong></span> <span class='ocrx_word' id='word_1_65' title='bbox 937 912 1031 996; x_wconf 74' lang='grc' dir='ltr'><strong><em>αὐτῆς</em></strong></span> <span class='ocrx_word' id='word_1_66' title='bbox 1046 911 1186 999; x_wconf 88' lang='grc' dir='ltr'><strong><em>γινόμενα</em></strong></span> <span class='ocrx_word' id='word_1_67' title='bbox 1202 911 1390 998; x_wconf 71' lang='grc' dir='ltr'><strong><em>ἀπεκήρυξεν</em></strong></span> <span class='ocrx_word' id='word_1_68' title='bbox 1405 908 1424 976; x_wconf 87' lang='grc' dir='ltr'><strong><em>δ</em></strong></span> <span class='ocrx_word' id='word_1_69' title='bbox 1438 909 1481 975; x_wconf 83' lang='grc' dir='ltr'><strong><em>λό·</em></strong></span> 
     </span>
     <span class='ocr_line' id='line_1_8' title="bbox 322 1009 1483 1102; baseline 0.002 -25"><span class='ocrx_word' id='word_1_70' title='bbox 322 1035 392 1098; x_wconf 84' lang='grc' dir='ltr'><strong><em>γος,</em></strong></span> <span class='ocrx_word' id='word_1_71' title='bbox 413 1009 455 1088; x_wconf 72' lang='grc' dir='ltr'><strong><em>οἱς</em></strong></span> <span class='ocrx_word' id='word_1_72' title='bbox 472 1015 531 1095; x_wconf 82' lang='grc' dir='ltr'><strong><em>ἐφη</em></strong></span> <span class='ocrx_word' id='word_1_73' title='bbox 548 1011 567 1080; x_wconf 86' lang='grc' dir='ltr'><strong><em>δ</em></strong></span> <span class='ocrx_word' id='word_1_74' title='bbox 583 1012 764 1095; x_wconf 86' lang='grc' dir='ltr'><strong><em>άπόστολος,</em></strong></span> <span class='ocrx_word' id='word_1_75' title='bbox 791 1011 868 1080; x_wconf 66' lang='lat' dir='ltr'><strong><em>olda</em></strong></span> <span class='ocrx_word' id='word_1_76' title='bbox 884 1014 941 1102; x_wconf 83' lang='grc' dir='ltr'><strong><em>γάρ</em></strong></span> <span class='ocrx_word' id='word_1_77' title='bbox 958 1014 1006 1082; x_wconf 86' lang='grc' dir='ltr'><strong><em>ότι</em></strong></span> <span class='ocrx_word' id='word_1_78' title='bbox 1020 1014 1076 1081; x_wconf 81' lang='grc' dir='ltr'><strong><em>οείκ</em></strong></span> <span class='ocrx_word' id='word_1_79' title='bbox 1092 1019 1170 1082; x_wconf 84' lang='grc' dir='ltr'><strong><em>ολκεῖ</em></strong></span> <span class='ocrx_word' id='word_1_80' title='bbox 1181 1019 1215 1082; x_wconf 87' lang='grc' dir='ltr'><strong><em>έν</em></strong></span> <span class='ocrx_word' id='word_1_81' title='bbox 1231 1017 1313 1098; x_wconf 80' lang='grc' dir='ltr'><strong><em>ἐμοὶ,</em></strong></span> <span class='ocrx_word' id='word_1_82' title='bbox 1335 1015 1483 1080; x_wconf 76' lang='grc' dir='ltr'><strong><em>τουτέστιν</em></strong></span> 
     </span>
     <span class='ocr_line' id='line_1_9' title="bbox 322 1115 1484 1204; baseline 0 -26"><span class='ocrx_word' id='word_1_83' title='bbox 322 1115 355 1179; x_wconf 87' lang='grc' dir='ltr'><strong><em>ἐν</em></strong></span> <span class='ocrx_word' id='word_1_84' title='bbox 373 1121 411 1204; x_wconf 72' lang='grc' dir='ltr'><strong><em>τῇ</em></strong></span> <span class='ocrx_word' id='word_1_85' title='bbox 428 1120 517 1201; x_wconf 83' lang='grc' dir='ltr'><strong><em>σαρκί</em></strong></span> <span class='ocrx_word' id='word_1_86' title='bbox 531 1142 605 1198; x_wconf 90' lang='grc' dir='ltr'><strong><em>μου,</em></strong></span> <span class='ocrx_word' id='word_1_87' title='bbox 637 1115 770 1201; x_wconf 84' lang='grc' dir='ltr'><strong><em>άγαθόν,</em></strong></span> <span class='ocrx_word' id='word_1_88' title='bbox 802 1115 853 1183; x_wconf 87' lang='grc' dir='ltr'><strong><em>διά</em></strong></span> <span class='ocrx_word' id='word_1_89' title='bbox 874 1115 910 1182; x_wconf 86' lang='grc' dir='ltr'><strong><em>τά</em></strong></span> <span class='ocrx_word' id='word_1_90' title='bbox 934 1120 968 1184; x_wconf 88' lang='grc' dir='ltr'><strong><em>ἐκ</em></strong></span> <span class='ocrx_word' id='word_1_91' title='bbox 983 1125 1036 1202; x_wconf 79' lang='grc' dir='ltr'><strong><em>τῆς</em></strong></span> <span class='ocrx_word' id='word_1_92' title='bbox 1051 1116 1165 1204; x_wconf 87' lang='grc' dir='ltr'><strong><em>σαρκός</em></strong></span> <span class='ocrx_word' id='word_1_93' title='bbox 1187 1116 1386 1201; x_wconf 75' lang='grc' dir='ltr'><strong><em>ἐπιγινόμενα.</em></strong></span> <span class='ocrx_word' id='word_1_94' title='bbox 1420 1115 1484 1180; x_wconf 83' lang='grc' dir='ltr'><strong><em>Ἵνα</em></strong></span> 
     </span>
     <span class='ocr_line' id='line_1_10' title="bbox 323 1215 1528 1314; baseline 0.002 -32"><span class='ocrx_word' id='word_1_95' title='bbox 323 1216 355 1282; x_wconf 86' lang='grc' dir='ltr'><strong><em>δέ</em></strong></span> <span class='ocrx_word' id='word_1_96' title='bbox 372 1215 597 1302; x_wconf 84' lang='grc' dir='ltr'><strong><em>άποκροάσηται</em></strong></span> <span class='ocrx_word' id='word_1_97' title='bbox 620 1225 681 1284; x_wconf 77' lang='grc' dir='ltr'><strong><em>τοῖν</em></strong></span> <span class='ocrx_word' id='word_1_98' title='bbox 707 1219 849 1304; x_wconf 77' lang='grc' dir='ltr'><strong><em>αἱρέσεων</em></strong></span> <span class='ocrx_word' id='word_1_99' title='bbox 869 1218 926 1302; x_wconf 84' lang='grc' dir='ltr'><strong><em>τήν</em></strong></span> <span class='ocrx_word' id='word_1_100' title='bbox 948 1221 1099 1300; x_wconf 88' lang='grc' dir='ltr'><strong><em>διάνοιαν,</em></strong></span> <span class='ocrx_word' id='word_1_101' title='bbox 1130 1220 1172 1304; x_wconf 89' lang='grc' dir='ltr'><strong><em>μή</em></strong></span> <span class='ocrx_word' id='word_1_102' title='bbox 1192 1245 1256 1296; x_wconf 87' lang='grc' dir='ltr'><strong><em>παις</em></strong></span> <span class='ocrx_word' id='word_1_103' title='bbox 1271 1224 1418 1302; x_wconf 83' lang='grc' dir='ltr'><strong><em>νομίσωσι</em></strong></span> <span class='ocrx_word' id='word_1_104' title='bbox 1434 1217 1483 1299; x_wconf 72' lang='grc' dir='ltr'><strong><em>τήν</em></strong></span> <span class='ocrx_word' id='word_1_105' title='bbox 1527 1223 1528 1314; x_wconf 52' lang='lat'>1</span> 
     </span>
     <span class='ocr_line' id='line_1_11' title="bbox 322 1316 1528 1408; baseline 0 -24"><span class='ocrx_word' id='word_1_106' title='bbox 322 1317 419 1404; x_wconf 84' lang='grc' dir='ltr'><strong><em>σάρκα</em></strong></span> <span class='ocrx_word' id='word_1_107' title='bbox 434 1316 493 1386; x_wconf 88' lang='grc' dir='ltr'><strong><em>άπδ</em></strong></span> <span class='ocrx_word' id='word_1_108' title='bbox 510 1328 563 1404; x_wconf 83' lang='grc' dir='ltr'><strong><em>τῆς</em></strong></span> <span class='ocrx_word' id='word_1_109' title='bbox 580 1327 639 1388; x_wconf 73' lang='grc' dir='ltr'><strong><em>τόν</em></strong></span> <span class='ocrx_word' id='word_1_110' title='bbox 657 1329 771 1406; x_wconf 79' lang='grc' dir='ltr'><strong><em>νεκρῶν</em></strong></span> <span class='ocrx_word' id='word_1_111' title='bbox 785 1320 975 1399; x_wconf 86' lang='grc' dir='ltr'><strong><em>άναστάσεοτς</em></strong></span> <span class='ocrx_word' id='word_1_112' title='bbox 995 1323 1226 1406; x_wconf 72' lang='grc' dir='ltr'><strong><em>4άπηλπίσθαι,</em></strong></span> <span class='ocrx_word' id='word_1_113' title='bbox 1256 1325 1347 1408; x_wconf 89' lang='grc' dir='ltr'><strong><em>λέγει,</em></strong></span> <span class='ocrx_word' id='word_1_114' title='bbox 1381 1330 1441 1386; x_wconf 83' lang='grc' dir='ltr'><strong><em>Δεῖ</em></strong></span> <span class='ocrx_word' id='word_1_115' title='bbox 1453 1319 1482 1384; x_wconf 88' lang='grc' dir='ltr'><strong><em>τό</em></strong></span> <span class='ocrx_word' id='word_1_116' title='bbox 1527 1323 1528 1370; x_wconf 67' lang='grc' dir='ltr'><strong><em>ί</em></strong></span> 
     </span>
     <span class='ocr_line' id='line_1_12' title="bbox 324 1420 1484 1508; baseline 0 -22"><span class='ocrx_word' id='word_1_117' title='bbox 324 1420 465 1507; x_wconf 81' lang='grc' dir='ltr'><strong><em>φθαρτόν</em></strong></span> <span class='ocrx_word' id='word_1_118' title='bbox 480 1429 568 1489; x_wconf 84' lang='grc' dir='ltr'><strong><em>τοῦτο</em></strong></span> <span class='ocrx_word' id='word_1_119' title='bbox 585 1422 769 1490; x_wconf 73' lang='grc' dir='ltr'><strong><em>ἐνδύσασθαι</em></strong></span> <span class='ocrx_word' id='word_1_120' title='bbox 786 1421 977 1508; x_wconf 83' lang='grc' dir='ltr'><strong><em>άφθαροίαν,</em></strong></span> <span class='ocrx_word' id='word_1_121' title='bbox 1000 1428 1051 1490; x_wconf 86' lang='grc' dir='ltr'><strong><em>καλ</em></strong></span> <span class='ocrx_word' id='word_1_122' title='bbox 1071 1424 1104 1491; x_wconf 87' lang='grc' dir='ltr'><strong><em>τό</em></strong></span> <span class='ocrx_word' id='word_1_123' title='bbox 1117 1423 1237 1507; x_wconf 67' lang='grc' dir='ltr'><strong><em>,θνητόν</em></strong></span> <span class='ocrx_word' id='word_1_124' title='bbox 1252 1432 1341 1492; x_wconf 82' lang='grc' dir='ltr'><strong><em>τοῦτο</em></strong></span> <span class='ocrx_word' id='word_1_125' title='bbox 1363 1423 1484 1490; x_wconf 83' lang='grc' dir='ltr'><strong><em>ἐνδόσε-</em></strong></span> 
     </span>
     <span class='ocr_line' id='line_1_13' title="bbox 323 1523 1485 1614; baseline 0 -24"><span class='ocrx_word' id='word_1_126' title='bbox 323 1534 398 1590; x_wconf 87' lang='grc' dir='ltr'><strong><em>σθαι</em></strong></span> <span class='ocrx_word' id='word_1_127' title='bbox 414 1523 598 1604; x_wconf 74' lang='grc' dir='ltr'><strong><em>ἀθανασίαν,</em></strong></span> <span class='ocrx_word' id='word_1_128' title='bbox 626 1529 677 1591; x_wconf 80' lang='grc' dir='ltr'><strong><em>’ίνα</em></strong></span> <span class='ocrx_word' id='word_1_129' title='bbox 700 1525 743 1610; x_wconf 87' lang='grc' dir='ltr'><strong><em>μή</em></strong></span> <span class='ocrx_word' id='word_1_130' title='bbox 760 1528 971 1614; x_wconf 84' lang='grc' dir='ltr'><strong><em>παρεκβάλλτον</em></strong></span> <span class='ocrx_word' id='word_1_131' title='bbox 985 1526 1021 1592; x_wconf 90' lang='grc' dir='ltr'><strong><em>τά</em></strong></span> <span class='ocrx_word' id='word_1_132' title='bbox 1036 1531 1106 1614; x_wconf 89' lang='grc' dir='ltr'><strong><em>ἐργα</em></strong></span> <span class='ocrx_word' id='word_1_133' title='bbox 1125 1535 1180 1610; x_wconf 77' lang='grc' dir='ltr'><strong><em>τῆς</em></strong></span> <span class='ocrx_word' id='word_1_134' title='bbox 1196 1526 1322 1613; x_wconf 87' lang='grc' dir='ltr'><strong><em>σαρκός,</em></strong></span> <span class='ocrx_word' id='word_1_135' title='bbox 1353 1525 1485 1612; x_wconf 78' lang='grc' dir='ltr'><strong><em>δίσάρκα</em></strong></span> 
     </span>
     <span class='ocr_line' id='line_1_14' title="bbox 324 1624 1528 1714; baseline -0.001 -21"><span class='ocrx_word' id='word_1_136' title='bbox 324 1630 433 1694; x_wconf 83' lang='grc' dir='ltr'><strong><em>ελωθεν</em></strong></span> <span class='ocrx_word' id='word_1_137' title='bbox 448 1624 469 1710; x_wconf 88' lang='grc' dir='ltr'><strong><em>ή</em></strong></span> <span class='ocrx_word' id='word_1_138' title='bbox 485 1626 587 1714; x_wconf 84' lang='grc' dir='ltr'><strong><em>γραφή</em></strong></span> <span class='ocrx_word' id='word_1_139' title='bbox 610 1636 727 1709; x_wconf 84' lang='grc' dir='ltr'><strong><em>καλεῖν,</em></strong></span> <span class='ocrx_word' id='word_1_140' title='bbox 757 1635 914 1712; x_wconf 89' lang='grc' dir='ltr'><strong><em>νομισθείη</em></strong></span> <span class='ocrx_word' id='word_1_141' title='bbox 938 1629 992 1713; x_wconf 86' lang='grc' dir='ltr'><strong><em>τήν</em></strong></span> <span class='ocrx_word' id='word_1_142' title='bbox 1016 1633 1120 1696; x_wconf 77' lang='grc' dir='ltr'><strong><em>ἐλπίδα</em></strong></span> <span class='ocrx_word' id='word_1_143' title='bbox 1143 1638 1196 1713; x_wconf 81' lang='grc' dir='ltr'><strong><em>τῆς</em></strong></span> <span class='ocrx_word' id='word_1_144' title='bbox 1216 1627 1409 1704; x_wconf 82' lang='grc' dir='ltr'><strong><em>α’νοστάσεεις</em></strong></span> <span class='ocrx_word' id='word_1_145' title='bbox 1435 1635 1484 1708; x_wconf 74' lang='grc' dir='ltr'><strong><em>τῆς</em></strong></span> <span class='ocrx_word' id='word_1_146' title='bbox 1527 1647 1528 1674; x_wconf 52' lang='grc' dir='ltr'><strong><em>ι</em></strong></span> 
     </span>
     <span class='ocr_line' id='line_1_15' title="bbox 324 1727 1483 1822; baseline -0.001 -26"><span class='ocrx_word' id='word_1_147' title='bbox 324 1727 435 1815; x_wconf 86' lang='grc' dir='ltr'><strong><em>σαρκός</em></strong></span> <span class='ocrx_word' id='word_1_148' title='bbox 455 1729 676 1812; x_wconf 83' lang='grc' dir='ltr'><strong><em>παρεκβάλλειν.</em></strong></span> <span class='ocrx_word' id='word_1_149' title='bbox 726 1730 769 1797; x_wconf 84' lang='grc' dir='ltr'><strong><em>Τά</em></strong></span> <span class='ocrx_word' id='word_1_150' title='bbox 789 1730 843 1815; x_wconf 80' lang='grc' dir='ltr'><strong><em>γάρ</em></strong></span> <span class='ocrx_word' id='word_1_151' title='bbox 866 1734 938 1817; x_wconf 83' lang='grc' dir='ltr'><strong><em>ἐργα</em></strong></span> <span class='ocrx_word' id='word_1_152' title='bbox 953 1730 990 1798; x_wconf 88' lang='grc' dir='ltr'><strong><em>τά</em></strong></span> <span class='ocrx_word' id='word_1_153' title='bbox 1007 1736 1041 1799; x_wconf 89' lang='grc' dir='ltr'><strong><em>ἐν</em></strong></span> <span class='ocrx_word' id='word_1_154' title='bbox 1059 1729 1135 1822; x_wconf 70' lang='grc' dir='ltr'><strong><em>αὐτῇ</em></strong></span> <span class='ocrx_word' id='word_1_155' title='bbox 1155 1731 1294 1818; x_wconf 87' lang='grc' dir='ltr'><strong><em>γινόμενα</em></strong></span> <span class='ocrx_word' id='word_1_156' title='bbox 1311 1739 1417 1814; x_wconf 78' lang='grc' dir='ltr'><strong><em>φαῦλα</em></strong></span> <span class='ocrx_word' id='word_1_157' title='bbox 1438 1753 1483 1796; x_wconf 84' lang='grc' dir='ltr'><strong><em>σα-</em></strong></span> 
     </span>
     <span class='ocr_line' id='line_1_16' title="bbox 325 1831 1528 1920; baseline 0.002 -24"><span class='ocrx_word' id='word_1_158' title='bbox 325 1839 392 1912; x_wconf 77' lang='grc' dir='ltr'><strong><em>φῶς</em></strong></span> <span class='ocrx_word' id='word_1_159' title='bbox 407 1831 608 1915; x_wconf 83' lang='grc' dir='ltr'><strong><em>άπειιήρυξεν,</em></strong></span> <span class='ocrx_word' id='word_1_160' title='bbox 639 1832 734 1916; x_wconf 77' lang='grc' dir='ltr'><strong><em>αὐτήν</em></strong></span> <span class='ocrx_word' id='word_1_161' title='bbox 758 1834 790 1899; x_wconf 85' lang='grc' dir='ltr'><strong><em>δέ</em></strong></span> <span class='ocrx_word' id='word_1_162' title='bbox 805 1833 860 1917; x_wconf 86' lang='grc' dir='ltr'><strong><em>τήν</em></strong></span> <span class='ocrx_word' id='word_1_163' title='bbox 883 1833 979 1920; x_wconf 80' lang='grc' dir='ltr'><strong><em>σάρκα</em></strong></span> <span class='ocrx_word' id='word_1_164' title='bbox 1003 1835 1089 1920; x_wconf 83' lang='grc' dir='ltr'><strong><em>άγιον</em></strong></span> <span class='ocrx_word' id='word_1_165' title='bbox 1105 1833 1179 1902; x_wconf 89' lang='grc' dir='ltr'><strong><em>ναόν</em></strong></span> <span class='ocrx_word' id='word_1_166' title='bbox 1202 1838 1364 1914; x_wconf 81' lang='grc' dir='ltr'><strong><em>ἐπέδειξεν,</em></strong></span> <span class='ocrx_word' id='word_1_167' title='bbox 1398 1836 1485 1918; x_wconf 60' lang='lat' dir='ltr'><strong><em>lup·</em></strong></span> <span class='ocrx_word' id='word_1_168' title='bbox 1527 1895 1528 1920; x_wconf 41' lang='grc'><strong><em>,</em></strong></span> 
     </span>
     <span class='ocr_line' id='line_1_17' title="bbox 325 1921 1528 2023; baseline 0.001 -25"><span class='ocrx_word' id='word_1_169' title='bbox 325 1930 476 2019; x_wconf 87' lang='grc' dir='ltr'><strong><em>άγιάσαντι</em></strong></span> <span class='ocrx_word' id='word_1_170' title='bbox 492 1934 588 2001; x_wconf 76' lang='grc' dir='ltr'><strong><em>αὐτοῦ</em></strong></span> <span class='ocrx_word' id='word_1_171' title='bbox 610 1934 664 2018; x_wconf 88' lang='grc' dir='ltr'><strong><em>τήν</em></strong></span> <span class='ocrx_word' id='word_1_172' title='bbox 685 1935 797 2022; x_wconf 86' lang='grc' dir='ltr'><strong><em>σάρκα,</em></strong></span> <span class='ocrx_word' id='word_1_173' title='bbox 828 1935 903 2002; x_wconf 84' lang='grc' dir='ltr'><strong><em>κατά</em></strong></span> <span class='ocrx_word' id='word_1_174' title='bbox 919 1937 952 2003; x_wconf 89' lang='grc' dir='ltr'><strong><em>τό</em></strong></span> <span class='ocrx_word' id='word_1_175' title='bbox 971 1939 1171 2023; x_wconf 73' lang='grc' dir='ltr'><strong><em>γεγραμμένον</em></strong></span> <span class='ocrx_word' id='word_1_176' title='bbox 1190 1936 1253 2017; x_wconf 79' lang='grc' dir='ltr'><strong><em>δτι,</em></strong></span> <span class='ocrx_word' id='word_1_177' title='bbox 1286 1935 1485 2021; x_wconf 81' lang='grc' dir='ltr'><strong><em>Θρησκείαδέ</em></strong></span> <span class='ocrx_word' id='word_1_178' title='bbox 1527 1921 1528 1950; x_wconf 48' lang='lat'>¹</span> 
     </span>
    </p>

    <p class='ocr_par' dir='ltr' id='par_1_3' title="bbox 241 2031 1528 2946">
     <span class='ocr_line' id='line_1_18' title="bbox 241 2036 1486 2126; baseline 0.001 -23"><span class='ocrx_word' id='word_1_179' title='bbox 241 2071 249 2082; x_wconf 87' lang='lat'>·</span> <span class='ocrx_word' id='word_1_180' title='bbox 324 2036 446 2120; x_wconf 87' lang='grc' dir='ltr'><strong><em>καθαρά</em></strong></span> <span class='ocrx_word' id='word_1_181' title='bbox 462 2045 503 2126; x_wconf 78' lang='grc' dir='ltr'><strong><em>τῷ</em></strong></span> <span class='ocrx_word' id='word_1_182' title='bbox 516 2045 580 2125; x_wconf 84' lang='grc' dir='ltr'><strong><em>θεῷ</em></strong></span> <span class='ocrx_word' id='word_1_183' title='bbox 600 2040 652 2103; x_wconf 86' lang='grc' dir='ltr'><strong><em>καλ</em></strong></span> <span class='ocrx_word' id='word_1_184' title='bbox 673 2041 761 2124; x_wconf 80' lang='grc' dir='ltr'><strong><em>πατρί</em></strong></span> <span class='ocrx_word' id='word_1_185' title='bbox 784 2038 859 2122; x_wconf 73' lang='grc' dir='ltr'><strong><em>αὕτη</em></strong></span> <span class='ocrx_word' id='word_1_186' title='bbox 878 2041 973 2120; x_wconf 82' lang='grc' dir='ltr'><strong><em>ἐστὶν,</em></strong></span> <span class='ocrx_word' id='word_1_187' title='bbox 1003 2043 1234 2108; x_wconf 75' lang='grc' dir='ltr'><strong><em>ἐπισκέπτεσθαι</em></strong></span> <span class='ocrx_word' id='word_1_188' title='bbox 1257 2037 1418 2126; x_wconf 78' lang='grc' dir='ltr'><strong><em>όρφανοδς</em></strong></span> <span class='ocrx_word' id='word_1_189' title='bbox 1440 2039 1486 2104; x_wconf 76' lang='grc' dir='ltr'><strong><em>καί</em></strong></span> 
     </span>
     <span class='ocr_line' id='line_1_19' title="bbox 324 2138 1486 2229; baseline -0.002 -25"><span class='ocrx_word' id='word_1_190' title='bbox 324 2141 417 2223; x_wconf 79' lang='grc' dir='ltr'><strong><em>γήρας</em></strong></span> <span class='ocrx_word' id='word_1_191' title='bbox 434 2142 465 2206; x_wconf 92' lang='grc' dir='ltr'><strong><em>ἐν</em></strong></span> <span class='ocrx_word' id='word_1_192' title='bbox 482 2147 519 2229; x_wconf 67' lang='grc' dir='ltr'><strong><em>τῇ</em></strong></span> <span class='ocrx_word' id='word_1_193' title='bbox 538 2145 644 2222; x_wconf 80' lang='grc' dir='ltr'><strong><em>θλίψει</em></strong></span> <span class='ocrx_word' id='word_1_194' title='bbox 662 2138 773 2220; x_wconf 74' lang='grc' dir='ltr'><strong><em>ου’τοὶν,</em></strong></span> <span class='ocrx_word' id='word_1_195' title='bbox 806 2140 930 2207; x_wconf 85' lang='grc' dir='ltr'><strong><em>άσπιλον</em></strong></span> <span class='ocrx_word' id='word_1_196' title='bbox 955 2141 1062 2208; x_wconf 84' lang='grc' dir='ltr'><strong><em>ἐαυτδν</em></strong></span> <span class='ocrx_word' id='word_1_197' title='bbox 1078 2153 1179 2226; x_wconf 81' lang='grc' dir='ltr'><strong><em>τηρεῖν</em></strong></span> <span class='ocrx_word' id='word_1_198' title='bbox 1200 2141 1262 2209; x_wconf 84' lang='grc' dir='ltr'><strong><em>άπό</em></strong></span> <span class='ocrx_word' id='word_1_199' title='bbox 1288 2149 1344 2208; x_wconf 81' lang='grc' dir='ltr'><strong><em>τοῦ</em></strong></span> <span class='ocrx_word' id='word_1_200' title='bbox 1361 2141 1486 2222; x_wconf 83' lang='grc' dir='ltr'><strong><em>κόσμοι.</em></strong></span> 
     </span>
     <span class='ocr_line' id='line_1_20' title="bbox 327 2239 1486 2332; baseline -0.002 -24"><span class='ocrx_word' id='word_1_201' title='bbox 327 2244 387 2308; x_wconf 81' lang='grc' dir='ltr'><strong><em>Καλ</em></strong></span> <span class='ocrx_word' id='word_1_202' title='bbox 405 2241 491 2330; x_wconf 81' lang='grc' dir='ltr'><strong><em>άλλρι,</em></strong></span> <span class='ocrx_word' id='word_1_203' title='bbox 516 2241 695 2328; x_wconf 59' lang='grc' dir='ltr'><strong><em>θΜακάριοι</em></strong></span> <span class='ocrx_word' id='word_1_204' title='bbox 713 2247 745 2310; x_wconf 78' lang='grc' dir='ltr'><strong><em>οἱ</em></strong></span> <span class='ocrx_word' id='word_1_205' title='bbox 759 2241 854 2329; x_wconf 86' lang='grc' dir='ltr'><strong><em>άγνήν</em></strong></span> <span class='ocrx_word' id='word_1_206' title='bbox 870 2242 924 2327; x_wconf 82' lang='grc' dir='ltr'><strong><em>τήν</em></strong></span> <span class='ocrx_word' id='word_1_207' title='bbox 941 2243 1037 2330; x_wconf 83' lang='grc' dir='ltr'><strong><em>σάρκα</em></strong></span> <span class='ocrx_word' id='word_1_208' title='bbox 1051 2245 1237 2332; x_wconf 76' lang='grc' dir='ltr'><strong><em>τηρήσαντες.</em></strong></span> <span class='ocrx_word' id='word_1_209' title='bbox 1283 2243 1439 2319; x_wconf 83' lang='grc' dir='ltr'><strong><em>Πολλάκις</em></strong></span> <span class='ocrx_word' id='word_1_210' title='bbox 1458 2239 1486 2306; x_wconf 79' lang='grc' dir='ltr'><strong><em>δέ</em></strong></span> 
     </span>
     <span class='ocr_line' id='line_1_21' title="bbox 324 2343 1487 2432; baseline 0 -20"><span class='ocrx_word' id='word_1_211' title='bbox 324 2344 388 2412; x_wconf 87' lang='grc' dir='ltr'><strong><em>κατ’</em></strong></span> <span class='ocrx_word' id='word_1_212' title='bbox 404 2345 498 2428; x_wconf 78' lang='grc' dir='ltr'><strong><em>αότῆς</em></strong></span> <span class='ocrx_word' id='word_1_213' title='bbox 513 2347 638 2430; x_wconf 88' lang='grc' dir='ltr'><strong><em>λέγουσα</em></strong></span> <span class='ocrx_word' id='word_1_214' title='bbox 651 2343 672 2428; x_wconf 83' lang='grc' dir='ltr'><strong><em>ή</em></strong></span> <span class='ocrx_word' id='word_1_215' title='bbox 686 2345 789 2432; x_wconf 82' lang='grc' dir='ltr'><strong><em>γραφή</em></strong></span> <span class='ocrx_word' id='word_1_216' title='bbox 808 2349 940 2424; x_wconf 80' lang='grc' dir='ltr'><strong><em>ἐδίδαξεν</em></strong></span> <span class='ocrx_word' id='word_1_217' title='bbox 959 2344 1039 2430; x_wconf 83' lang='grc' dir='ltr'><strong><em>ήμάς</em></strong></span> <span class='ocrx_word' id='word_1_218' title='bbox 1059 2347 1112 2424; x_wconf 87' lang='grc' dir='ltr'><strong><em>τάς</em></strong></span> <span class='ocrx_word' id='word_1_219' title='bbox 1129 2351 1293 2431; x_wconf 85' lang='grc' dir='ltr'><strong><em>ἐπιθυμίας</em></strong></span> <span class='ocrx_word' id='word_1_220' title='bbox 1307 2349 1358 2412; x_wconf 88' lang='grc' dir='ltr'><strong><em>καλ</em></strong></span> <span class='ocrx_word' id='word_1_221' title='bbox 1377 2343 1487 2428; x_wconf 74' lang='grc' dir='ltr'><strong><em>ἡδονάς</em></strong></span> 
     </span>
     <span class='ocr_line' id='line_1_22' title="bbox 326 2445 1486 2535; baseline -0.004 -19"><span class='ocrx_word' id='word_1_222' title='bbox 326 2451 356 2528; x_wconf 82' lang='grc' dir='ltr'><strong><em>ἐξ</em></strong></span> <span class='ocrx_word' id='word_1_223' title='bbox 375 2445 467 2530; x_wconf 85' lang='grc' dir='ltr'><strong><em>αότής</em></strong></span> <span class='ocrx_word' id='word_1_224' title='bbox 483 2447 661 2529; x_wconf 71' lang='grc' dir='ltr'><strong><em>βλαστάνειν.</em></strong></span> <span class='ocrx_word' id='word_1_225' title='bbox 709 2447 793 2514; x_wconf 86' lang='grc' dir='ltr'><strong><em>Κατά</em></strong></span> <span class='ocrx_word' id='word_1_226' title='bbox 809 2448 841 2514; x_wconf 89' lang='grc' dir='ltr'><strong><em>δέ</em></strong></span> <span class='ocrx_word' id='word_1_227' title='bbox 857 2455 911 2514; x_wconf 86' lang='grc' dir='ltr'><strong><em>τοῦ</em></strong></span> <span class='ocrx_word' id='word_1_228' title='bbox 924 2456 981 2514; x_wconf 86' lang='grc' dir='ltr'><strong><em>νοῦ</em></strong></span> <span class='ocrx_word' id='word_1_229' title='bbox 996 2449 1084 2516; x_wconf 75' lang='grc' dir='ltr'><strong><em>οὐδέν</em></strong></span> <span class='ocrx_word' id='word_1_230' title='bbox 1100 2453 1241 2535; x_wconf 79' lang='grc' dir='ltr'><strong><em>ἐξηγεῖται</em></strong></span> <span class='ocrx_word' id='word_1_231' title='bbox 1259 2446 1280 2532; x_wconf 86' lang='grc' dir='ltr'><strong><em>ή</em></strong></span> <span class='ocrx_word' id='word_1_232' title='bbox 1295 2446 1419 2534; x_wconf 84' lang='grc' dir='ltr'><strong><em>γραφή,</em></strong></span> <span class='ocrx_word' id='word_1_233' title='bbox 1443 2445 1486 2511; x_wconf 83' lang='grc' dir='ltr'><strong><em>άλ-</em></strong></span> 
     </span>
     <span class='ocr_line' id='line_1_23' title="bbox 325 2549 1487 2640; baseline -0.003 -24"><span class='ocrx_word' id='word_1_234' title='bbox 325 2549 376 2631; x_wconf 89' lang='grc' dir='ltr'><strong><em>λά,</em></strong></span> <span class='ocrx_word' id='word_1_235' title='bbox 411 2557 501 2616; x_wconf 80' lang='grc' dir='ltr'><strong><em>Ψαλά</em></strong></span> <span class='ocrx_word' id='word_1_236' title='bbox 523 2557 566 2640; x_wconf 77' lang='grc' dir='ltr'><strong><em>τῷ</em></strong></span> <span class='ocrx_word' id='word_1_237' title='bbox 589 2556 654 2630; x_wconf 82' lang='grc' dir='ltr'><strong><em>νοῒ,</em></strong></span> <span class='ocrx_word' id='word_1_238' title='bbox 684 2558 771 2633; x_wconf 80' lang='grc' dir='ltr'><strong><em>ψαλῶ</em></strong></span> <span class='ocrx_word' id='word_1_239' title='bbox 791 2557 831 2640; x_wconf 79' lang='grc' dir='ltr'><strong><em>τῷ</em></strong></span> <span class='ocrx_word' id='word_1_240' title='bbox 848 2549 1010 2634; x_wconf 86' lang='grc' dir='ltr'><strong><em>πνεόματι,</em></strong></span> <span class='ocrx_word' id='word_1_241' title='bbox 1038 2555 1105 2632; x_wconf 87' lang='grc' dir='ltr'><strong><em>καλ,</em></strong></span> <span class='ocrx_word' id='word_1_242' title='bbox 1135 2552 1204 2620; x_wconf 84' lang='grc' dir='ltr'><strong><em>Ἐάν</em></strong></span> <span class='ocrx_word' id='word_1_243' title='bbox 1228 2557 1318 2634; x_wconf 75' lang='grc' dir='ltr'><strong><em>ψαλοῖ</em></strong></span> <span class='ocrx_word' id='word_1_244' title='bbox 1339 2550 1433 2614; x_wconf 77' lang='grc' dir='ltr'><strong><em>πάλιν</em></strong></span> <span class='ocrx_word' id='word_1_245' title='bbox 1451 2555 1487 2636; x_wconf 73' lang='grc' dir='ltr'><strong><em>τῷ</em></strong></span> 
     </span>
     <span class='ocr_line' id='line_1_24' title="bbox 327 2649 1488 2744; baseline -0.003 -26"><span class='ocrx_word' id='word_1_246' title='bbox 327 2652 486 2737; x_wconf 78' lang='grc' dir='ltr'><strong><em>πνεύματι,</em></strong></span> <span class='ocrx_word' id='word_1_247' title='bbox 518 2649 587 2719; x_wconf 84' lang='grc' dir='ltr'><strong><em>όδέ</em></strong></span> <span class='ocrx_word' id='word_1_248' title='bbox 603 2661 674 2730; x_wconf 83' lang='grc' dir='ltr'><strong><em>νοῦς</em></strong></span> <span class='ocrx_word' id='word_1_249' title='bbox 691 2680 751 2737; x_wconf 90' lang='grc' dir='ltr'><strong><em>μου</em></strong></span> <span class='ocrx_word' id='word_1_250' title='bbox 767 2651 903 2737; x_wconf 85' lang='grc' dir='ltr'><strong><em>άκαρπός</em></strong></span> <span class='ocrx_word' id='word_1_251' title='bbox 924 2656 992 2721; x_wconf 88' lang='grc' dir='ltr'><strong><em>ἐστι.</em></strong></span> <span class='ocrx_word' id='word_1_252' title='bbox 1037 2657 1096 2720; x_wconf 85' lang='grc' dir='ltr'><strong><em>Καί</em></strong></span> <span class='ocrx_word' id='word_1_253' title='bbox 1115 2652 1188 2744; x_wconf 74' lang='grc' dir='ltr'><strong><em>δρᾷς</em></strong></span> <span class='ocrx_word' id='word_1_254' title='bbox 1207 2655 1253 2722; x_wconf 80' lang='grc' dir='ltr'><strong><em>ὅτι</em></strong></span> <span class='ocrx_word' id='word_1_255' title='bbox 1269 2657 1302 2720; x_wconf 90' lang='grc' dir='ltr'><strong><em>ἐν</em></strong></span> <span class='ocrx_word' id='word_1_256' title='bbox 1319 2651 1406 2740; x_wconf 73' lang='grc' dir='ltr'><strong><em>αὗτῷ</em></strong></span> <span class='ocrx_word' id='word_1_257' title='bbox 1421 2677 1488 2734; x_wconf 79' lang='grc' dir='ltr'><strong><em>κερ</em></strong></span> 
     </span>
     <span class='ocr_line' id='line_1_25' title="bbox 327 2748 1486 2846; baseline -0.002 -26"><span class='ocrx_word' id='word_1_258' title='bbox 327 2754 402 2834; x_wconf 90' lang='grc' dir='ltr'><strong><em>πδς,</em></strong></span> <span class='ocrx_word' id='word_1_259' title='bbox 426 2758 511 2844; x_wconf 77' lang='grc' dir='ltr'><strong><em>ἐντῷ</em></strong></span> <span class='ocrx_word' id='word_1_260' title='bbox 526 2763 576 2844; x_wconf 74' lang='grc' dir='ltr'><strong><em>νῷ.</em></strong></span> <span class='ocrx_word' id='word_1_261' title='bbox 623 2753 689 2821; x_wconf 81' lang='grc' dir='ltr'><strong><em>Κάν</em></strong></span> <span class='ocrx_word' id='word_1_262' title='bbox 703 2781 734 2822; x_wconf 92' lang='grc' dir='ltr'><strong><em>τε</em></strong></span> <span class='ocrx_word' id='word_1_263' title='bbox 750 2754 791 2838; x_wconf 88' lang='grc' dir='ltr'><strong><em>μή</em></strong></span> <span class='ocrx_word' id='word_1_264' title='bbox 806 2748 828 2846; x_wconf 80' lang='grc' dir='ltr'><strong><em>ή</em></strong></span> <span class='ocrx_word' id='word_1_265' title='bbox 845 2755 975 2842; x_wconf 86' lang='grc' dir='ltr'><strong><em>καρπός,</em></strong></span> <span class='ocrx_word' id='word_1_266' title='bbox 1007 2756 1044 2823; x_wconf 79' lang='grc' dir='ltr'><strong><em>οὗ</em></strong></span> <span class='ocrx_word' id='word_1_267' title='bbox 1060 2755 1180 2834; x_wconf 78' lang='grc' dir='ltr'><strong><em>πάντας</em></strong></span> <span class='ocrx_word' id='word_1_268' title='bbox 1202 2757 1256 2824; x_wconf 84' lang='grc' dir='ltr'><strong><em>τόν</em></strong></span> <span class='ocrx_word' id='word_1_269' title='bbox 1277 2762 1350 2822; x_wconf 81' lang='grc' dir='ltr'><strong><em>νοῦν</em></strong></span> <span class='ocrx_word' id='word_1_270' title='bbox 1376 2757 1486 2820; x_wconf 76' lang='grc' dir='ltr'><strong><em>κατέλε</em></strong></span> 
     </span>
     <span class='ocr_line' id='line_1_26' title="bbox 327 2855 1446 2946; baseline -0.003 -22"><span class='ocrx_word' id='word_1_271' title='bbox 327 2861 376 2936; x_wconf 74' lang='grc' dir='ltr'><strong><em>ξεν</em></strong></span> <span class='ocrx_word' id='word_1_272' title='bbox 396 2861 428 2925; x_wconf 86' lang='grc' dir='ltr'><strong><em>ἐν</em></strong></span> <span class='ocrx_word' id='word_1_273' title='bbox 450 2855 619 2945; x_wconf 87' lang='grc' dir='ltr'><strong><em>άμαρτίαις,</em></strong></span> <span class='ocrx_word' id='word_1_274' title='bbox 641 2856 714 2924; x_wconf 87' lang='grc' dir='ltr'><strong><em>άλλά</em></strong></span> <span class='ocrx_word' id='word_1_275' title='bbox 735 2856 773 2924; x_wconf 91' lang='grc' dir='ltr'><strong><em>δι’</em></strong></span> <span class='ocrx_word' id='word_1_276' title='bbox 796 2857 889 2926; x_wconf 73' lang='grc' dir='ltr'><strong><em>αὐτοῦ</em></strong></span> <span class='ocrx_word' id='word_1_277' title='bbox 911 2867 1020 2943; x_wconf 78' lang='grc' dir='ltr'><strong><em>μᾶλλον</em></strong></span> <span class='ocrx_word' id='word_1_278' title='bbox 1040 2857 1093 2928; x_wconf 87' lang='grc' dir='ltr'><strong><em>τόν</em></strong></span> <span class='ocrx_word' id='word_1_279' title='bbox 1114 2859 1232 2946; x_wconf 84' lang='grc' dir='ltr'><strong><em>καρπόν</em></strong></span> <span class='ocrx_word' id='word_1_280' title='bbox 1252 2855 1446 2941; x_wconf 82' lang='grc' dir='ltr'><strong><em>άπεφήνατο.</em></strong></span> 
     </span>
    </p>
   </div>
   <div class='ocr_carea' id='block_1_3' title="bbox 185 3267 1529 4177">
    <p class='ocr_par' dir='ltr' id='par_1_4' title="bbox 185 3267 1529 3389">
     <span class='ocr_line' id='line_1_27' title="bbox 185 3267 1529 3389; baseline -0.004 -53"><span class='ocrx_word' id='word_1_281' title='bbox 185 3289 239 3389; x_wconf 57' lang='grc' dir='ltr'><strong><em>ἲν·</em></strong></span> <span class='ocrx_word' id='word_1_282' title='bbox 253 3279 311 3349; x_wconf 68' lang='grc' dir='ltr'><strong><em>Μ,</em></strong></span> <span class='ocrx_word' id='word_1_283' title='bbox 423 3273 458 3335; x_wconf 81' lang='grc' dir='ltr'><strong><em>Τί</em></strong></span> <span class='ocrx_word' id='word_1_284' title='bbox 472 3270 506 3336; x_wconf 84' lang='grc' dir='ltr'><strong><em>δλ</em></strong></span> <span class='ocrx_word' id='word_1_285' title='bbox 525 3277 633 3336; x_wconf 76' lang='grc' dir='ltr'><strong><em>Ιτοῦτο</em></strong></span> <span class='ocrx_word' id='word_1_286' title='bbox 654 3267 732 3352; x_wconf 86' lang='grc' dir='ltr'><strong><em>πρός</em></strong></span> <span class='ocrx_word' id='word_1_287' title='bbox 749 3269 804 3352; x_wconf 83' lang='grc' dir='ltr'><strong><em>τήν</em></strong></span> <span class='ocrx_word' id='word_1_288' title='bbox 819 3277 874 3335; x_wconf 87' lang='grc' dir='ltr'><strong><em>τοῦ</em></strong></span> <span class='ocrx_word' id='word_1_289' title='bbox 894 3275 1000 3355; x_wconf 87' lang='grc' dir='ltr'><strong><em>κυρίου</em></strong></span> <span class='ocrx_word' id='word_1_290' title='bbox 1023 3267 1108 3354; x_wconf 72' lang='grc' dir='ltr'><strong><em>ήμῶν</em></strong></span> <span class='ocrx_word' id='word_1_291' title='bbox 1129 3268 1257 3352; x_wconf 72' lang='grc' dir='ltr'><strong><em>δύναμιν</em></strong></span> <span class='ocrx_word' id='word_1_292' title='bbox 1273 3275 1326 3351; x_wconf 73' lang='grc' dir='ltr'><strong><em>τῆς</em></strong></span> <span class='ocrx_word' id='word_1_293' title='bbox 1343 3267 1487 3348; x_wconf 80' lang='grc' dir='ltr'><strong><em>θεότητος</em></strong></span> <span class='ocrx_word' id='word_1_294' title='bbox 1528 3267 1529 3276; x_wconf 70' lang='grc'>’</span> 
     </span>
    </p>

    <p class='ocr_par' dir='ltr' id='par_1_5' title="bbox 215 3337 1489 4177">
     <span class='ocr_line' id='line_1_28' title="bbox 215 3337 1488 3458; baseline -0.002 -20"><span class='ocrx_word' id='word_1_295' title='bbox 215 3351 256 3402; x_wconf 60' lang='lat'><strong><em>‘⁹&#39;</em></strong></span> <span class='ocrx_word' id='word_1_296' title='bbox 270 3337 320 3388; x_wconf 39' lang='grc' dir='ltr'><strong>ἡ</strong></span> <span class='ocrx_word' id='word_1_297' title='bbox 332 3370 490 3454; x_wconf 77' lang='grc' dir='ltr'><strong><em>ἐνσκήιμεις</em></strong></span> <span class='ocrx_word' id='word_1_298' title='bbox 520 3377 548 3438; x_wconf 92' lang='grc' dir='ltr'><strong><em>τί</em></strong></span> <span class='ocrx_word' id='word_1_299' title='bbox 563 3374 595 3438; x_wconf 84' lang='grc' dir='ltr'><strong><em>δέ</em></strong></span> <span class='ocrx_word' id='word_1_300' title='bbox 608 3370 768 3458; x_wconf 83' lang='grc' dir='ltr'><strong><em>ήμαάρωσε</em></strong></span> <span class='ocrx_word' id='word_1_301' title='bbox 784 3371 839 3455; x_wconf 88' lang='grc' dir='ltr'><strong><em>τήν</em></strong></span> <span class='ocrx_word' id='word_1_302' title='bbox 854 3369 947 3439; x_wconf 71' lang='grc' dir='ltr'><strong><em>αὐτοῦ</em></strong></span> <span class='ocrx_word' id='word_1_303' title='bbox 964 3373 1092 3456; x_wconf 79' lang='grc' dir='ltr'><strong><em>δύναμιν</em></strong></span> <span class='ocrx_word' id='word_1_304' title='bbox 1106 3379 1161 3456; x_wconf 79' lang='grc' dir='ltr'><strong><em>τῆς</em></strong></span> <span class='ocrx_word' id='word_1_305' title='bbox 1179 3369 1265 3457; x_wconf 88' lang='grc' dir='ltr'><strong><em>άγίας</em></strong></span> <span class='ocrx_word' id='word_1_306' title='bbox 1281 3369 1429 3458; x_wconf 81' lang='grc' dir='ltr'><strong><em>γυναικός</em></strong></span> <span class='ocrx_word' id='word_1_307' title='bbox 1444 3397 1488 3454; x_wconf 82' lang='grc' dir='ltr'><strong><em>γε·</em></strong></span> 
     </span>
     <span class='ocr_line' id='line_1_29' title="bbox 328 3471 1487 3561; baseline -0.005 -20"><span class='ocrx_word' id='word_1_308' title='bbox 328 3473 418 3560; x_wconf 82' lang='grc' dir='ltr'><strong><em>στήρ,</em></strong></span> <span class='ocrx_word' id='word_1_309' title='bbox 441 3474 537 3560; x_wconf 90' lang='grc' dir='ltr'><strong><em>μήτρα</em></strong></span> <span class='ocrx_word' id='word_1_310' title='bbox 556 3476 726 3559; x_wconf 84' lang='grc' dir='ltr'><strong><em>παρθένου,</em></strong></span> <span class='ocrx_word' id='word_1_311' title='bbox 751 3479 905 3540; x_wconf 69' lang='grc' dir='ltr'><strong><em>’τοκετοῑν</em></strong></span> <span class='ocrx_word' id='word_1_312' title='bbox 925 3473 1031 3561; x_wconf 90' lang='grc' dir='ltr'><strong><em>πόροι,</em></strong></span> <span class='ocrx_word' id='word_1_313' title='bbox 1054 3472 1180 3560; x_wconf 85' lang='grc' dir='ltr'><strong><em>αἰγκάλοι</em></strong></span> <span class='ocrx_word' id='word_1_314' title='bbox 1195 3481 1377 3557; x_wconf 70' lang='grc' dir='ltr'><strong><em>Συμεῶνος,</em></strong></span> <span class='ocrx_word' id='word_1_315' title='bbox 1405 3471 1487 3538; x_wconf 62' lang='lat' dir='ltr'><strong><em>”Ar</em></strong></span> 
     </span>
     <span class='ocr_line' id='line_1_30' title="bbox 328 3573 1489 3664; baseline 0.003 -21"><span class='ocrx_word' id='word_1_316' title='bbox 328 3605 382 3660; x_wconf 78' lang='grc' dir='ltr'><strong><em>ιης</em></strong></span> <span class='ocrx_word' id='word_1_317' title='bbox 398 3573 548 3660; x_wconf 78' lang='grc' dir='ltr'><strong><em>άποδοηή,</em></strong></span> <span class='ocrx_word' id='word_1_318' title='bbox 570 3582 695 3662; x_wconf 87' lang='grc' dir='ltr'><strong><em>Μαρίας</em></strong></span> <span class='ocrx_word' id='word_1_319' title='bbox 713 3575 898 3662; x_wconf 83' lang='grc' dir='ltr'><strong><em>βασταγμός,</em></strong></span> <span class='ocrx_word' id='word_1_320' title='bbox 920 3586 973 3661; x_wconf 79' lang='grc' dir='ltr'><strong><em>τῆς</em></strong></span> <span class='ocrx_word' id='word_1_321' title='bbox 988 3577 1103 3664; x_wconf 86' lang='grc' dir='ltr'><strong><em>πόρνης</em></strong></span> <span class='ocrx_word' id='word_1_322' title='bbox 1122 3575 1215 3658; x_wconf 82' lang='grc' dir='ltr'><strong><em>άφαλ,</em></strong></span> <span class='ocrx_word' id='word_1_323' title='bbox 1237 3583 1330 3660; x_wconf 78' lang='grc' dir='ltr'><strong><em>τρίχες</em></strong></span> <span class='ocrx_word' id='word_1_324' title='bbox 1345 3573 1489 3662; x_wconf 70' lang='grc' dir='ltr'><strong><em>γυναικός</em></strong></span> 
     </span>
     <span class='ocr_line' id='line_1_31' title="bbox 329 3677 1488 3766; baseline -0.002 -21"><span class='ocrx_word' id='word_1_325' title='bbox 329 3684 433 3746; x_wconf 76' lang='grc' dir='ltr'><strong><em>ποδοῖν</em></strong></span> <span class='ocrx_word' id='word_1_326' title='bbox 451 3677 630 3762; x_wconf 79' lang='grc' dir='ltr'><strong><em>άπτόμεναις</em></strong></span> <span class='ocrx_word' id='word_1_327' title='bbox 652 3679 724 3744; x_wconf 86' lang='grc' dir='ltr'><strong><em>άλλά</em></strong></span> <span class='ocrx_word' id='word_1_328' title='bbox 744 3677 780 3744; x_wconf 89' lang='grc' dir='ltr'><strong><em>τά</em></strong></span> <span class='ocrx_word' id='word_1_329' title='bbox 796 3678 930 3766; x_wconf 88' lang='grc' dir='ltr'><strong><em>δάκρυα,</em></strong></span> <span class='ocrx_word' id='word_1_330' title='bbox 954 3679 1025 3745; x_wconf 86' lang='grc' dir='ltr'><strong><em>αἰλλά</em></strong></span> <span class='ocrx_word' id='word_1_331' title='bbox 1042 3683 1195 3764; x_wconf 80' lang='grc' dir='ltr'><strong><em>μνήματος</em></strong></span> <span class='ocrx_word' id='word_1_332' title='bbox 1213 3683 1247 3746; x_wconf 83' lang='grc' dir='ltr'><strong><em>αλ</em></strong></span> <span class='ocrx_word' id='word_1_333' title='bbox 1259 3682 1377 3756; x_wconf 81' lang='grc' dir='ltr'><strong><em>θέσειςς</em></strong></span> <span class='ocrx_word' id='word_1_334' title='bbox 1424 3683 1488 3743; x_wconf 84' lang='grc' dir='ltr'><strong><em>Σιε-</em></strong></span> 
     </span>
     <span class='ocr_line' id='line_1_32' title="bbox 328 3779 1489 3870; baseline -0.001 -22"><span class='ocrx_word' id='word_1_335' title='bbox 328 3782 391 3848; x_wconf 79' lang='grc' dir='ltr'><strong><em>δοδν</em></strong></span> <span class='ocrx_word' id='word_1_336' title='bbox 405 3782 461 3870; x_wconf 89' lang='grc' dir='ltr'><strong><em>γάρ</em></strong></span> <span class='ocrx_word' id='word_1_337' title='bbox 476 3781 593 3866; x_wconf 85' lang='grc' dir='ltr'><strong><em>ελλήσας</em></strong></span> <span class='ocrx_word' id='word_1_338' title='bbox 604 3780 638 3848; x_wconf 92' lang='grc' dir='ltr'><strong><em>τό</em></strong></span> <span class='ocrx_word' id='word_1_339' title='bbox 652 3791 736 3866; x_wconf 77' lang='grc' dir='ltr'><strong><em>σῶμα</em></strong></span> <span class='ocrx_word' id='word_1_340' title='bbox 751 3779 845 3848; x_wconf 75' lang='grc' dir='ltr'><strong><em>αὐτοῦ</em></strong></span> <span class='ocrx_word' id='word_1_341' title='bbox 859 3781 897 3849; x_wconf 84' lang='grc' dir='ltr'><strong><em>οό</em></strong></span> <span class='ocrx_word' id='word_1_342' title='bbox 911 3785 1090 3868; x_wconf 88' lang='grc' dir='ltr'><strong><em>περιεγένετο</em></strong></span> <span class='ocrx_word' id='word_1_343' title='bbox 1107 3785 1221 3850; x_wconf 85' lang='grc' dir='ltr'><strong><em>ἐκείνου</em></strong></span> <span class='ocrx_word' id='word_1_344' title='bbox 1237 3789 1291 3849; x_wconf 84' lang='grc' dir='ltr'><strong><em>τοῦ</em></strong></span> <span class='ocrx_word' id='word_1_345' title='bbox 1304 3780 1489 3866; x_wconf 74' lang='grc' dir='ltr'><strong><em>άτραιφνοδς</em></strong></span> 
     </span>
     <span class='ocr_line' id='line_1_33' title="bbox 328 3883 1488 3973; baseline -0.003 -21"><span class='ocrx_word' id='word_1_346' title='bbox 328 3887 380 3952; x_wconf 87' lang='grc' dir='ltr'><strong><em>καλ</em></strong></span> <span class='ocrx_word' id='word_1_347' title='bbox 394 3893 448 3968; x_wconf 78' lang='grc' dir='ltr'><strong><em>τῆς</em></strong></span> <span class='ocrx_word' id='word_1_348' title='bbox 464 3883 559 3951; x_wconf 78' lang='grc' dir='ltr'><strong><em>αὐτοῦ</em></strong></span> <span class='ocrx_word' id='word_1_349' title='bbox 575 3891 710 3971; x_wconf 87' lang='grc' dir='ltr'><strong><em>μεγίστης</em></strong></span> <span class='ocrx_word' id='word_1_350' title='bbox 732 3886 894 3969; x_wconf 88' lang='grc' dir='ltr'><strong><em>δυνάμεως.</em></strong></span> <span class='ocrx_word' id='word_1_351' title='bbox 941 3888 1000 3950; x_wconf 84' lang='grc' dir='ltr'><strong><em>Καί</em></strong></span> <span class='ocrx_word' id='word_1_352' title='bbox 1023 3885 1079 3971; x_wconf 86' lang='grc' dir='ltr'><strong><em>γάρ</em></strong></span> <span class='ocrx_word' id='word_1_353' title='bbox 1105 3888 1149 3952; x_wconf 84' lang='grc' dir='ltr'><strong><em>ἐτι</em></strong></span> <span class='ocrx_word' id='word_1_354' title='bbox 1169 3888 1200 3951; x_wconf 92' lang='grc' dir='ltr'><strong><em>ἐν</em></strong></span> <span class='ocrx_word' id='word_1_355' title='bbox 1220 3889 1315 3973; x_wconf 78' lang='grc' dir='ltr'><strong><em>κοιλίμ</em></strong></span> <span class='ocrx_word' id='word_1_356' title='bbox 1338 3888 1488 3970; x_wconf 66' lang='grc' dir='ltr'><strong><em>τυγχάνον</em></strong></span> 
     </span>
     <span class='ocr_line' id='line_1_34' title="bbox 328 3985 1486 4078; baseline -0.003 -24"><span class='ocrx_word' id='word_1_357' title='bbox 328 3985 468 4072; x_wconf 78' lang='grc' dir='ltr'><strong><em>Ἰωάννης</em></strong></span> <span class='ocrx_word' id='word_1_358' title='bbox 484 3991 618 4074; x_wconf 87' lang='grc' dir='ltr'><strong><em>ἐσκίρτα,</em></strong></span> <span class='ocrx_word' id='word_1_359' title='bbox 647 3993 757 4073; x_wconf 75' lang='grc' dir='ltr'><strong><em>χαίρων</em></strong></span> <span class='ocrx_word' id='word_1_360' title='bbox 775 3991 825 4055; x_wconf 86' lang='grc' dir='ltr'><strong><em>ἐπλ</em></strong></span> <span class='ocrx_word' id='word_1_361' title='bbox 838 3995 875 4078; x_wconf 76' lang='grc' dir='ltr'><strong><em>τῇ</em></strong></span> <span class='ocrx_word' id='word_1_362' title='bbox 890 3995 943 4054; x_wconf 83' lang='grc' dir='ltr'><strong><em>τοῦ</em></strong></span> <span class='ocrx_word' id='word_1_363' title='bbox 956 3987 1103 4054; x_wconf 88' lang='grc' dir='ltr'><strong><em>δεσπότου</em></strong></span> <span class='ocrx_word' id='word_1_364' title='bbox 1121 3987 1216 4054; x_wconf 75' lang='grc' dir='ltr'><strong><em>αὐτοῦ</em></strong></span> <span class='ocrx_word' id='word_1_365' title='bbox 1232 3985 1309 4072; x_wconf 80' lang='grc' dir='ltr'><strong><em>πρός</em></strong></span> <span class='ocrx_word' id='word_1_366' title='bbox 1324 3985 1420 4054; x_wconf 71' lang='grc' dir='ltr'><strong><em>αὐτόν</em></strong></span> <span class='ocrx_word' id='word_1_367' title='bbox 1436 3987 1486 4060; x_wconf 78' lang='grc' dir='ltr'><strong><em>τίς</em></strong></span> 
     </span>
     <span class='ocr_line' id='line_1_35' title="bbox 330 4087 1487 4177; baseline -0.002 -21"><span class='ocrx_word' id='word_1_368' title='bbox 330 4090 409 4176; x_wconf 81' lang='grc' dir='ltr'><strong><em>όδῳ,</em></strong></span> <span class='ocrx_word' id='word_1_369' title='bbox 437 4088 487 4156; x_wconf 87' lang='grc' dir='ltr'><strong><em>διά</em></strong></span> <span class='ocrx_word' id='word_1_370' title='bbox 504 4099 557 4174; x_wconf 82' lang='grc' dir='ltr'><strong><em>τῆς</em></strong></span> <span class='ocrx_word' id='word_1_371' title='bbox 577 4090 802 4176; x_wconf 87' lang='grc' dir='ltr'><strong><em>έγκυμονήσεως</em></strong></span> <span class='ocrx_word' id='word_1_372' title='bbox 821 4098 873 4174; x_wconf 80' lang='grc' dir='ltr'><strong><em>τῆς</em></strong></span> <span class='ocrx_word' id='word_1_373' title='bbox 889 4087 976 4177; x_wconf 84' lang='grc' dir='ltr'><strong><em>άγίας</em></strong></span> <span class='ocrx_word' id='word_1_374' title='bbox 990 4093 1159 4174; x_wconf 83' lang='grc' dir='ltr'><strong><em>παρθένου·</em></strong></span> <span class='ocrx_word' id='word_1_375' title='bbox 1189 4091 1346 4177; x_wconf 85' lang='grc' dir='ltr'><strong><em>γεννηθελς</em></strong></span> <span class='ocrx_word' id='word_1_376' title='bbox 1361 4091 1414 4168; x_wconf 82' lang='grc' dir='ltr'><strong><em>δλ,</em></strong></span> <span class='ocrx_word' id='word_1_377' title='bbox 1441 4087 1487 4154; x_wconf 77' lang='grc' dir='ltr'><strong><em>κτλ</em></strong></span> 
     </span>
    </p>
   </div>
   <div class='ocr_carea' id='block_1_4' title="bbox 326 4257 1488 4602">
    <p class='ocr_par' dir='ltr' id='par_1_6' title="bbox 326 4257 1488 4602">
     <span class='ocr_line' id='line_1_36' title="bbox 363 4257 1487 4330; baseline 0.002 -15"><span class='ocrx_word' id='word_1_378' title='bbox 363 4261 387 4315; x_wconf 81' lang='lat'><strong><em>4.</em></strong></span> <span class='ocrx_word' id='word_1_379' title='bbox 407 4263 472 4315; x_wconf 70' lang='lat' dir='ltr'><strong><em>Libri</em></strong></span> <span class='ocrx_word' id='word_1_380' title='bbox 488 4268 559 4330; x_wconf 76' lang='grc' dir='ltr'><strong><em>υιιίρο</em></strong></span> <span class='ocrx_word' id='word_1_381' title='bbox 577 4257 747 4330; x_wconf 69' lang='grc' dir='ltr'><strong><em>α’ρηλπῑοθαι.</em></strong></span> <span class='ocrx_word' id='word_1_382' title='bbox 960 4264 985 4316; x_wconf 76' lang='grc' dir='ltr'><strong><em>λ.</em></strong></span> <span class='ocrx_word' id='word_1_383' title='bbox 1004 4267 1110 4318; x_wconf 70' lang='lat' dir='ltr'><strong><em>Fortasse</em></strong></span> <span class='ocrx_word' id='word_1_384' title='bbox 1126 4263 1269 4318; x_wconf 81' lang='grc' dir='ltr'><strong><em>τοκετικιῑν.</em></strong></span> <span class='ocrx_word' id='word_1_385' title='bbox 1306 4265 1342 4327; x_wconf 69' lang='lat' dir='ltr'><strong><em>Cf.</em></strong></span> <span class='ocrx_word' id='word_1_386' title='bbox 1359 4265 1425 4326; x_wconf 71' lang='grc' dir='ltr'><strong><em>λκίεο</em></strong></span> <span class='ocrx_word' id='word_1_387' title='bbox 1438 4277 1487 4326; x_wconf 63' lang='grc' dir='ltr'><strong><em>οφ</em></strong></span> 
     </span>
     <span class='ocr_line' id='line_1_37' title="bbox 363 4331 969 4400; baseline 0.003 -18"><span class='ocrx_word' id='word_1_388' title='bbox 363 4333 387 4382; x_wconf 84' lang='grc'><strong><em>5.</em></strong></span> <span class='ocrx_word' id='word_1_389' title='bbox 404 4333 472 4384; x_wconf 77' lang='lat' dir='ltr'><strong><em>Hune</em></strong></span> <span class='ocrx_word' id='word_1_390' title='bbox 487 4335 571 4396; x_wconf 83' lang='grc' dir='ltr'><strong><em>Ιοεειιιι,</em></strong></span> <span class='ocrx_word' id='word_1_391' title='bbox 588 4335 629 4382; x_wconf 72' lang='lat' dir='ltr'><strong><em>ubi</em></strong></span> <span class='ocrx_word' id='word_1_392' title='bbox 645 4339 713 4400; x_wconf 78' lang='grc' dir='ltr'><strong><em>εοεαε,</em></strong></span> <span class='ocrx_word' id='word_1_393' title='bbox 730 4335 832 4396; x_wconf 61' lang='lat' dir='ltr'><strong><em>reperire</em></strong></span> <span class='ocrx_word' id='word_1_394' title='bbox 846 4349 893 4384; x_wconf 86' lang='grc' dir='ltr'><strong><em>ιιοιι</em></strong></span> <span class='ocrx_word' id='word_1_395' title='bbox 926 4331 969 4386; x_wconf 79' lang='lat'><strong><em>36.</em></strong></span> 
     </span>
     <span class='ocr_line' id='line_1_38' title="bbox 326 4393 1488 4468; baseline 0.001 -19"><span class='ocrx_word' id='word_1_396' title='bbox 326 4403 402 4463; x_wconf 77' lang='grc' dir='ltr'><strong><em>ρειαί.</em></strong></span> <span class='ocrx_word' id='word_1_397' title='bbox 960 4401 985 4454; x_wconf 84' lang='grc'><strong><em>3.</em></strong></span> <span class='ocrx_word' id='word_1_398' title='bbox 997 4393 1092 4468; x_wconf 75' lang='grc' dir='ltr'><strong><em>’Λννης</em></strong></span> <span class='ocrx_word' id='word_1_399' title='bbox 1111 4404 1203 4454; x_wconf 67' lang='lat' dir='ltr'><strong><em>restitui</em></strong></span> <span class='ocrx_word' id='word_1_400' title='bbox 1219 4415 1248 4452; x_wconf 83' lang='grc' dir='ltr'><strong><em>ετ</em></strong></span> <span class='ocrx_word' id='word_1_401' title='bbox 1265 4403 1406 4450; x_wconf 66' lang='lat' dir='ltr'>numae</span> <span class='ocrx_word' id='word_1_402' title='bbox 1424 4399 1488 4450; x_wconf 72' lang='grc' dir='ltr'><strong><em>οισι·-</em></strong></span> 
     </span>
     <span class='ocr_line' id='line_1_39' title="bbox 366 4465 1488 4532; baseline -0.004 -15"><span class='ocrx_word' id='word_1_403' title='bbox 366 4465 538 4522; x_wconf 77' lang='grc' dir='ltr'><strong><em>θιν.ΧΧῐΧ.</em></strong></span> <span class='ocrx_word' id='word_1_404' title='bbox 556 4495 588 4510; x_wconf 88' lang='grc'><strong>-</strong></span> <span class='ocrx_word' id='word_1_405' title='bbox 626 4469 647 4520; x_wconf 85' lang='grc' dir='ltr'><strong><em>ί.</em></strong></span> <span class='ocrx_word' id='word_1_406' title='bbox 664 4470 739 4523; x_wconf 81' lang='grc' dir='ltr'><strong><em>τοῦτο</em></strong></span> <span class='ocrx_word' id='word_1_407' title='bbox 753 4471 820 4521; x_wconf 77' lang='grc' dir='ltr'><strong><em>τοδί.</em></strong></span> <span class='ocrx_word' id='word_1_408' title='bbox 837 4483 891 4520; x_wconf 75' lang='lat' dir='ltr'><strong><em>mn.</em></strong></span> <span class='ocrx_word' id='word_1_409' title='bbox 927 4473 960 4520; x_wconf 78' lang='grc' dir='ltr'><strong><em>ελι</em></strong></span> <span class='ocrx_word' id='word_1_410' title='bbox 978 4471 1095 4532; x_wconf 76' lang='grc' dir='ltr'><strong><em>Ρονίιίαλ,</em></strong></span> <span class='ocrx_word' id='word_1_411' title='bbox 1123 4485 1194 4532; x_wconf 78' lang='lat' dir='ltr'><strong><em>quam</em></strong></span> <span class='ocrx_word' id='word_1_412' title='bbox 1210 4471 1320 4531; x_wconf 71' lang='lat' dir='ltr'><strong><em>probavit</em></strong></span> <span class='ocrx_word' id='word_1_413' title='bbox 1336 4473 1407 4518; x_wconf 82' lang='grc' dir='ltr'><strong><em>ειίοιιι</em></strong></span> <span class='ocrx_word' id='word_1_414' title='bbox 1424 4471 1488 4518; x_wconf 71' lang='lat' dir='ltr'><strong><em>m-</em></strong></span> 
     </span>
     <span class='ocr_line' id='line_1_40' title="bbox 329 4529 1486 4602; baseline -0.003 -14"><span class='ocrx_word' id='word_1_415' title='bbox 329 4541 432 4600; x_wconf 83' lang='grc' dir='ltr'><strong><em>υλετηυε.</em></strong></span> <span class='ocrx_word' id='word_1_416' title='bbox 449 4533 537 4591; x_wconf 73' lang='grc' dir='ltr'><strong><em>τούτου</em></strong></span> <span class='ocrx_word' id='word_1_417' title='bbox 554 4539 611 4589; x_wconf 71' lang='lat' dir='ltr'><strong><em>caui</em></strong></span> <span class='ocrx_word' id='word_1_418' title='bbox 627 4540 689 4588; x_wconf 78' lang='grc' dir='ltr'><strong><em>λιυιί.</em></strong></span> <span class='ocrx_word' id='word_1_419' title='bbox 927 4541 986 4590; x_wconf 84' lang='grc' dir='ltr'><strong><em>οιάι.</em></strong></span> <span class='ocrx_word' id='word_1_420' title='bbox 1020 4540 1048 4588; x_wconf 77' lang='lat' dir='ltr'><strong><em>ln</em></strong></span> <span class='ocrx_word' id='word_1_421' title='bbox 1062 4540 1113 4590; x_wconf 84' lang='grc' dir='ltr'><strong><em>εοσ.</em></strong></span> <span class='ocrx_word' id='word_1_422' title='bbox 1129 4541 1176 4590; x_wconf 80' lang='grc' dir='ltr'><strong><em>λιιι</em></strong></span> <span class='ocrx_word' id='word_1_423' title='bbox 1192 4541 1277 4601; x_wconf 67' lang='lat' dir='ltr'><strong><em>lenitur</em></strong></span> <span class='ocrx_word' id='word_1_424' title='bbox 1291 4529 1388 4602; x_wconf 70' lang='grc' dir='ltr'><strong><em>αόὶῆξ,</em></strong></span> <span class='ocrx_word' id='word_1_425' title='bbox 1403 4541 1429 4586; x_wconf 79' lang='grc' dir='ltr'><strong><em>ιτ</em></strong></span> <span class='ocrx_word' id='word_1_426' title='bbox 1439 4535 1486 4585; x_wconf 71' lang='grc' dir='ltr'><strong><em>ινδ.</em></strong></span> 
     </span>
    </p>
   </div>
   <div class='ocr_carea' id='block_1_5' title="bbox 0 0 1544 5026">
    <p class='ocr_par' dir='ltr' id='par_1_7' title="bbox 0 0 1544 5026">
     <span class='ocr_line' id='line_1_41' title="bbox 0 0 1544 5026; baseline 0 0"><span class='ocrx_word' id='word_1_427' title='bbox 0 0 1544 5026; x_wconf 95' lang='lat' dir='ltr'><strong><em> </em></strong></span> 
     </span>
    </p>
   </div>
  </div>
 </body>
</html>
