3082 5006
288 304 293 316 ·
366 299 994 356 ransarturu.rrr.ron.1.nssa.uxx.
1216 291 1255 356 31

98 418 180 482 iunio
200 419 411 483 traducemusl
432 441 497 484 cunt
516 421 667 506 apostolos
684 422 713 484 in
729 422 777 485 illa
787 416 1008 486 Constitutione
1022 422 1061 486 ita
1078 421 1259 507 praecipien-

97 531 143 584 tes
158 521 331 587 audiamusc
364 517 423 602 Qui
440 521 578 586 ulllixerit
595 523 720 586 animam
736 545 817 587 suam
835 521 978 587 dominica
995 524 1058 602 die,
1089 523 1260 588 maledictus

95 633 141 685 est
157 623 227 686 deo.
277 619 408 687 Videsne
425 645 510 706 qoam
531 635 635 688 exacta
650 624 690 686 sit
705 625 762 688 ista
780 625 856 688 ratio
873 645 946 709 quae
964 624 1079 688 illorum
1093 625 1260 690 sententiae

93 727 292 809 oppponitnr,
317 745 383 788 cnm
401 745 441 788 ex
459 726 611 810 apostolici
628 725 738 789 decreti
757 726 904 790 sentientia
921 725 1069 811 negotium
1087 727 1191 791 confici
1207 747 1260 791 ne·

92 829 203 909 queatl
258 823 319 890 seu
343 827 373 889 iu
397 847 486 890 sensu
509 826 762 912 intelligentiaque
787 839 847 890 totu
873 828 951 892 illius
975 827 1120 913 dogmatis
1149 829 1259 892 veritae

93 927 253 1004 consistit,
280 938 309 990 at
330 949 369 991 ex
387 928 548 1013 apostolica
565 929 612 994 illa
634 925 856 994 Constitutione
872 930 979 1014 liquet,
1004 929 1181 994 concordiae
1193 951 1260 1014 gra·

93 1029 132 1092 tia
158 1030 204 1092 sic
231 1049 300 1094 esse
318 1030 486 1108 decretum,
519 1043 551 1094 ut
579 1032 614 1094 ad
636 1029 863 1096 consensionem
886 1031 1108 1108 stabiliendam,
1140 1031 1167 1094 id
1182 1032 1259 1116 qued

93 1152 195 1196 nexus
219 1130 282 1215 ipse
309 1131 452 1195 orationis
473 1133 620 1211 ostendit,
655 1132 680 1197 si
697 1129 812 1196 Pascba
835 1133 1038 1212 celebremus,
1071 1135 1204 1216 adeoque
1230 1143 1262 1196 et

93 1232 133 1296 illi
150 1233 319 1312 eelebrent,
343 1244 408 1317 post
422 1233 639 1318 aequinoctium
654 1233 682 1297 id
698 1235 818 1299 omuino
837 1235 994 1315 iaciamusq
1019 1234 1259 1320 quemadmodum

93 1355 242 1419 persaepe
258 1335 410 1398 nobiscum
426 1335 578 1398 celebrare
592 1336 631 1399 illi
648 1335 756 1399 solent.
802 1332 878 1400 Cum
895 1336 1011 1400 interim
1028 1348 1059 1401 et
1074 1347 1143 1401 ante
1159 1338 1260 1420 aequi-

93 1438 226 1500 noctium
252 1439 419 1500 conlectum
444 1437 471 1500 id
492 1437 529 1500 ab
550 1437 607 1501 illis
626 1447 800 1522 paragodae,
834 1457 899 1501 cunt
919 1439 1056 1502 videlicet
1073 1439 1129 1502 soli
1145 1435 1260 1502 Pascha

92 1559 179 1602 suum
197 1538 321 1602 obeunt.
368 1535 454 1620 Quod
473 1538 499 1602 si
518 1560 573 1603 nos
590 1560 646 1602 uua
665 1539 867 1617 celebremus,
893 1541 922 1602 in
939 1541 1062 1604 eundem
1080 1562 1186 1604 arantum
1203 1541 1259 1604 dun

92 1637 244 1704 Pascbata
271 1640 357 1704 nubis
388 1641 557 1719 incurrent,
598 1652 667 1704 ante
691 1639 846 1718 videlicet,
885 1652 1003 1726 etpost
1029 1643 1257 1726 aequinoctium.

91 1741 171 1806 Tum
194 1763 276 1806 anno
292 1753 435 1827 sequente
460 1763 497 1806 ne
517 1763 605 1806 unum
622 1741 737 1828 quidem
754 1743 966 1806 celebrabitur:
1000 1764 1093 1828 eoque
1113 1745 1198 1808 modo
1216 1745 1260 1808 in·

92 1845 231 1908 stitutum
256 1864 344 1908 omne
368 1857 499 1908 nostrum
529 1864 644 1908 summo
669 1865 734 1907 cum
760 1864 863 1908 errore
887 1844 1072 1910 coniunctam
1099 1847 1261 1910 averitate

94 1947 214 2032 penitus
230 1945 414 2010 abhorrebit.
451 1943 568 2008 Etenim
584 1956 652 2009 ante
669 1945 886 2029 aequinoctium
904 1948 1031 2010 nondum
1047 1968 1143 2011 annus
1158 1948 1260 2033 imple·

94 2059 142 2112 tus
158 2058 224 2126 αις
248 2068 345 2131 neque
364 2048 524 2131 legitimum
541 2047 724 2110 circuitionis
740 2045 817 2110 illius
836 2057 968 2131 tempus,
999 2051 1075 2132 quod
1094 2071 1112 2114 a
1134 2051 1190 2112 deo
1209 2051 1260 2112 bo-

92 2149 224 2214 minibus
239 2149 445 2234 preestitutum
459 2159 518 2229 est,
542 2151 708 2214 carleolum
724 2160 853 2234 putatur,
872 2149 929 2214 nisi
944 2150 1161 2234 aequinoctium
1175 2171 1257 2236 prae·

95 2253 224 2316 terierit.
755 2267 764 2284 ¹

181 2353 249 2438 Qua
267 2354 305 2416 dc
321 2373 354 2416 re
373 2352 455 2437 plura
473 2373 490 2415 a
509 2351 593 2416 uobis
611 2351 835 2416 commemorari
856 2361 989 2436 possent,
1013 2374 1052 2416 ex
1070 2352 1175 2437 quibus
1190 2373 1260 2417 con·
1274 2363 1405 2434 espxtt.

93 2467 188 2520 staret
214 2455 343 2518 maiores
366 2465 484 2518 nostros
505 2453 700 2518 suluberrimo
722 2453 865 2532 consilio,
897 2453 961 2518 sire
987 2455 1083 2538 potins
1102 2457 1187 2518 deum
1209 2475 1261 2540 per

95 2557 162 2621 illos
187 2555 405 2640 religiosissimi
430 2555 507 2619 illius
532 2575 567 2619 ac
594 2555 772 2619 sanctissimi
802 2555 858 2619 diei
884 2556 1050 2619 celebrandi
1073 2555 1260 2620 accuratissi-

95 2679 171 2722 mum
193 2658 350 2722 tradidisse
377 2656 541 2735 rationem,
574 2666 605 2720 nt
625 2655 760 2719 nimirum
792 2667 858 2741 post
881 2657 1097 2740 aequinoctium
1122 2657 1258 2735 iniretur,

94 2760 213 2844 quotics
242 2759 329 2842 lunae
358 2759 470 2823 decima
499 2769 602 2844 quarta
631 2757 693 2821 dies
722 2757 884 2835 iunideret,
919 2779 976 2822 non
1002 2769 1033 2822 ut
1055 2759 1117 2844 ipsa
1147 2759 1260 2822 decima

94 2872 199 2947 quarta
226 2871 396 2946 peragatur.
441 2859 520 2924 Nam
543 2857 643 2924 ludaei
667 2859 782 2944 quidam
807 2863 923 2922 urticam
945 2861 1021 2924 diem
1042 2862 1220 2938 observant3
1242 2880 1261 2923 a

95 2963 183 3028 uobis
204 2983 276 3027 vero
294 2985 352 3026 noar
375 2963 479 3040 unius,
511 2963 563 3024 sed
585 2961 721 3044 integrae
745 2961 933 3024 hebdomadis
952 2961 1085 3026 habenda
1104 2962 1179 3025 ratio
1201 2975 1257 3025 est.

96 3063 146 3130 (lb
170 3065 198 3128 id
224 3066 274 3128 lert
297 3065 358 3149 ipsa
380 3065 462 3126 velut
483 3075 598 3149 tempus
625 3063 808 3143 diffundens,
840 3068 1013 3144 Accrpr’etr'r,
1047 3063 1158 3146 inquit,
1182 3065 1339 3126 colmane
1351 3073 1409 3131 tal·

95 3187 203 3246 σμιαιι
223 3169 404 3240 unnrbulurn,
436 3169 660 3239 emmecalutunn,
690 3169 864 3249 perfectam,
896 3170 1042 3227 odeer'rnn
1069 3167 1115 3226 dre
1143 3169 1256 3238 maneb,

96 3289 177 3350 quera
201 3290 251 3330 oua
265 3269 415 3330 servabitis
440 3271 583 3348 usquead
603 3271 736 3328 doctinam
754 3279 902 3348 quartum,-
935 3277 964 3328 et
984 3267 1162 3328 rinmulubr'tu's
1179 3269 1259 3328 illurn

96 3375 137 3434 ad
159 3391 303 3452 vesperem
326 3373 434 3432 decimo
455 3379 558 3450 quarto
579 3371 626 3428 dte
650 3372 770 3440 menreb,
803 3367 858 3430 boc
878 3366 1039 3431 estlunac.
1084 3364 1215 3431 Proinde
1230 3367 1259 3429 id

97 3473 245 3536 ecclesiae
261 3470 446 3534 consuetudo
465 3469 573 3532 retinet
595 3479 626 3532 ut
642 3464 798 3532 Pascbatis
819 3471 943 3545 loetum,
968 3467 1023 3531 boc
1041 3479 1086 3531 est
1104 3469 1261 3534 bebdoma-

97 3575 164 3636 dem
181 3573 219 3636 ab
237 3573 379 3657 apostolis
403 3571 433 3634 in
451 3570 500 3636 illa
518 3565 738 3634 Constitutione
762 3570 941 3652 praelixam,
974 3590 991 3633 a
1009 3571 1137 3634 secunda
1155 3570 1261 3634 sabba·

97 3685 195 3739 torum
216 3675 368 3738 celebrare
389 3673 528 3758 incipiat,
562 3693 637 3755 quae
656 3671 720 3736 dies
735 3672 803 3754 agni
821 3683 865 3735 est
882 3670 1021 3757 emptioni
1037 3671 1125 3734 dicta.
1172 3668 1259 3754 erod

97 3773 232 3842 sinV.
250 3776 336 3839 lunae
352 3775 415 3838 dies
433 3775 465 3838 in
486 3771 526 3838 ll.
545 3773 731 3838 sabbatorum
757 3772 886 3850 inscidat,
919 3772 1046 3836 indidem
1069 3772 1138 3856 agni
1158 3773 1260 3835 immo-

97 3879 175 3942 landi
201 3887 316 3960 tempus
339 3877 458 3962 incipit3
490 3875 554 3938 sive
571 3873 600 3936 in
618 3871 674 3936 lll.
691 3873 899 3952 sabbatorum,
923 3876 987 3939 sire
1003 3873 1034 3938 in
1053 3871 1124 3951 lV.,
1147 3873 1212 3936 sire
1229 3871 1259 3934 in

98 3976 154 4058 V.,
177 3977 244 4044 sire
262 3977 292 4042 iu
311 3999 508 4064 parasceuen,
532 3975 597 4040 sire
612 3975 641 4038 iu
658 3975 810 4042 sabbatum
828 3976 941 4061 ipsumq
963 3974 1196 4060 quandoquidem
1215 3969 1259 4037 Vl

99 4187 247 4248 Epiphanius
270 4188 303 4232 est
326 4183 397 4232 ellum
418 4195 475 4232 ιιιιιι
495 4183 520 4231 la
543 4181 614 4242 Epist.
632 4180 665 4228 od
698 4183 766 4230 uertlt
782 4177 806 4228 in
824 4177 934 4228 medium
951 4175 1032 4243 agitur
1047 4173 1203 4226 merificium.

99 4256 228 4313 dsuetum,
244 4257 267 4302 rt
281 4251 347 4312 tosto
364 4263 417 4311 cup.
434 4249 469 4298 ts.
732 4247 755 4300 q,
774 4248 841 4298 trem
856 4247 926 4308 rndpo
943 4243 980 4298 bb

132 4321 157 4370 ⁸2.
176 4321 252 4370 reato
275 4312 289 4370 ὁ
310 4311 387 4381 νόμος
402 4318 488 4365 embra
512 4320 566 4365 sunt
587 4317 612 4365 ln
626 4315 662 4366 ecl
732 4317 756 4368 b.
772 4311 883 4379 rerpclcq
908 4313 962 4362 edtt.
981 4314 1058 4373 prtuc.
1078 4307 1188 4378 τετράδα
1210 4313 1261 4364 cod.

101 4387 181 4466 ΡΜ·
199 4387 311 4466 ‘mli‘
327 4388 396 4444 ''m''
696 4417 795 4478 nasuta.
812 4381 915 4477 respa&
929 4413 979 4461 cod
1000 4413 1048 4464 len.

133 4454 158 4506 d.
182 4456 220 4504 lto
246 4454 301 4502 ltbrs
328 4465 414 4501 onnes.
441 4451 523 4504 Peter.
541 4453 663 4500 ennmcutt
730 4481 747 4535 6
902 4477 909 4496 .
977 4481 1038 4532 md

103 4518 256 4582 „Commius
277 4518 340 4586 legit
362 4515 399 4580 sle
423 4517 529 4586 plear-‘¹
563 4520 587 4570 la
602 4521 664 4570 enlm
749 4483 960 4550 ’προσαββατω
1038 4495 1117 4534 '⁰¹⁸⁸‘
