3042 5016
303 363 440 415 rameru
458 363 579 414 maru.
596 361 679 414 rom.
691 363 711 412 1.
730 361 831 414 naue.
843 361 963 414 cxxvi.
1150 349 1211 414 313

56 503 112 548 nou
128 481 264 548 omnibus
281 481 418 548 divinitas
432 465 594 562 tribulatur,
618 483 670 548 sed
689 482 739 546 uni
757 503 827 568 prae
844 482 969 563 ceteris,
1001 492 1137 568 quaeest
1155 503 1213 548 uon

54 587 84 652 in
101 586 230 652 trinitate
246 585 400 666 divinitus,
424 586 491 671 quid
509 585 625 649 taudem
642 585 763 669 egregio
777 584 818 649 illi
836 585 1036 670 relinquetur,
1061 607 1118 670 qun
1134 584 1213 650 veri·

55 689 122 754 tatis
146 689 213 752 liliis
244 698 388 754 terrorem
412 686 693 772 admirationemque
718 687 811 772 possit
832 688 985 752 incutere?
1039 684 1099 752 Sed
1122 699 1153 752 et
1170 688 1213 752 al-

54 803 117 856 tera
135 791 170 856 ab
189 791 282 854 altera
305 789 499 878 discrepabit,
531 811 567 855 ec
584 790 659 874 quod
684 789 800 855 trinitas
822 800 922 870 creat,
955 800 1053 854 cetera
1078 811 1150 854 vcro
1175 791 1211 855 ab

52 895 116 980 ipsa
132 905 272 958 creantur
285 893 395 958 omnia.
442 890 494 957 llla
510 892 617 958 nullius
631 891 793 957 dominatui
808 893 940 958 subiecta
955 904 1020 972 est,
1045 893 1118 958 hace
1136 893 1213 960 illius

52 995 189 1084 potestati
216 1005 285 1060 sunt
307 995 435 1060 subdita.
488 994 536 1059 Ad
562 995 635 1060 lraec
659 995 716 1060 ista
741 995 950 1060 mutationibus
975 995 1105 1062 obnoxia
1129 1006 1211 1076 sunt,

51 1099 102 1164 illo
127 1109 229 1184 suapte
257 1109 361 1162 natura
384 1097 573 1162 immutabilis
596 1109 674 1184 cst,¹
699 1108 729 1162 et
751 1097 893 1162 iuferiora
918 1099 1016 1164 omnio
1040 1109 1210 1180 commutat,

51 1223 175 1288 quorum
192 1211 313 1265 naturas
329 1211 360 1264 et
377 1201 559 1266 substautias
576 1221 592 1265 e
609 1200 699 1265 nihilo
716 1201 878 1286 producere
896 1213 1004 1288 potest.
1050 1199 1115 1268 llcc
1133 1201 1210 1264 enim

51 1307 108 1369 deo
129 1303 283 1389 congruit,
317 1313 348 1367 ut
364 1324 403 1367 ex
426 1304 505 1368 nulla
529 1303 677 1368 substrata
701 1304 823 1368 materia
844 1314 871 1367 et
890 1325 929 1368 ex
948 1304 1037 1368 nihilo
1055 1305 1211 1390 producta·

50 1430 115 1473 rum
133 1428 150 1473 o
169 1427 203 1472 sc
219 1427 317 1472 rerum
341 1427 376 1470 ac
391 1406 613 1472 subsistentium
633 1405 766 1472 ordinem
789 1407 1068 1492 dispositionemque
1091 1429 1144 1495 pro
1158 1429 1211 1474 sua

49 1512 204 1576 rclnntnte
227 1517 329 1574 mutet.

136 1611 218 1676 Aetii
238 1608 335 1698 Caput
354 1613 473 1676 XXXV.
527 1609 751 1678 Staubsnnua
774 1612 870 1678 omnis
896 1613 1026 1696 ingenita
1051 1625 1114 1692 est,
1147 1634 1213 1700 per·

47 1717 118 1780 inde
138 1726 168 1778 et
185 1716 263 1780 oulla
281 1715 432 1780 variabilis
447 1724 505 1778 est.
552 1712 638 1798 erod
663 1715 688 1780 si
712 1715 823 1780 veriori
848 1715 1010 1780 substantia
1029 1737 1087 1780 non
1102 1727 1210 1801 potest,

47 1839 158 1906 agere,
191 1829 220 1882 ct
236 1818 295 1904 pati
311 1819 347 1883 ad
366 1818 515 1882 lurtuitum
536 1820 680 1902 quendem
700 1839 799 1882 casum
820 1819 976 1882 referenda
998 1829 1078 1882 suut.
1124 1815 1211 1901 Quod

46 1922 71 1985 si
90 1921 184 1986 multa
201 1931 270 1984 sunt
293 1921 424 2005 ingenite
448 1931 478 1984 et
495 1919 699 2000 invariabilis,
735 1920 814 1985 nullo
834 1931 915 1986 certo
931 1943 949 1984 a
964 1941 997 1986 se
1015 1921 1142 1986 inuicem
1160 1943 1214 1986 un·

45 2046 135 2089 mero
164 2022 383 2109 discrepnlrunt.
439 2020 546 2108 Neque
574 2023 651 2088 cuim
677 2021 884 2108 cumprehendi
910 2043 1032 2087 nnmero
1061 2034 1211 2110 poterunt,

45 2147 125 2212 qnae
152 2128 200 2190 rel
222 2125 375 2205 absolute,
407 2125 456 2190 vel
477 2125 573 2210 alique
600 2146 640 2189 ex
665 2136 747 2210 parte
770 2125 927 2205 differunt,
960 2147 1025 2190 cum
1048 2125 1212 2190 differentia

44 2229 147 2294 omnis
163 2227 375 2292 determinatae
398 2248 522 2292 caussae
538 2228 567 2292 in
583 2227 714 2314 ingenita
734 2238 837 2292 natura
861 2229 943 2292 velut
960 2228 1129 2296 attributam
1147 2249 1213 2293 scr·

44 2343 105 2398 tem
131 2331 290 2416 signilicet.

136 2429 261 2500 Coniut.
288 2434 408 2496 XXXV.
462 2429 533 2497 Nou
557 2433 652 2498 nmrris
675 2431 840 2498 substantia
866 2434 998 2519 ingenita
1021 2434 1076 2498 dici
1101 2444 1210 2520 potest,

41 2539 124 2624 quod
142 2537 191 2600 vel
209 2537 308 2600 animo
326 2534 483 2621 concipere
500 2535 635 2601 stolidum
655 2547 717 2614 est,
749 2547 836 2622 atquc
853 2537 889 2601 ab
906 2538 1056 2622 gentilium
1073 2537 1213 2622 ignoran-

42 2641 85 2705 tia
101 2661 141 2704 cu
158 2639 206 2703 vel
223 2637 365 2724 cogitatio
383 2641 430 2701 vel
446 2639 594 2702 sententia
610 2639 822 2724 proficiscitur,
855 2641 919 2704 sive
937 2640 1123 2720 affirmando,
1147 2640 1212 2704 sive

42 2741 263 2827 interrogando
280 2741 375 2806 solum
392 2739 498 2804 Aetius
516 2741 571 2804 ista
588 2740 754 2827 protulerit.
800 2739 984 2828 Quamquam
1001 2741 1213 2828 interrogando

40 2846 124 2910 istud
144 2845 261 2930 quidem
279 2863 439 2928 usurpasse
459 2843 584 2908 videtur.
632 2842 733 2928 Quare
758 2843 972 2930 degentilibus
995 2846 1052 2910 iste
1079 2846 1213 2912 sciscite-

40 2960 114 3027 tur,
149 2957 238 3032 utque
255 2945 291 3010 ab
306 2945 365 3011 illis
384 2946 459 3024 lroc,
491 2946 567 3031 quod
589 2947 618 3009 in
633 2948 867 3032 interrogatione
886 2969 940 3013 sua
958 2970 998 3012 ex
1013 2949 1214 3014 ratiocinatio·

39 3051 134 3115 cibus
160 3049 284 3114 collecta
307 3048 423 3135 posuit,
457 3049 636 3114 concedatur
663 3049 756 3126 ultro,
789 3051 939 3115 materiam
965 3071 1033 3116 esse
1054 3052 1212 3136 quendam,

36 3175 121 3238 quae
142 3163 277 3238 tempore
300 3151 440 3214 eumden
463 3150 502 3214 sit
524 3151 672 3236 nequalisq
706 3152 758 3216 scd
778 3162 809 3216 et
826 3175 884 3218 uua
907 3175 971 3218 cum
989 3153 1047 3218 illis
1062 3155 1164 3218 eadem
1187 3154 1213 3220 si

35 3257 159 3322 sentiat
180 3254 375 3318 convincatur
397 3253 516 3318 Attius.
561 3251 639 3318 Nam
669 3253 780 3318 veritas
804 3257 919 3340 quidem
947 3256 1010 3342 ipsa
1034 3279 1119 3321 uuam
1145 3277 1212 3322 esse

34 3368 151 3423 censet
167 3356 341 3422 efficientem
365 3377 519 3433 caussamc
553 3357 629 3440 quod
646 3356 675 3419 in
694 3377 752 3422 una
769 3367 799 3420 et
816 3359 916 3422 cadem
935 3359 1098 3424 substantia
1116 3363 1214 3446 perle-

32 3473 85 3526 cta
107 3461 230 3524 trinitas
246 3459 310 3523 siue
326 3458 383 3522 ulla
401 3458 577 3522 confusione
593 3469 775 3523 numeretur.
822 3457 948 3544 Reliqua
965 3481 1036 3526 vero
1053 3463 1150 3526 omnia
1169 3465 1212 3527 la·

31 3577 84 3628 cta
117 3585 156 3628 ac
183 3573 339 3648 procreata
362 3572 451 3640 sunt,
483 3583 541 3626 nnn
565 3561 713 3648 ingenita,
745 3561 882 3626 diviuitas
904 3583 976 3626 reru
997 3586 1014 3629 a
1033 3566 1112 3631 nullo
1129 3586 1212 3630 crea·
1287 3607 1290 3614 .

31 3678 106 3746 tur,
146 3665 200 3731 sed
219 3675 301 3751 pater
328 3663 438 3750 gignit,
473 3664 549 3728 lilius
575 3665 692 3748 genitus
719 3675 783 3745 est;
814 3665 1072 3752 spiritusseuctus
1091 3688 1108 3731 a
1129 3679 1212 3755 putre

28 3772 237 3846 missusest,
268 3778 332 3832 eta
352 3767 411 3831 lilio
430 3767 553 3853 accipite
586 3777 684 3832 cetera
704 3789 778 3831 vcro
797 3779 898 3832 creata
918 3781 1005 3850 sunt3
1037 3781 1124 3856 atque
1148 3772 1210 3855 ipsc

27 3875 113 3939 dens
141 3869 333 3936 immutabilis
357 3869 465 3933 virtute
491 3890 666 3955 permanens
690 3884 891 3956 congruenter
909 3871 940 3936 iu
961 3873 1091 3938 trinitate
1114 3873 1211 3936 consi·

27 3979 100 4042 stit.
156 3970 298 4040 Ceterum
315 3961 453 4037 diuinitas
466 3971 561 4036 omnis
578 3974 614 4036 ad
633 3984 744 4057 patrem
763 3976 910 4053 relectus,
935 3976 1011 4061 quod
1027 3977 1065 4038 ita
1083 3996 1210 4040 consen·

26 4091 164 4144 tautum
182 4076 238 4155 sit,
272 4076 358 4160 idque
377 4085 406 4138 et
424 4075 460 4138 nd
477 4075 619 4138 unitatem
640 4075 843 4154 retinendam,
877 4087 907 4140 et
922 4077 1123 4162 multiplicium
1140 4080 1210 4144 dcc·

23 4205 99 4246 rum
121 4179 287 4244 vanitatem
307 4179 497 4242 refellendam
520 4178 676 4262 pertineat.
724 4175 776 4242 Sic
794 4180 872 4244 euim
888 4178 1076 4244 immutabilis
1097 4192 1141 4246 cst
1158 4205 1210 4248 rra·

22 4299 124 4351 turae
146 4281 265 4348 divinae
281 4279 389 4357 virtus,
414 4290 446 4344 ut
460 4290 659 4366 congruenter
675 4281 725 4344 lilii
741 4283 777 4345 ad
794 4292 904 4367 patrem
920 4282 1099 4368 spiritusque
1114 4289 1209 4352 sancti

22 4395 246 4454 consentanea
266 4383 341 4447 rotie
362 4383 599 4469 comparatioque
621 4393 771 4446 servetur.
817 4381 902 4468 Quae
929 4405 993 4448 curn
1014 4385 1053 4449 ita
1070 4408 1137 4452 rese
1158 4389 1209 4453 lra-

19 4496 153 4567 beant,
179 4489 328 4572 captiosae
344 4486 423 4550 illius
437 4485 677 4570 interrogationis
700 4499 894 4552 commentum
912 4489 1027 4575 penitus
1046 4489 1206 4560 intercidit.

99 4609 132 4668 6.
155 4601 352 4676 α’νωφερομίνης
367 4609 451 4658 citium
465 4611 497 4660 cst
510 4608 545 4658 ed.
561 4609 643 4662 Petcu.
664 4609 742 4660 colon.
757 4612 828 4674 repet.
