3060 5026
270 375 407 430 eausam
426 372 542 428 utem.
562 374 644 428 nont.
657 375 689 427 u.
706 373 959 428 unsamxxvut.
1130 358 1192 422 42⁸1

49 493 162 560 lladdis
180 513 216 560 ac
230 491 320 560 ludse
344 497 437 581 stirpe
458 495 497 559 sit
515 495 639 560 oriunda
658 493 868 574 Elizabctlsoe,
900 511 976 578 quac
1000 511 1039 556 ex
1057 490 1194 556 Levitioo

48 609 272 684 procreasset,
297 610 421 684 cognata
446 600 552 664 luerit?

122 686 247 766 lacobus
260 699 317 766 istc
331 702 477 765 bracteam
493 699 524 764 iu
540 700 636 786 capite
652 699 757 785 gessit.
803 697 845 762 Et
862 717 928 762 eom
945 695 1100 783 aliquando
1115 706 1194 760 terra
1208 691 1351 761 ⁰⁸1³·le-

47 803 172 868 siccitate
197 803 361 881 laboraret,
385 803 517 886 ¹sublatis
538 803 573 867 ad
598 802 712 868 coelom
736 801 869 866 manibus
894 799 1007 879 oravit,
1040 800 1196 884 statimque

47 906 133 972 luber
152 908 188 972 dc
206 907 290 970 coelo
307 906 425 970 decidit.
470 903 573 970 Leues
591 905 767 968 vestimenta
786 922 933 989 nunqnam
949 903 1053 968 iudnit.
1100 901 1196 966 lluina

46 1029 112 1074 aero
132 1029 228 1094 genua
245 1009 422 1073 camelorum
442 1009 538 1072 instar
554 1008 692 1072 callosam
710 1007 845 1071 duritiem
860 1015 1088 1084 contraxerant,
1120 1003 1197 1089 quod

46 1131 110 1197 prae
124 1111 298 1176 abundantia
317 1111 434 1197 pietatis
450 1111 568 1174 assidue
585 1111 748 1175 illaturam
765 1109 883 1174 domino
897 1109 1040 1174 flecteret.
1086 1105 1196 1192 Quam-

46 1213 139 1278 obrem
159 1233 245 1278 uemo
269 1213 392 1299 amplius
416 1213 533 1299 proprio
560 1213 640 1280 illum
663 1212 782 1278 nominc
805 1212 949 1290 vocabat,
979 1212 1030 1275 sed
1047 1215 1144 1274 lastae
1158 1208 1195 1273 ab

46 1317 174 1381 omuibus
198 1315 407 1403 appellabatur.
453 1315 500 1380 dt
518 1315 591 1380 baec
613 1335 759 1401 nunquam
777 1315 808 1379 in
827 1315 939 1380 balucis
958 1313 1046 1392 lavit,
1077 1312 1114 1376 ab
1133 1311 1196 1375 aoi-

45 1431 117 1484 uato
133 1419 214 1484 omni
234 1418 424 1505 temperarit,
455 1429 485 1482 ut
505 1429 592 1484 antea
620 1419 727 1483 dietum
747 1430 810 1498 est3
844 1437 940 1502 nequa
961 1415 1101 1482 sandaliis
1125 1431 1196 1480 usus

45 1533 95 1587 est.
141 1521 267 1607 lleliqua
293 1521 391 1586 omnia
414 1520 616 1607 praetermitto
641 1541 715 1606 quac
734 1522 770 1585 de
789 1521 843 1584 boo
863 1520 948 1599 viro,
981 1521 1074 1604 deque
1096 1518 1197 1582 laudo·

45 1624 89 1688 bili
107 1625 186 1690 vitas
203 1623 282 1688 illius
298 1625 451 1702 instituto,
485 1623 645 1708 quamlibet
664 1625 784 1710 copiose
809 1623 865 1688 dici
884 1632 1018 1707 possunt.
1064 1619 1196 1685 Videsne

44 1749 123 1812 quam
142 1725 261 1812 egregia
277 1725 385 1792 lamilia
400 1725 449 1790 illa
465 1727 560 1790 omnis
576 1726 731 1792 estiteritl
763 1724 842 1790 Nam
860 1727 886 1791 si
905 1725 1018 1812 losepbi
1034 1723 1119 1789 liberi
1138 1723 1197 1788 air·

44 1831 137 1914 gioum
164 1829 295 1894 ordinem
316 1827 398 1894 illum
418 1839 448 1892 et
463 1827 689 1894 Nazaraeorum
708 1830 833 1893 odicium
851 1829 1056 1906 sectabantur,
1088 1835 1197 1913 quanto

43 1931 132 2018 magis
155 1953 251 2000 senex
273 1931 323 1995 illc
340 1932 533 1996 veneratione
560 1931 638 1994 omni
665 1930 852 2016 dignissimus
879 1941 988 1996 castam
1013 1941 1043 1994 et
1059 1930 1197 1994 intactam

43 2035 184 2119 virgiuum
209 2053 392 2100 conservare
415 2044 559 2114 noverat,
590 2043 620 2096 et
644 2032 671 2096 ci
701 2035 764 2098 rasi
790 2034 969 2118 singularem
987 2033 1129 2117 quendam
1147 2029 1200 2094 bo·

43 2159 141 2202 norem
160 2139 293 2218 deferre,
317 2137 393 2220 quod
408 2137 532 2200 salutem
550 2135 698 2200 bominum
715 2137 871 2220 aliquando
889 2136 1093 2200 continuerat?
1137 2131 1198 2200 set

43 2251 71 2302 et
89 2250 195 2304 natura
212 2239 274 2324 ipsa
293 2239 469 2303 documento
487 2238 571 2302 nobis
588 2259 656 2302 esse
673 2249 788 2320 potest,
813 2239 888 2324 quod
906 2249 936 2302 et
953 2239 1058 2304 allecta
1073 2238 1130 2301 iam
1147 2257 1197 2300 ac·

43 2353 99 2406 tate
117 2344 195 2406 lorct
211 2364 246 2406 ac
261 2353 331 2406 natu
347 2342 504 2426 grandior,
530 2361 652 2423 magnus
666 2339 744 2404 inter
762 2341 856 2419 viros,
881 2341 1011 2406 moribus
1029 2340 1139 2417 lidclis,
1163 2359 1198 2404 ao

41 2445 136 2530 specie
163 2444 225 2528 ipsa
248 2443 417 2528 religiosus.
463 2441 510 2508 Dc
533 2464 569 2507 eo
589 2442 693 2528 quippe
716 2453 841 2508 testatur
864 2443 1070 2528 evangelium,
1100 2446 1196 2506 Humi·
1227 2449 1313 2550 spuptp

38 2567 98 2608 nera
113 2550 205 2626 fiebas
224 2551 475 2622 lamentandam,
509 2547 557 2631 qui
579 2546 690 2610 idcirco
710 2546 784 2610 clam
806 2543 960 2631 coniugem
978 2546 1124 2610 dimittere
1139 2556 1200 2608 sta·
1260 2538 1267 2561 ⁹
1308 2536 1315 2551 '

42 2649 158 2714 tuisset.
206 2645 267 2714 Sed
287 2660 319 2713 ut
334 2651 370 2712 ad
388 2649 523 2712 laoobum
540 2649 676 2728 redeam,
711 2647 820 2712 domiui
844 2650 964 2713 lustrem
983 2669 1018 2712 ac
1036 2647 1149 2733 losephi
1166 2647 1200 2710 b·

40 2751 129 2830 lium,
168 2750 215 2814 bic
233 2750 450 2836 Hierosolymis
468 2762 601 2816 mortuus
617 2763 664 2815 est
679 2751 764 2816 annia
781 2761 846 2836 post
864 2751 1069 2816 ascensionem
1089 2749 1199 2815 domini

38 2853 101 2938 plus
120 2855 219 2918 minus
243 2853 346 2938 viginti
369 2863 496 2938 quatuor
515 2855 647 2930 exactis,
678 2875 743 2918 cum
767 2855 831 2940 ipsc
850 2865 968 2918 sextum
989 2864 1020 2918 et
1039 2852 1199 2938 nonagesi·
1281 2893 1291 2912 .

38 2977 114 3020 mum
133 2956 241 3022 aetatis
256 2967 370 3041 ageret.
416 2953 494 3021 fluia
511 2957 589 3021 enim
607 2957 676 3021 lullo
691 2956 806 3042 quidam
824 2968 910 3042 caput
925 2959 1000 3021 lusto
1015 2955 1198 3034 comminuit,

38 3079 101 3124 cum
126 3079 271 3147 praeceps
287 3069 368 3123 esset
386 3079 403 3122 a
424 3060 522 3145 templi
540 3059 694 3146 pinnaculo
711 3060 862 3134 deiectus,
894 3061 945 3124 sed
962 3059 1032 3124 nihil
1046 3059 1199 3122 admodum

40 3161 195 3242 ollensus,
228 3161 423 3247 procumbam
440 3161 469 3224 in
491 3181 587 3246 genua
611 3183 664 3247 pro
688 3162 734 3226 bis
749 3163 822 3247 ipsis
837 3183 853 3225 a
871 3163 974 3247 quibus
993 3159 1200 3248 praecipitatus

39 3265 157 3343 luerat,
188 3263 274 3328 deum
294 3275 430 3350 precatus
446 3275 493 3328 est
510 3264 555 3330 bis
578 3265 695 3344 verbis,
727 3262 850 3329 Dimitte
873 3265 951 3343 illis,
981 3264 1047 3349 quia
1064 3263 1200 3328 nesciunt

38 3369 105 3452 quid
125 3366 251 3432 iaciunt.
297 3363 382 3432 Uude
406 3364 538 3453 Symeon
563 3365 641 3431 illius
661 3387 678 3430 e
696 3387 800 3432 sorore
822 3387 914 3452 nepos
938 3389 972 3432 ao
992 3363 1142 3452 Cleophae
1167 3366 1199 3430 ll·

38 3469 94 3535 lius
108 3471 215 3557 procul
234 3469 353 3534 adstans
371 3470 400 3534 in
420 3469 492 3534 baec
510 3469 601 3534 verba
618 3469 733 3534 locutos
749 3482 811 3549 cat,
844 3474 990 3534 Bambala!
1034 3475 1109 3550 (lead
1127 3473 1199 3551 lopi-

36 3576 121 3638 dr'baca
140 3579 247 3636 a‘nrmn
263 3577 399 3636 domabant
423 3576 578 3654 appetitis?
620 3577 650 3635 Is
663 3593 719 3654 pro
735 3575 812 3634 nodab
832 3577 936 3653 opttina
956 3593 1082 3654 quosque
1093 3591 1196 3654 preco·

37 3689 94 3740 tur.
145 3675 215 3740 lloc
236 3674 326 3759 igitur
347 3675 434 3738 modo
455 3673 598 3759 martyrio
620 3674 790 3759 perfunctus
812 3685 869 3738 est.
941 3729 942 3734 ,

124 3781 187 3844 lam
213 3797 285 3842 vcro
306 3778 331 3842 si
353 3776 467 3861 loseplti
489 3775 565 3840 ilius
588 3787 685 3840 aetate
704 3776 748 3840 sic
768 3787 925 3862 provectus
951 3777 1020 3856 luit,
1054 3779 1118 3861 quis
1134 3775 1198 3841 eius
1217 3789 1278 3860 Gap.
1293 3790 1351 3844 xv.

37 3893 157 3966 patrem
173 3880 349 3958 arbitretur,
375 3879 421 3965 qui
439 3889 495 3942 tam
515 3879 661 3946 horrendo
677 3880 844 3965 spectacula
860 3879 1001 3958 vidisset,
1026 3889 1093 3966 puta
1110 3899 1199 3962 ange·

35 3983 80 4048 loa
99 3984 239 4048 nascenti
257 3983 315 4046 lilio
332 3983 379 4046 dei
397 3982 571 4066 stipatorum
591 4003 624 4045 ao
642 3981 798 4047 satellitum
817 3983 910 4047 officis
929 3992 1132 4068 praestantes,
1164 3999 1199 4044 sc

35 4087 70 4151 dc
85 4085 178 4152 coelo
194 4096 365 4164 cannales,
389 4083 584 4162 abdicantes,
609 4087 707 4147 Glon'a
723 4091 752 4148 ria
767 4090 914 4148 olosericis
928 4091 994 4160 deo,
1027 4096 1058 4146 et
1073 4089 1103 4146 r'n
1117 4095 1196 4148 terro
1209 4097 1293 4154 noca,
1306 4097 1339 4142 tt.

30 4213 111 4271 poa,
150 4195 181 4250 in
197 4191 354 4251 tomentum
376 4189 496 4268 magna
517 4191 665 4263 uoluntas,-
699 4209 764 4251 cum
786 4200 919 4272 pastores
944 4187 1066 4274 insuper
1082 4187 1116 4250 ad
1133 4208 1197 4250 eam

34 4277 210 4377 speluncam
228 4289 257 4354 iu
275 4311 331 4376 qua
349 4285 486 4354 Christus
506 4299 593 4355 natus
614 4301 677 4354 erat
695 4291 910 4370 accessissent,
942 4291 1102 4375 eademque
1125 4311 1198 4353 nnn·

35 4395 185 4470 clament,
216 4413 280 4456 oum
304 4391 393 4473 liaeo,
425 4392 560 4476 iuquam,
594 4403 651 4458 tam
672 4392 840 4458 admiranda
860 4393 990 4479 prodigia
1009 4391 1199 4458 aemiracula

36 4497 187 4582 loaepltus
210 4494 261 4559 illc
283 4513 378 4558 senex
400 4516 434 4558 ao
453 4494 620 4582 decrepitus
638 4496 770 4574 audiret,
803 4496 905 4561 fierine
927 4497 1021 4584 potuit
1040 4507 1142 4561 saneto
1166 4505 1198 4566 ul

68 4633 134 4686 cm.
147 4631 209 4685 xv.
227 4659 258 4670 -
297 4631 317 4684 t.
340 4619 487 4700 abactae
