<?xml version="1.0" encoding="UTF-8"?>
<!DOCTYPE html PUBLIC "-//W3C//DTD XHTML 1.0 Transitional//EN"
    "http://www.w3.org/TR/xhtml1/DTD/xhtml1-transitional.dtd">
<html xmlns="http://www.w3.org/1999/xhtml" xml:lang="en" lang="en">
 <head>
  <title>
</title>
<meta http-equiv="Content-Type" content="text/html;charset=utf-8" />
  <meta name='ocr-system' content='tesseract 3.04.00' />
  <meta name='ocr-capabilities' content='ocr_page ocr_carea ocr_par ocr_line ocrx_word'/>
</head>
<body>
  <div class='ocr_page' id='page_1' title='image "./corporishaerese00oehlgoog_0102.png"; bbox 0 0 3072 5002; ppageno 0'>
   <div class='ocr_carea' id='block_1_1' title="bbox 302 327 1208 397">
    <p class='ocr_par' dir='ltr' id='par_1_1' title="bbox 302 327 1208 397">
     <span class='ocr_line' id='line_1_1' title="bbox 302 327 1208 397; baseline -0.006 -1"><span class='ocrx_word' id='word_1_1' title='bbox 302 344 440 397; x_wconf 80' lang='lat' dir='ltr'><strong>canaan</strong></span> <span class='ocrx_word' id='word_1_2' title='bbox 457 344 579 396; x_wconf 66' lang='lat' dir='ltr'><strong>menn.</strong></span> <span class='ocrx_word' id='word_1_3' title='bbox 596 344 679 396; x_wconf 81' lang='lat' dir='ltr'><strong>ron.</strong></span> <span class='ocrx_word' id='word_1_4' title='bbox 691 345 712 396; x_wconf 87' lang='lat' dir='ltr'><strong>r.</strong></span> <span class='ocrx_word' id='word_1_5' title='bbox 730 343 831 395; x_wconf 79' lang='lat' dir='ltr'><strong>ntes.</strong></span> <span class='ocrx_word' id='word_1_6' title='bbox 844 343 963 396; x_wconf 81' lang='lat' dir='ltr'><strong>uxxnt</strong></span> <span class='ocrx_word' id='word_1_7' title='bbox 1173 327 1208 392; x_wconf 87' lang='lat' dir='ltr'><strong>ut</strong></span> 
     </span>
    </p>
   </div>
   <div class='ocr_carea' id='block_1_2' title="bbox 55 461 1378 3932">
    <p class='ocr_par' dir='ltr' id='par_1_2' title="bbox 61 461 1217 551">
     <span class='ocr_line' id='line_1_2' title="bbox 61 461 1217 551; baseline 0 -26"><span class='ocrx_word' id='word_1_8' title='bbox 61 463 200 543; x_wconf 86' lang='lat' dir='ltr'><strong>convicit,</strong></span> <span class='ocrx_word' id='word_1_9' title='bbox 225 463 461 550; x_wconf 84' lang='lat' dir='ltr'><strong>sapientissimae</strong></span> <span class='ocrx_word' id='word_1_10' title='bbox 478 464 568 528; x_wconf 87' lang='lat' dir='ltr'><strong>divini</strong></span> <span class='ocrx_word' id='word_1_11' title='bbox 581 465 664 529; x_wconf 84' lang='lat' dir='ltr'><strong>verbi</strong></span> <span class='ocrx_word' id='word_1_12' title='bbox 681 464 890 551; x_wconf 84' lang='lat' dir='ltr'><strong>praedicationi</strong></span> <span class='ocrx_word' id='word_1_13' title='bbox 906 465 976 528; x_wconf 83' lang='lat' dir='ltr'><strong>nilail</strong></span> <span class='ocrx_word' id='word_1_14' title='bbox 992 463 1146 528; x_wconf 79' lang='lat' dir='ltr'><strong>admodum</strong></span> <span class='ocrx_word' id='word_1_15' title='bbox 1165 461 1217 525; x_wconf 88' lang='lat' dir='ltr'><strong>tri-</strong></span> 
     </span>
    </p>

    <p class='ocr_par' dir='ltr' id='par_1_3' title="bbox 59 566 1218 756">
     <span class='ocr_line' id='line_1_3' title="bbox 59 566 1217 653; baseline -0.002 -24"><span class='ocrx_word' id='word_1_16' title='bbox 59 567 141 644; x_wconf 88' lang='lat' dir='ltr'><strong>buat,</strong></span> <span class='ocrx_word' id='word_1_17' title='bbox 177 587 273 652; x_wconf 89' lang='lat' dir='ltr'><strong>neque</strong></span> <span class='ocrx_word' id='word_1_18' title='bbox 292 589 331 631; x_wconf 86' lang='lat' dir='ltr'><strong>cx</strong></span> <span class='ocrx_word' id='word_1_19' title='bbox 356 567 423 630; x_wconf 87' lang='lat' dir='ltr'><strong>lidei</strong></span> <span class='ocrx_word' id='word_1_20' title='bbox 448 567 630 653; x_wconf 83' lang='lat' dir='ltr'><strong>praescripto</strong></span> <span class='ocrx_word' id='word_1_21' title='bbox 649 567 773 630; x_wconf 78' lang='lat' dir='ltr'><strong>similem</strong></span> <span class='ocrx_word' id='word_1_22' title='bbox 794 567 923 632; x_wconf 76' lang='lat' dir='ltr'><strong>essentia</strong></span> <span class='ocrx_word' id='word_1_23' title='bbox 947 567 1022 652; x_wconf 83' lang='lat' dir='ltr'><strong>patri</strong></span> <span class='ocrx_word' id='word_1_24' title='bbox 1042 566 1132 629; x_wconf 84' lang='lat' dir='ltr'><strong>lilium</strong></span> <span class='ocrx_word' id='word_1_25' title='bbox 1149 585 1217 628; x_wconf 89' lang='lat' dir='ltr'><strong>esse</strong></span> 
     </span>
     <span class='ocr_line' id='line_1_4' title="bbox 59 669 1218 756; baseline -0.001 -25"><span class='ocrx_word' id='word_1_26' title='bbox 59 671 196 748; x_wconf 85' lang='lat' dir='ltr'><strong>latentur,</strong></span> <span class='ocrx_word' id='word_1_27' title='bbox 223 680 322 754; x_wconf 89' lang='lat' dir='ltr'><strong>utpote</strong></span> <span class='ocrx_word' id='word_1_28' title='bbox 339 671 387 756; x_wconf 91' lang='lat' dir='ltr'><strong>qui</strong></span> <span class='ocrx_word' id='word_1_29' title='bbox 408 672 482 734; x_wconf 88' lang='lat' dir='ltr'><strong>ialso</strong></span> <span class='ocrx_word' id='word_1_30' title='bbox 498 681 610 756; x_wconf 85' lang='lat' dir='ltr'><strong>patrem</strong></span> <span class='ocrx_word' id='word_1_31' title='bbox 633 681 662 732; x_wconf 91' lang='lat' dir='ltr'><strong>et</strong></span> <span class='ocrx_word' id='word_1_32' title='bbox 680 670 769 734; x_wconf 92' lang='lat' dir='ltr'><strong>lilium</strong></span> <span class='ocrx_word' id='word_1_33' title='bbox 787 670 930 755; x_wconf 89' lang='lat' dir='ltr'><strong>appellet,</strong></span> <span class='ocrx_word' id='word_1_34' title='bbox 955 669 1052 753; x_wconf 87' lang='lat' dir='ltr'><strong>reipsa</strong></span> <span class='ocrx_word' id='word_1_35' title='bbox 1074 689 1148 732; x_wconf 88' lang='lat' dir='ltr'><strong>vero</strong></span> <span class='ocrx_word' id='word_1_36' title='bbox 1165 687 1218 730; x_wconf 93' lang='lat' dir='ltr'><strong>ne·</strong></span> 
     </span>
    </p>

    <p class='ocr_par' dir='ltr' id='par_1_4' title="bbox 58 770 1218 960">
     <span class='ocr_line' id='line_1_5' title="bbox 59 770 1218 858; baseline -0.001 -23"><span class='ocrx_word' id='word_1_37' title='bbox 59 794 108 856; x_wconf 90' lang='lat' dir='ltr'><strong>que</strong></span> <span class='ocrx_word' id='word_1_38' title='bbox 124 783 238 857; x_wconf 86' lang='lat' dir='ltr'><strong>patrem</strong></span> <span class='ocrx_word' id='word_1_39' title='bbox 257 793 352 858; x_wconf 90' lang='lat' dir='ltr'><strong>neque</strong></span> <span class='ocrx_word' id='word_1_40' title='bbox 376 773 484 851; x_wconf 78' lang='lat' dir='ltr'><strong>inlitam,</strong></span> <span class='ocrx_word' id='word_1_41' title='bbox 509 775 560 838; x_wconf 89' lang='lat' dir='ltr'><strong>scd</strong></span> <span class='ocrx_word' id='word_1_42' title='bbox 584 787 749 836; x_wconf 82' lang='lat' dir='ltr'><strong>creaturam</strong></span> <span class='ocrx_word' id='word_1_43' title='bbox 772 793 807 836; x_wconf 89' lang='lat' dir='ltr'><strong>ae</strong></span> <span class='ocrx_word' id='word_1_44' title='bbox 826 783 1008 851; x_wconf 85' lang='lat' dir='ltr'><strong>creatorem,</strong></span> <span class='ocrx_word' id='word_1_45' title='bbox 1032 793 1067 834; x_wconf 90' lang='lat' dir='ltr'><strong>ae</strong></span> <span class='ocrx_word' id='word_1_46' title='bbox 1091 770 1143 834; x_wconf 87' lang='lat' dir='ltr'><strong>lilii</strong></span> <span class='ocrx_word' id='word_1_47' title='bbox 1166 791 1218 856; x_wconf 87' lang='lat' dir='ltr'><strong>pa·</strong></span> 
     </span>
     <span class='ocr_line' id='line_1_6' title="bbox 58 874 1217 960; baseline 0 -22"><span class='ocrx_word' id='word_1_48' title='bbox 58 875 163 960; x_wconf 89' lang='lat' dir='ltr'><strong>trisque</strong></span> <span class='ocrx_word' id='word_1_49' title='bbox 186 875 336 940; x_wconf 88' lang='lat' dir='ltr'><strong>notionem</strong></span> <span class='ocrx_word' id='word_1_50' title='bbox 359 897 425 941; x_wconf 90' lang='lat' dir='ltr'><strong>cum</strong></span> <span class='ocrx_word' id='word_1_51' title='bbox 448 877 569 960; x_wconf 88' lang='lat' dir='ltr'><strong>reliquis</strong></span> <span class='ocrx_word' id='word_1_52' title='bbox 591 875 729 960; x_wconf 84' lang='lat' dir='ltr'><strong>operibus</strong></span> <span class='ocrx_word' id='word_1_53' title='bbox 752 875 965 953; x_wconf 83' lang='lat' dir='ltr'><strong>communicet,</strong></span> <span class='ocrx_word' id='word_1_54' title='bbox 997 885 1027 938; x_wconf 92' lang='lat' dir='ltr'><strong>et</strong></span> <span class='ocrx_word' id='word_1_55' title='bbox 1041 874 1157 959; x_wconf 78' lang='lat' dir='ltr'><strong>quoties</strong></span> <span class='ocrx_word' id='word_1_56' title='bbox 1180 893 1217 938; x_wconf 88' lang='lat' dir='ltr'><strong>ee</strong></span> 
     </span>
    </p>

    <p class='ocr_par' dir='ltr' id='par_1_5' title="bbox 57 975 1216 1064">
     <span class='ocr_line' id='line_1_7' title="bbox 57 975 1216 1064; baseline -0.003 -22"><span class='ocrx_word' id='word_1_57' title='bbox 57 979 88 1042; x_wconf 90' lang='lat' dir='ltr'><strong>de</strong></span> <span class='ocrx_word' id='word_1_58' title='bbox 110 1001 141 1041; x_wconf 88' lang='lat' dir='ltr'><strong>re</strong></span> <span class='ocrx_word' id='word_1_59' title='bbox 165 978 266 1064; x_wconf 84' lang='lat' dir='ltr'><strong>agitur</strong></span> <span class='ocrx_word' id='word_1_60' title='bbox 287 979 466 1043; x_wconf 81' lang='lat' dir='ltr'><strong>calumniose</strong></span> <span class='ocrx_word' id='word_1_61' title='bbox 497 979 674 1057; x_wconf 78' lang='lat' dir='ltr'><strong>mentiatur,</strong></span> <span class='ocrx_word' id='word_1_62' title='bbox 707 979 830 1062; x_wconf 88' lang='lat' dir='ltr'><strong>primum</strong></span> <span class='ocrx_word' id='word_1_63' title='bbox 859 978 927 1040; x_wconf 93' lang='lat' dir='ltr'><strong>illud</strong></span> <span class='ocrx_word' id='word_1_64' title='bbox 951 999 1025 1062; x_wconf 90' lang='lat' dir='ltr'><strong>opus</strong></span> <span class='ocrx_word' id='word_1_65' title='bbox 1047 997 1082 1040; x_wconf 88' lang='lat' dir='ltr'><strong>ao</strong></span> <span class='ocrx_word' id='word_1_66' title='bbox 1103 975 1216 1062; x_wconf 86' lang='lat' dir='ltr'><strong>praeci·</strong></span> 
     </span>
    </p>

    <p class='ocr_par' dir='ltr' id='par_1_6' title="bbox 57 1079 1215 1166">
     <span class='ocr_line' id='line_1_8' title="bbox 57 1079 1215 1166; baseline -0.003 -22"><span class='ocrx_word' id='word_1_67' title='bbox 57 1103 137 1166; x_wconf 87' lang='lat' dir='ltr'><strong>puum</strong></span> <span class='ocrx_word' id='word_1_68' title='bbox 155 1101 243 1158; x_wconf 88' lang='lat' dir='ltr'><strong>esse,</strong></span> <span class='ocrx_word' id='word_1_69' title='bbox 268 1081 343 1166; x_wconf 91' lang='lat' dir='ltr'><strong>quud</strong></span> <span class='ocrx_word' id='word_1_70' title='bbox 368 1082 403 1145; x_wconf 91' lang='lat' dir='ltr'><strong>ab</strong></span> <span class='ocrx_word' id='word_1_71' title='bbox 427 1083 490 1166; x_wconf 90' lang='lat' dir='ltr'><strong>ipso</strong></span> <span class='ocrx_word' id='word_1_72' title='bbox 514 1083 619 1145; x_wconf 85' lang='lat' dir='ltr'><strong>lactum</strong></span> <span class='ocrx_word' id='word_1_73' title='bbox 643 1092 709 1159; x_wconf 87' lang='lat' dir='ltr'><strong>est,</strong></span> <span class='ocrx_word' id='word_1_74' title='bbox 733 1091 782 1144; x_wconf 92' lang='lat' dir='ltr'><strong>aut</strong></span> <span class='ocrx_word' id='word_1_75' title='bbox 805 1079 1005 1164; x_wconf 78' lang='lat' dir='ltr'><strong>magnitudine</strong></span> <span class='ocrx_word' id='word_1_76' title='bbox 1023 1079 1215 1156; x_wconf 88' lang='lat' dir='ltr'><strong>antecellens,</strong></span> 
     </span>
    </p>

    <p class='ocr_par' dir='ltr' id='par_1_7' title="bbox 59 1182 1219 1269">
     <span class='ocr_line' id='line_1_9' title="bbox 59 1182 1219 1269; baseline -0.003 -24"><span class='ocrx_word' id='word_1_77' title='bbox 59 1205 90 1246; x_wconf 82' lang='lat' dir='ltr'><strong>ac</strong></span> <span class='ocrx_word' id='word_1_78' title='bbox 111 1183 240 1269; x_wconf 87' lang='lat' dir='ltr'><strong>denique</strong></span> <span class='ocrx_word' id='word_1_79' title='bbox 273 1185 505 1248; x_wconf 86' lang='lat' dir='ltr'><strong>ecclesiasticum</strong></span> <span class='ocrx_word' id='word_1_80' title='bbox 536 1184 700 1269; x_wconf 82' lang='lat' dir='ltr'><strong>inpetrem</strong></span> <span class='ocrx_word' id='word_1_81' title='bbox 734 1183 883 1268; x_wconf 80' lang='lat' dir='ltr'><strong>liliumque</strong></span> <span class='ocrx_word' id='word_1_82' title='bbox 915 1184 1007 1247; x_wconf 84' lang='lat' dir='ltr'><strong>iidem</strong></span> <span class='ocrx_word' id='word_1_83' title='bbox 1035 1203 1092 1247; x_wconf 90' lang='lat' dir='ltr'><strong>non</strong></span> <span class='ocrx_word' id='word_1_84' title='bbox 1116 1182 1219 1244; x_wconf 87' lang='lat' dir='ltr'><strong>eudem</strong></span> 
     </span>
    </p>

    <p class='ocr_par' dir='ltr' id='par_1_8' title="bbox 56 1285 1218 1372">
     <span class='ocr_line' id='line_1_10' title="bbox 56 1285 1218 1372; baseline -0.003 -24"><span class='ocrx_word' id='word_1_85' title='bbox 56 1287 135 1349; x_wconf 86' lang='lat' dir='ltr'><strong>modu</strong></span> <span class='ocrx_word' id='word_1_86' title='bbox 159 1288 340 1372; x_wconf 74' lang='lat' dir='ltr'><strong>profiteatur</strong></span> <span class='ocrx_word' id='word_1_87' title='bbox 361 1309 419 1372; x_wconf 89' lang='lat' dir='ltr'><strong>quo</strong></span> <span class='ocrx_word' id='word_1_88' title='bbox 442 1287 519 1350; x_wconf 89' lang='lat' dir='ltr'><strong>illem</strong></span> <span class='ocrx_word' id='word_1_89' title='bbox 543 1287 627 1350; x_wconf 82' lang='lat' dir='ltr'><strong>nobis</strong></span> <span class='ocrx_word' id='word_1_90' title='bbox 656 1287 781 1372; x_wconf 88' lang='lat' dir='ltr'><strong>apostoli</strong></span> <span class='ocrx_word' id='word_1_91' title='bbox 805 1296 891 1350; x_wconf 89' lang='lat' dir='ltr'><strong>antea</strong></span> <span class='ocrx_word' id='word_1_92' title='bbox 916 1285 1115 1363; x_wconf 79' lang='lat' dir='ltr'><strong>tradiderunt,</strong></span> <span class='ocrx_word' id='word_1_93' title='bbox 1147 1304 1218 1346; x_wconf 86' lang='lat' dir='ltr'><strong>aaa·</strong></span> 
     </span>
    </p>

    <p class='ocr_par' dir='ltr' id='par_1_9' title="bbox 55 1387 1345 1576">
     <span class='ocr_line' id='line_1_11' title="bbox 57 1387 1345 1474; baseline -0.005 -24"><span class='ocrx_word' id='word_1_94' title='bbox 57 1388 145 1451; x_wconf 83' lang='lat' dir='ltr'><strong>thema</strong></span> <span class='ocrx_word' id='word_1_95' title='bbox 168 1389 221 1452; x_wconf 89' lang='lat' dir='ltr'><strong>sit.</strong></span> <span class='ocrx_word' id='word_1_96' title='bbox 266 1395 307 1452; x_wconf 65' lang='grc' dir='ltr'><strong>Ε(</strong></span> <span class='ocrx_word' id='word_1_97' title='bbox 327 1393 401 1452; x_wconf 82' lang='lat' dir='ltr'><strong>e&#39;tlud</strong></span> <span class='ocrx_word' id='word_1_98' title='bbox 421 1402 520 1464; x_wconf 83' lang='lat' dir='ltr'><strong>antea,</strong></span> <span class='ocrx_word' id='word_1_99' title='bbox 553 1400 584 1454; x_wconf 94' lang='lat' dir='ltr'><strong>ut</strong></span> <span class='ocrx_word' id='word_1_100' title='bbox 606 1390 735 1474; x_wconf 90' lang='lat' dir='ltr'><strong>loquitur</strong></span> <span class='ocrx_word' id='word_1_101' title='bbox 756 1387 924 1474; x_wconf 87' lang='lat' dir='ltr'><strong>apostulus,</strong></span> <span class='ocrx_word' id='word_1_102' title='bbox 952 1392 1163 1471; x_wconf 69' lang='lat' dir='ltr'><strong>praedicamus,</strong></span> <span class='ocrx_word' id='word_1_103' title='bbox 1187 1397 1218 1448; x_wconf 85' lang='lat' dir='ltr'><strong>ct</strong></span> <span class='ocrx_word' id='word_1_104' title='bbox 1233 1403 1313 1458; x_wconf 68' lang='lat' dir='ltr'><strong>cetu,</strong></span> <span class='ocrx_word' id='word_1_105' title='bbox 1324 1401 1345 1445; x_wconf 89' lang='lat' dir='ltr'><strong>t.</strong></span> 
     </span>
     <span class='ocr_line' id='line_1_12' title="bbox 55 1483 1217 1576; baseline -0.001 -23"><span class='ocrx_word' id='word_1_106' title='bbox 55 1514 123 1554; x_wconf 80' lang='lat' dir='ltr'><strong>ausc</strong></span> <span class='ocrx_word' id='word_1_107' title='bbox 141 1497 236 1554; x_wconf 80' lang='lat' dir='ltr'><strong>denso</strong></span> <span class='ocrx_word' id='word_1_108' title='bbox 253 1499 421 1574; x_wconf 78' lang='lat' dir='ltr'><strong>repetimus,</strong></span> <span class='ocrx_word' id='word_1_109' title='bbox 447 1515 482 1555; x_wconf 88' lang='lat' dir='ltr'><strong>ae</strong></span> <span class='ocrx_word' id='word_1_110' title='bbox 501 1493 672 1557; x_wconf 90' lang='lat' dir='ltr'><strong>necessario</strong></span> <span class='ocrx_word' id='word_1_111' title='bbox 695 1513 932 1559; x_wconf 79' lang='lat' dir='ltr'><strong>commonemuse</strong></span> <span class='ocrx_word' id='word_1_112' title='bbox 959 1489 991 1556; x_wconf 87' lang='lat' dir='ltr'><strong>Si</strong></span> <span class='ocrx_word' id='word_1_113' title='bbox 1014 1491 1078 1575; x_wconf 90' lang='lat' dir='ltr'><strong>quis</strong></span> <span class='ocrx_word' id='word_1_114' title='bbox 1101 1483 1217 1576; x_wconf 82' lang='lat' dir='ltr'><strong>sapien·</strong></span> 
     </span>
    </p>

    <p class='ocr_par' dir='ltr' id='par_1_10' title="bbox 55 1593 1219 1680">
     <span class='ocr_line' id='line_1_13' title="bbox 55 1593 1219 1680; baseline 0 -24"><span class='ocrx_word' id='word_1_115' title='bbox 55 1605 107 1657; x_wconf 72' lang='lat' dir='ltr'><strong>um</strong></span> <span class='ocrx_word' id='word_1_116' title='bbox 129 1597 228 1658; x_wconf 88' lang='lat' dir='ltr'><strong>sulum</strong></span> <span class='ocrx_word' id='word_1_117' title='bbox 251 1596 373 1658; x_wconf 86' lang='lat' dir='ltr'><strong>audiens</strong></span> <span class='ocrx_word' id='word_1_118' title='bbox 397 1605 527 1680; x_wconf 90' lang='lat' dir='ltr'><strong>patrem,</strong></span> <span class='ocrx_word' id='word_1_119' title='bbox 552 1606 582 1659; x_wconf 94' lang='lat' dir='ltr'><strong>et</strong></span> <span class='ocrx_word' id='word_1_120' title='bbox 598 1597 714 1659; x_wconf 87' lang='lat' dir='ltr'><strong>unicum</strong></span> <span class='ocrx_word' id='word_1_121' title='bbox 738 1597 802 1659; x_wconf 89' lang='lat' dir='ltr'><strong>eius</strong></span> <span class='ocrx_word' id='word_1_122' title='bbox 825 1597 915 1658; x_wconf 88' lang='lat' dir='ltr'><strong>lilium</strong></span> <span class='ocrx_word' id='word_1_123' title='bbox 933 1593 1118 1679; x_wconf 86' lang='lat' dir='ltr'><strong>sapientiam,</strong></span> <span class='ocrx_word' id='word_1_124' title='bbox 1142 1593 1219 1656; x_wconf 87' lang='lat' dir='ltr'><strong>ltanc</strong></span> 
     </span>
    </p>

    <p class='ocr_par' dir='ltr' id='par_1_11' title="bbox 55 1697 1217 1885">
     <span class='ocr_line' id='line_1_14' title="bbox 55 1697 1216 1783; baseline -0.003 -23"><span class='ocrx_word' id='word_1_125' title='bbox 55 1718 137 1760; x_wconf 90' lang='lat' dir='ltr'><strong>uuum</strong></span> <span class='ocrx_word' id='word_1_126' title='bbox 161 1699 299 1783; x_wconf 83' lang='lat' dir='ltr'><strong>idemque</strong></span> <span class='ocrx_word' id='word_1_127' title='bbox 332 1719 397 1761; x_wconf 82' lang='lat' dir='ltr'><strong>cunt</strong></span> <span class='ocrx_word' id='word_1_128' title='bbox 429 1698 480 1762; x_wconf 92' lang='lat' dir='ltr'><strong>illo</strong></span> <span class='ocrx_word' id='word_1_129' title='bbox 502 1699 580 1762; x_wconf 89' lang='lat' dir='ltr'><strong>dicat</strong></span> <span class='ocrx_word' id='word_1_130' title='bbox 603 1719 688 1778; x_wconf 87' lang='lat' dir='ltr'><strong>esse,</strong></span> <span class='ocrx_word' id='word_1_131' title='bbox 724 1720 759 1760; x_wconf 87' lang='lat' dir='ltr'><strong>ae</strong></span> <span class='ocrx_word' id='word_1_132' title='bbox 783 1697 835 1761; x_wconf 78' lang='lat' dir='ltr'><strong>salii</strong></span> <span class='ocrx_word' id='word_1_133' title='bbox 859 1697 1065 1783; x_wconf 75' lang='lat' dir='ltr'><strong>proprietatem</strong></span> <span class='ocrx_word' id='word_1_134' title='bbox 1089 1706 1216 1774; x_wconf 88' lang='lat' dir='ltr'><strong>evertat,</strong></span> 
     </span>
     <span class='ocr_line' id='line_1_15' title="bbox 56 1797 1217 1885; baseline 0.002 -26"><span class='ocrx_word' id='word_1_135' title='bbox 56 1799 207 1863; x_wconf 76' lang='lat' dir='ltr'><strong>anatliema</strong></span> <span class='ocrx_word' id='word_1_136' title='bbox 234 1801 285 1864; x_wconf 90' lang='lat' dir='ltr'><strong>sit.</strong></span> <span class='ocrx_word' id='word_1_137' title='bbox 340 1797 412 1866; x_wconf 90' lang='lat' dir='ltr'><strong>ltem</strong></span> <span class='ocrx_word' id='word_1_138' title='bbox 444 1801 469 1864; x_wconf 89' lang='lat' dir='ltr'><strong>si</strong></span> <span class='ocrx_word' id='word_1_139' title='bbox 497 1801 561 1884; x_wconf 87' lang='lat' dir='ltr'><strong>quis</strong></span> <span class='ocrx_word' id='word_1_140' title='bbox 590 1801 752 1885; x_wconf 89' lang='lat' dir='ltr'><strong>sapientem</strong></span> <span class='ocrx_word' id='word_1_141' title='bbox 782 1801 905 1864; x_wconf 89' lang='lat' dir='ltr'><strong>audiens</strong></span> <span class='ocrx_word' id='word_1_142' title='bbox 934 1809 1045 1885; x_wconf 88' lang='lat' dir='ltr'><strong>patrem</strong></span> <span class='ocrx_word' id='word_1_143' title='bbox 1074 1799 1217 1863; x_wconf 86' lang='lat' dir='ltr'><strong>etlilium</strong></span> 
     </span>
    </p>

    <p class='ocr_par' dir='ltr' id='par_1_12' title="bbox 56 1900 1220 2296">
     <span class='ocr_line' id='line_1_16' title="bbox 56 1900 1219 1989; baseline -0.001 -26"><span class='ocrx_word' id='word_1_144' title='bbox 56 1901 113 1964; x_wconf 90' lang='lat' dir='ltr'><strong>eius</strong></span> <span class='ocrx_word' id='word_1_145' title='bbox 135 1903 313 1988; x_wconf 86' lang='lat' dir='ltr'><strong>sapientiam</strong></span> <span class='ocrx_word' id='word_1_146' title='bbox 341 1903 504 1983; x_wconf 85' lang='lat' dir='ltr'><strong>nominari,</strong></span> <span class='ocrx_word' id='word_1_147' title='bbox 541 1903 617 1966; x_wconf 83' lang='lat' dir='ltr'><strong>hanc</strong></span> <span class='ocrx_word' id='word_1_148' title='bbox 638 1905 729 1989; x_wconf 88' lang='lat' dir='ltr'><strong>ipsam</strong></span> <span class='ocrx_word' id='word_1_149' title='bbox 756 1903 933 1988; x_wconf 85' lang='lat' dir='ltr'><strong>sapientiam</strong></span> <span class='ocrx_word' id='word_1_150' title='bbox 964 1901 1106 1987; x_wconf 88' lang='lat' dir='ltr'><strong>sapientis</strong></span> <span class='ocrx_word' id='word_1_151' title='bbox 1128 1900 1219 1986; x_wconf 86' lang='lat' dir='ltr'><strong>patris</strong></span> 
     </span>
     <span class='ocr_line' id='line_1_17' title="bbox 57 2003 1220 2091; baseline 0 -25"><span class='ocrx_word' id='word_1_152' title='bbox 57 2005 181 2069; x_wconf 79' lang='lat' dir='ltr'><strong>essentia</strong></span> <span class='ocrx_word' id='word_1_153' title='bbox 213 2005 386 2070; x_wconf 74' lang='lat' dir='ltr'><strong>dissimilem</strong></span> <span class='ocrx_word' id='word_1_154' title='bbox 417 2008 557 2086; x_wconf 88' lang='lat' dir='ltr'><strong>affirmet,</strong></span> <span class='ocrx_word' id='word_1_155' title='bbox 592 2017 729 2091; x_wconf 88' lang='lat' dir='ltr'><strong>tanquam</strong></span> <span class='ocrx_word' id='word_1_156' title='bbox 763 2007 924 2091; x_wconf 88' lang='lat' dir='ltr'><strong>sapientem</strong></span> <span class='ocrx_word' id='word_1_157' title='bbox 956 2025 1028 2067; x_wconf 84' lang='lat' dir='ltr'><strong>vere</strong></span> <span class='ocrx_word' id='word_1_158' title='bbox 1055 2003 1220 2088; x_wconf 85' lang='lat' dir='ltr'><strong>sapientiae</strong></span> 
     </span>
     <span class='ocr_line' id='line_1_18' title="bbox 56 2105 1217 2193; baseline 0.003 -26"><span class='ocrx_word' id='word_1_159' title='bbox 56 2118 159 2190; x_wconf 81' lang='lat' dir='ltr'><strong>patrem</strong></span> <span class='ocrx_word' id='word_1_160' title='bbox 196 2127 264 2171; x_wconf 90' lang='lat' dir='ltr'><strong>esse</strong></span> <span class='ocrx_word' id='word_1_161' title='bbox 294 2129 424 2193; x_wconf 85' lang='lat' dir='ltr'><strong>negans,</strong></span> <span class='ocrx_word' id='word_1_162' title='bbox 460 2109 616 2174; x_wconf 78' lang='lat' dir='ltr'><strong>anatliema</strong></span> <span class='ocrx_word' id='word_1_163' title='bbox 645 2109 696 2173; x_wconf 85' lang='lat' dir='ltr'><strong>sit.</strong></span> <span class='ocrx_word' id='word_1_164' title='bbox 751 2105 874 2192; x_wconf 88' lang='lat' dir='ltr'><strong>Siquis</strong></span> <span class='ocrx_word' id='word_1_165' title='bbox 903 2108 988 2170; x_wconf 88' lang='lat' dir='ltr'><strong>deum</strong></span> <span class='ocrx_word' id='word_1_166' title='bbox 1016 2127 1083 2170; x_wconf 88' lang='lat' dir='ltr'><strong>esse</strong></span> <span class='ocrx_word' id='word_1_167' title='bbox 1107 2117 1217 2192; x_wconf 85' lang='lat' dir='ltr'><strong>patrem</strong></span> 
     </span>
     <span class='ocr_line' id='line_1_19' title="bbox 58 2209 1219 2296; baseline 0.003 -26"><span class='ocrx_word' id='word_1_168' title='bbox 58 2229 221 2292; x_wconf 85' lang='lat' dir='ltr'><strong>agnoscens</strong></span> <span class='ocrx_word' id='word_1_169' title='bbox 251 2231 317 2273; x_wconf 90' lang='lat' dir='ltr'><strong>eum</strong></span> <span class='ocrx_word' id='word_1_170' title='bbox 341 2231 415 2274; x_wconf 88' lang='lat' dir='ltr'><strong>veru</strong></span> <span class='ocrx_word' id='word_1_171' title='bbox 436 2212 483 2295; x_wconf 92' lang='lat' dir='ltr'><strong>qui</strong></span> <span class='ocrx_word' id='word_1_172' title='bbox 508 2212 537 2274; x_wconf 90' lang='lat' dir='ltr'><strong>in</strong></span> <span class='ocrx_word' id='word_1_173' title='bbox 562 2210 704 2296; x_wconf 85' lang='lat' dir='ltr'><strong>principio</strong></span> <span class='ocrx_word' id='word_1_174' title='bbox 736 2211 790 2273; x_wconf 84' lang='lat' dir='ltr'><strong>luit</strong></span> <span class='ocrx_word' id='word_1_175' title='bbox 812 2210 934 2275; x_wconf 85' lang='lat' dir='ltr'><strong>verbum</strong></span> <span class='ocrx_word' id='word_1_176' title='bbox 958 2230 993 2273; x_wconf 89' lang='lat' dir='ltr'><strong>ac</strong></span> <span class='ocrx_word' id='word_1_177' title='bbox 1016 2209 1106 2287; x_wconf 86' lang='lat' dir='ltr'><strong>deus,</strong></span> <span class='ocrx_word' id='word_1_178' title='bbox 1142 2211 1219 2274; x_wconf 85' lang='lat' dir='ltr'><strong>hune</strong></span> 
     </span>
    </p>

    <p class='ocr_par' dir='ltr' id='par_1_13' title="bbox 56 2299 1343 2707">
     <span class='ocr_line' id='line_1_20' title="bbox 56 2299 1343 2399; baseline 0.002 -27"><span class='ocrx_word' id='word_1_179' title='bbox 56 2311 126 2375; x_wconf 87' lang='lat' dir='ltr'><strong>idem</strong></span> <span class='ocrx_word' id='word_1_180' title='bbox 150 2333 220 2376; x_wconf 86' lang='lat' dir='ltr'><strong>essc</strong></span> <span class='ocrx_word' id='word_1_181' title='bbox 244 2314 361 2399; x_wconf 88' lang='lat' dir='ltr'><strong>penitus</strong></span> <span class='ocrx_word' id='word_1_182' title='bbox 376 2335 441 2377; x_wconf 88' lang='lat' dir='ltr'><strong>cum</strong></span> <span class='ocrx_word' id='word_1_183' title='bbox 465 2314 538 2391; x_wconf 91' lang='lat' dir='ltr'><strong>dec,</strong></span> <span class='ocrx_word' id='word_1_184' title='bbox 563 2314 637 2398; x_wconf 91' lang='lat' dir='ltr'><strong>apud</strong></span> <span class='ocrx_word' id='word_1_185' title='bbox 662 2335 747 2397; x_wconf 89' lang='lat' dir='ltr'><strong>quem</strong></span> <span class='ocrx_word' id='word_1_186' title='bbox 770 2299 891 2376; x_wconf 81' lang='lat' dir='ltr'><strong>verbnm</strong></span> <span class='ocrx_word' id='word_1_187' title='bbox 916 2333 949 2376; x_wconf 91' lang='lat' dir='ltr'><strong>ac</strong></span> <span class='ocrx_word' id='word_1_188' title='bbox 965 2312 1037 2374; x_wconf 89' lang='lat' dir='ltr'><strong>deus</strong></span> <span class='ocrx_word' id='word_1_189' title='bbox 1061 2322 1123 2389; x_wconf 87' lang='lat' dir='ltr'><strong>eat,</strong></span> <span class='ocrx_word' id='word_1_190' title='bbox 1148 2333 1219 2374; x_wconf 91' lang='lat' dir='ltr'><strong>cun·</strong></span> <span class='ocrx_word' id='word_1_191' title='bbox 1340 2384 1343 2392; x_wconf 32' lang='grc' dir='ltr'>Ι</span> 
     </span>
     <span class='ocr_line' id='line_1_21' title="bbox 58 2412 1220 2500; baseline 0.002 -25"><span class='ocrx_word' id='word_1_192' title='bbox 58 2415 169 2492; x_wconf 89' lang='lat' dir='ltr'><strong>stituat,</strong></span> <span class='ocrx_word' id='word_1_193' title='bbox 198 2427 335 2498; x_wconf 85' lang='lat' dir='ltr'><strong>tanquam</strong></span> <span class='ocrx_word' id='word_1_194' title='bbox 356 2436 428 2480; x_wconf 90' lang='lat' dir='ltr'><strong>vere</strong></span> <span class='ocrx_word' id='word_1_195' title='bbox 446 2416 535 2479; x_wconf 88' lang='lat' dir='ltr'><strong>lilium</strong></span> <span class='ocrx_word' id='word_1_196' title='bbox 553 2438 611 2480; x_wconf 93' lang='lat' dir='ltr'><strong>non</strong></span> <span class='ocrx_word' id='word_1_197' title='bbox 628 2436 811 2500; x_wconf 82' lang='lat' dir='ltr'><strong>agnoscens,</strong></span> <span class='ocrx_word' id='word_1_198' title='bbox 836 2416 990 2478; x_wconf 83' lang='lat' dir='ltr'><strong>artathemn</strong></span> <span class='ocrx_word' id='word_1_199' title='bbox 1007 2415 1056 2478; x_wconf 88' lang='lat' dir='ltr'><strong>sit.</strong></span> <span class='ocrx_word' id='word_1_200' title='bbox 1104 2412 1137 2478; x_wconf 82' lang='lat' dir='ltr'><strong>si</strong></span> <span class='ocrx_word' id='word_1_201' title='bbox 1154 2413 1220 2497; x_wconf 87' lang='lat' dir='ltr'><strong>quis</strong></span> 
     </span>
     <span class='ocr_line' id='line_1_22' title="bbox 57 2517 1219 2602; baseline 0.002 -24"><span class='ocrx_word' id='word_1_202' title='bbox 57 2517 235 2600; x_wconf 85' lang='lat' dir='ltr'><strong>unigenitum</strong></span> <span class='ocrx_word' id='word_1_203' title='bbox 255 2519 339 2581; x_wconf 93' lang='lat' dir='ltr'><strong>deum</strong></span> <span class='ocrx_word' id='word_1_204' title='bbox 357 2517 531 2582; x_wconf 77' lang='lat' dir='ltr'><strong>accerbam</strong></span> <span class='ocrx_word' id='word_1_205' title='bbox 549 2519 639 2584; x_wconf 89' lang='lat' dir='ltr'><strong>lilium</strong></span> <span class='ocrx_word' id='word_1_206' title='bbox 657 2520 703 2582; x_wconf 89' lang='lat' dir='ltr'><strong>dei</strong></span> <span class='ocrx_word' id='word_1_207' title='bbox 721 2519 865 2582; x_wconf 87' lang='lat' dir='ltr'><strong>nominari</strong></span> <span class='ocrx_word' id='word_1_208' title='bbox 882 2519 1016 2596; x_wconf 88' lang='lat' dir='ltr'><strong>audiens,</strong></span> <span class='ocrx_word' id='word_1_209' title='bbox 1040 2517 1114 2602; x_wconf 88' lang='lat' dir='ltr'><strong>apud</strong></span> <span class='ocrx_word' id='word_1_210' title='bbox 1132 2537 1219 2600; x_wconf 88' lang='lat' dir='ltr'><strong>quem</strong></span> 
     </span>
     <span class='ocr_line' id='line_1_23' title="bbox 57 2619 1220 2707; baseline 0.003 -29"><span class='ocrx_word' id='word_1_211' title='bbox 57 2619 172 2682; x_wconf 74' lang='lat' dir='ltr'><strong>verbnm</strong></span> <span class='ocrx_word' id='word_1_212' title='bbox 191 2642 228 2683; x_wconf 92' lang='lat' dir='ltr'><strong>ae</strong></span> <span class='ocrx_word' id='word_1_213' title='bbox 243 2620 315 2685; x_wconf 90' lang='lat' dir='ltr'><strong>deus</strong></span> <span class='ocrx_word' id='word_1_214' title='bbox 333 2631 396 2697; x_wconf 91' lang='lat' dir='ltr'><strong>est,</strong></span> <span class='ocrx_word' id='word_1_215' title='bbox 422 2621 498 2684; x_wconf 89' lang='lat' dir='ltr'><strong>hunc</strong></span> <span class='ocrx_word' id='word_1_216' title='bbox 513 2623 607 2707; x_wconf 89' lang='lat' dir='ltr'><strong>ipsum</strong></span> <span class='ocrx_word' id='word_1_217' title='bbox 625 2623 711 2684; x_wconf 91' lang='lat' dir='ltr'><strong>deum</strong></span> <span class='ocrx_word' id='word_1_218' title='bbox 729 2643 764 2685; x_wconf 89' lang='lat' dir='ltr'><strong>ae</strong></span> <span class='ocrx_word' id='word_1_219' title='bbox 782 2623 873 2707; x_wconf 86' lang='lat' dir='ltr'><strong>patris</strong></span> <span class='ocrx_word' id='word_1_220' title='bbox 889 2621 1028 2698; x_wconf 86' lang='lat' dir='ltr'><strong>verbum,</strong></span> <span class='ocrx_word' id='word_1_221' title='bbox 1053 2621 1098 2684; x_wconf 91' lang='lat' dir='ltr'><strong>dei</strong></span> <span class='ocrx_word' id='word_1_222' title='bbox 1117 2641 1152 2684; x_wconf 88' lang='lat' dir='ltr'><strong>ae</strong></span> <span class='ocrx_word' id='word_1_223' title='bbox 1170 2642 1220 2705; x_wconf 88' lang='lat' dir='ltr'><strong>pa·</strong></span> 
     </span>
    </p>

    <p class='ocr_par' dir='ltr' id='par_1_14' title="bbox 58 2721 1221 2810">
     <span class='ocr_line' id='line_1_24' title="bbox 58 2721 1221 2810; baseline 0.005 -30"><span class='ocrx_word' id='word_1_224' title='bbox 58 2721 123 2800; x_wconf 87' lang='lat' dir='ltr'><strong>tris,</strong></span> <span class='ocrx_word' id='word_1_225' title='bbox 147 2724 226 2809; x_wconf 87' lang='lat' dir='ltr'><strong>apud</strong></span> <span class='ocrx_word' id='word_1_226' title='bbox 249 2745 335 2808; x_wconf 88' lang='lat' dir='ltr'><strong>quem</strong></span> <span class='ocrx_word' id='word_1_227' title='bbox 354 2724 522 2808; x_wconf 88' lang='lat' dir='ltr'><strong>unigenitus</strong></span> <span class='ocrx_word' id='word_1_228' title='bbox 539 2725 567 2788; x_wconf 95' lang='lat' dir='ltr'><strong>in</strong></span> <span class='ocrx_word' id='word_1_229' title='bbox 585 2725 727 2810; x_wconf 88' lang='lat' dir='ltr'><strong>principio</strong></span> <span class='ocrx_word' id='word_1_230' title='bbox 744 2725 816 2787; x_wconf 86' lang='lat' dir='ltr'><strong>deus</strong></span> <span class='ocrx_word' id='word_1_231' title='bbox 833 2734 897 2786; x_wconf 87' lang='lat' dir='ltr'><strong>erat</strong></span> <span class='ocrx_word' id='word_1_232' title='bbox 920 2723 1061 2802; x_wconf 85' lang='lat' dir='ltr'><strong>verbum,</strong></span> <span class='ocrx_word' id='word_1_233' title='bbox 1093 2723 1221 2786; x_wconf 86' lang='lat' dir='ltr'><strong>dissimi-</strong></span> 
     </span>
    </p>

    <p class='ocr_par' dir='ltr' id='par_1_15' title="bbox 58 2811 1218 3014">
     <span class='ocr_line' id='line_1_25' title="bbox 58 2811 1217 2909; baseline 0.004 -25"><span class='ocrx_word' id='word_1_234' title='bbox 58 2821 106 2886; x_wconf 92' lang='lat' dir='ltr'><strong>lem</strong></span> <span class='ocrx_word' id='word_1_235' title='bbox 123 2828 267 2902; x_wconf 84' lang='lat' dir='ltr'><strong>affirmet,</strong></span> <span class='ocrx_word' id='word_1_236' title='bbox 302 2811 634 2909; x_wconf 83' lang='lat' dir='ltr'><strong>tanquamverelrlium</strong></span> <span class='ocrx_word' id='word_1_237' title='bbox 654 2826 773 2889; x_wconf 90' lang='lat' dir='ltr'><strong>minime</strong></span> <span class='ocrx_word' id='word_1_238' title='bbox 793 2827 953 2903; x_wconf 81' lang='lat' dir='ltr'><strong>confitens,</strong></span> <span class='ocrx_word' id='word_1_239' title='bbox 989 2826 1145 2888; x_wconf 82' lang='lat' dir='ltr'><strong>anathema</strong></span> <span class='ocrx_word' id='word_1_240' title='bbox 1167 2825 1217 2889; x_wconf 88' lang='lat' dir='ltr'><strong>sit.</strong></span> 
     </span>
     <span class='ocr_line' id='line_1_26' title="bbox 59 2921 1218 3014; baseline 0.002 -26"><span class='ocrx_word' id='word_1_241' title='bbox 59 2921 165 3012; x_wconf 86' lang='lat' dir='ltr'><strong>Siquis</strong></span> <span class='ocrx_word' id='word_1_242' title='bbox 183 2928 273 2992; x_wconf 85' lang='lat' dir='ltr'><strong>lilium</strong></span> <span class='ocrx_word' id='word_1_243' title='bbox 299 2929 363 3004; x_wconf 90' lang='lat' dir='ltr'><strong>dei,</strong></span> <span class='ocrx_word' id='word_1_244' title='bbox 399 2929 447 3013; x_wconf 93' lang='lat' dir='ltr'><strong>qui</strong></span> <span class='ocrx_word' id='word_1_245' title='bbox 468 2928 563 2991; x_wconf 86' lang='lat' dir='ltr'><strong>videri</strong></span> <span class='ocrx_word' id='word_1_246' title='bbox 587 2951 645 2992; x_wconf 92' lang='lat' dir='ltr'><strong>nnn</strong></span> <span class='ocrx_word' id='word_1_247' title='bbox 670 2939 784 3014; x_wconf 88' lang='lat' dir='ltr'><strong>potest,</strong></span> <span class='ocrx_word' id='word_1_248' title='bbox 818 2929 973 3013; x_wconf 83' lang='lat' dir='ltr'><strong>imaginem</strong></span> <span class='ocrx_word' id='word_1_249' title='bbox 997 2929 1120 2994; x_wconf 87' lang='lat' dir='ltr'><strong>audiens</strong></span> <span class='ocrx_word' id='word_1_250' title='bbox 1143 2930 1218 2992; x_wconf 89' lang='lat' dir='ltr'><strong>idem</strong></span> 
     </span>
    </p>

    <p class='ocr_par' dir='ltr' id='par_1_16' title="bbox 58 3030 1222 3218">
     <span class='ocr_line' id='line_1_27' title="bbox 58 3030 1219 3116; baseline 0.003 -27"><span class='ocrx_word' id='word_1_251' title='bbox 58 3047 116 3092; x_wconf 88' lang='lat' dir='ltr'><strong>esse</strong></span> <span class='ocrx_word' id='word_1_252' title='bbox 133 3052 202 3094; x_wconf 89' lang='lat' dir='ltr'><strong>cum</strong></span> <span class='ocrx_word' id='word_1_253' title='bbox 223 3052 282 3094; x_wconf 91' lang='lat' dir='ltr'><strong>nnn</strong></span> <span class='ocrx_word' id='word_1_254' title='bbox 297 3030 469 3116; x_wconf 86' lang='lat' dir='ltr'><strong>aspectabili</strong></span> <span class='ocrx_word' id='word_1_255' title='bbox 493 3031 547 3094; x_wconf 91' lang='lat' dir='ltr'><strong>deo</strong></span> <span class='ocrx_word' id='word_1_256' title='bbox 570 3031 649 3096; x_wconf 91' lang='lat' dir='ltr'><strong>dieat</strong></span> <span class='ocrx_word' id='word_1_257' title='bbox 672 3031 849 3114; x_wconf 81' lang='lat' dir='ltr'><strong>imaginem,</strong></span> <span class='ocrx_word' id='word_1_258' title='bbox 882 3045 1018 3116; x_wconf 88' lang='lat' dir='ltr'><strong>tanquam</strong></span> <span class='ocrx_word' id='word_1_259' title='bbox 1038 3053 1110 3095; x_wconf 85' lang='lat' dir='ltr'><strong>vere</strong></span> <span class='ocrx_word' id='word_1_260' title='bbox 1128 3031 1219 3094; x_wconf 74' lang='lat' dir='ltr'><strong>iulium</strong></span> 
     </span>
     <span class='ocr_line' id='line_1_28' title="bbox 58 3132 1222 3218; baseline 0.004 -28"><span class='ocrx_word' id='word_1_261' title='bbox 58 3133 170 3197; x_wconf 87' lang='lat' dir='ltr'><strong>minime</strong></span> <span class='ocrx_word' id='word_1_262' title='bbox 191 3135 364 3216; x_wconf 85' lang='lat' dir='ltr'><strong>protessus,</strong></span> <span class='ocrx_word' id='word_1_263' title='bbox 398 3133 553 3197; x_wconf 87' lang='lat' dir='ltr'><strong>attathema</strong></span> <span class='ocrx_word' id='word_1_264' title='bbox 574 3133 625 3197; x_wconf 90' lang='lat' dir='ltr'><strong>sit.</strong></span> <span class='ocrx_word' id='word_1_265' title='bbox 672 3132 706 3198; x_wconf 95' lang='grc' dir='ltr'>δί</span> <span class='ocrx_word' id='word_1_266' title='bbox 724 3133 788 3218; x_wconf 89' lang='lat' dir='ltr'><strong>quis</strong></span> <span class='ocrx_word' id='word_1_267' title='bbox 806 3133 987 3217; x_wconf 86' lang='lat' dir='ltr'><strong>unigenitum</strong></span> <span class='ocrx_word' id='word_1_268' title='bbox 1010 3134 1101 3197; x_wconf 86' lang='lat' dir='ltr'><strong>lilium</strong></span> <span class='ocrx_word' id='word_1_269' title='bbox 1118 3134 1222 3216; x_wconf 88' lang='lat' dir='ltr'><strong>imagi·</strong></span> 
     </span>
    </p>

    <p class='ocr_par' dir='ltr' id='par_1_17' title="bbox 58 3234 1222 3321">
     <span class='ocr_line' id='line_1_29' title="bbox 58 3234 1222 3321; baseline 0.004 -28"><span class='ocrx_word' id='word_1_270' title='bbox 58 3253 114 3296; x_wconf 88' lang='lat' dir='ltr'><strong>nem</strong></span> <span class='ocrx_word' id='word_1_271' title='bbox 138 3235 206 3312; x_wconf 91' lang='lat' dir='ltr'><strong>dei,</strong></span> <span class='ocrx_word' id='word_1_272' title='bbox 239 3234 288 3319; x_wconf 91' lang='lat' dir='ltr'><strong>qui</strong></span> <span class='ocrx_word' id='word_1_273' title='bbox 314 3235 408 3298; x_wconf 79' lang='lat' dir='ltr'><strong>uideri</strong></span> <span class='ocrx_word' id='word_1_274' title='bbox 435 3256 493 3299; x_wconf 83' lang='lat' dir='ltr'><strong>notu</strong></span> <span class='ocrx_word' id='word_1_275' title='bbox 512 3248 626 3320; x_wconf 86' lang='lat' dir='ltr'><strong>potest,</strong></span> <span class='ocrx_word' id='word_1_276' title='bbox 661 3237 801 3321; x_wconf 85' lang='lat' dir='ltr'><strong>appellari</strong></span> <span class='ocrx_word' id='word_1_277' title='bbox 820 3237 943 3300; x_wconf 89' lang='lat' dir='ltr'><strong>audiens</strong></span> <span class='ocrx_word' id='word_1_278' title='bbox 961 3237 1132 3300; x_wconf 89' lang='lat' dir='ltr'><strong>dissimilem</strong></span> <span class='ocrx_word' id='word_1_279' title='bbox 1154 3257 1222 3298; x_wconf 89' lang='lat' dir='ltr'><strong>esse</strong></span> 
     </span>
    </p>

    <p class='ocr_par' dir='ltr' id='par_1_18' title="bbox 56 3335 1375 3836">
     <span class='ocr_line' id='line_1_30' title="bbox 57 3335 1222 3423; baseline 0.007 -29"><span class='ocrx_word' id='word_1_280' title='bbox 57 3335 124 3398; x_wconf 87' lang='lat' dir='ltr'><strong>dieat</strong></span> <span class='ocrx_word' id='word_1_281' title='bbox 149 3337 280 3402; x_wconf 85' lang='lat' dir='ltr'><strong>essentia</strong></span> <span class='ocrx_word' id='word_1_282' title='bbox 305 3337 414 3414; x_wconf 76' lang='lat' dir='ltr'><strong>lilinum,</strong></span> <span class='ocrx_word' id='word_1_283' title='bbox 447 3359 483 3402; x_wconf 88' lang='lat' dir='ltr'><strong>ao</strong></span> <span class='ocrx_word' id='word_1_284' title='bbox 506 3339 551 3402; x_wconf 90' lang='lat' dir='ltr'><strong>dei</strong></span> <span class='ocrx_word' id='word_1_285' title='bbox 580 3359 637 3401; x_wconf 92' lang='lat' dir='ltr'><strong>non</strong></span> <span class='ocrx_word' id='word_1_286' title='bbox 661 3338 850 3423; x_wconf 82' lang='lat' dir='ltr'><strong>aspectabilis</strong></span> <span class='ocrx_word' id='word_1_287' title='bbox 867 3340 1024 3423; x_wconf 83' lang='lat' dir='ltr'><strong>imaginem</strong></span> <span class='ocrx_word' id='word_1_288' title='bbox 1048 3339 1112 3402; x_wconf 91' lang='lat' dir='ltr'><strong>eius</strong></span> <span class='ocrx_word' id='word_1_289' title='bbox 1138 3337 1222 3402; x_wconf 87' lang='lat' dir='ltr'><strong>euius</strong></span> 
     </span>
     <span class='ocr_line' id='line_1_31' title="bbox 56 3439 1222 3524; baseline 0.004 -26"><span class='ocrx_word' id='word_1_290' title='bbox 56 3439 179 3502; x_wconf 85' lang='lat' dir='ltr'><strong>essentia</strong></span> <span class='ocrx_word' id='word_1_291' title='bbox 202 3439 359 3522; x_wconf 87' lang='lat' dir='ltr'><strong>imaginem</strong></span> <span class='ocrx_word' id='word_1_292' title='bbox 382 3441 476 3524; x_wconf 88' lang='lat' dir='ltr'><strong>ipsum</strong></span> <span class='ocrx_word' id='word_1_293' title='bbox 498 3440 708 3524; x_wconf 85' lang='lat' dir='ltr'><strong>intelligimus,</strong></span> <span class='ocrx_word' id='word_1_294' title='bbox 744 3441 825 3503; x_wconf 86' lang='lat' dir='ltr'><strong>velut</strong></span> <span class='ocrx_word' id='word_1_295' title='bbox 851 3440 943 3504; x_wconf 88' lang='lat' dir='ltr'><strong>lilium</strong></span> <span class='ocrx_word' id='word_1_296' title='bbox 969 3461 1037 3505; x_wconf 85' lang='lat' dir='ltr'><strong>esse</strong></span> <span class='ocrx_word' id='word_1_297' title='bbox 1065 3462 1124 3504; x_wconf 81' lang='lat' dir='ltr'><strong>aton</strong></span> <span class='ocrx_word' id='word_1_298' title='bbox 1149 3461 1222 3504; x_wconf 89' lang='lat' dir='ltr'><strong>vere</strong></span> 
     </span>
     <span class='ocr_line' id='line_1_32' title="bbox 57 3542 1219 3628; baseline 0.004 -27"><span class='ocrx_word' id='word_1_299' title='bbox 57 3542 211 3621; x_wconf 75' lang='lat' dir='ltr'><strong>profitens,</strong></span> <span class='ocrx_word' id='word_1_300' title='bbox 248 3542 404 3605; x_wconf 85' lang='lat' dir='ltr'><strong>anathema</strong></span> <span class='ocrx_word' id='word_1_301' title='bbox 433 3545 483 3606; x_wconf 87' lang='lat' dir='ltr'><strong>sit.</strong></span> <span class='ocrx_word' id='word_1_302' title='bbox 538 3545 609 3606; x_wconf 86' lang='lat' dir='ltr'><strong>ltcnr</strong></span> <span class='ocrx_word' id='word_1_303' title='bbox 642 3544 667 3606; x_wconf 85' lang='lat' dir='ltr'><strong>si</strong></span> <span class='ocrx_word' id='word_1_304' title='bbox 695 3543 760 3628; x_wconf 87' lang='lat' dir='ltr'><strong>quis</strong></span> <span class='ocrx_word' id='word_1_305' title='bbox 787 3543 931 3606; x_wconf 86' lang='lat' dir='ltr'><strong>dicentem</strong></span> <span class='ocrx_word' id='word_1_306' title='bbox 963 3543 1054 3607; x_wconf 82' lang='lat' dir='ltr'><strong>lulium</strong></span> <span class='ocrx_word' id='word_1_307' title='bbox 1083 3545 1219 3621; x_wconf 76' lang='lat' dir='ltr'><strong>erudiens,</strong></span> 
     </span>
     <span class='ocr_line' id='line_1_33' title="bbox 60 3645 1375 3728; baseline 0.004 -23"><span class='ocrx_word' id='word_1_308' title='bbox 60 3645 293 3719; x_wconf 77' lang='lat' dir='ltr'><strong>Quemadmodum</strong></span> <span class='ocrx_word' id='word_1_309' title='bbox 315 3657 400 3726; x_wconf 82' lang='lat' dir='ltr'><strong>puter</strong></span> <span class='ocrx_word' id='word_1_310' title='bbox 421 3647 507 3708; x_wconf 79' lang='lat' dir='ltr'><strong>dubet</strong></span> <span class='ocrx_word' id='word_1_311' title='bbox 529 3651 615 3708; x_wconf 83' lang='lat' dir='ltr'><strong>uitam</strong></span> <span class='ocrx_word' id='word_1_312' title='bbox 640 3651 670 3708; x_wconf 82' lang='lat' dir='ltr'><strong>in</strong></span> <span class='ocrx_word' id='word_1_313' title='bbox 687 3669 719 3708; x_wconf 83' lang='lat' dir='ltr'><strong>se</strong></span> <span class='ocrx_word' id='word_1_314' title='bbox 734 3650 810 3728; x_wconf 72' lang='lat' dir='ltr'><strong>apro,</strong></span> <span class='ocrx_word' id='word_1_315' title='bbox 842 3651 885 3707; x_wconf 83' lang='lat' dir='ltr'><strong>sie</strong></span> <span class='ocrx_word' id='word_1_316' title='bbox 901 3657 931 3707; x_wconf 87' lang='lat' dir='ltr'><strong>et</strong></span> <span class='ocrx_word' id='word_1_317' title='bbox 939 3650 1009 3727; x_wconf 75' lang='lat' dir='ltr'><strong>filio</strong></span> <span class='ocrx_word' id='word_1_318' title='bbox 1032 3651 1111 3708; x_wconf 84' lang='lat' dir='ltr'><strong>dedit</strong></span> <span class='ocrx_word' id='word_1_319' title='bbox 1136 3651 1222 3710; x_wconf 75' lang='lat' dir='ltr'><strong>mean</strong></span> <span class='ocrx_word' id='word_1_320' title='bbox 1235 3657 1375 3716; x_wconf 60' lang='lat' dir='ltr'><strong>tomum.</strong></span> 
     </span>
     <span class='ocr_line' id='line_1_34' title="bbox 57 3747 1221 3836; baseline 0.006 -33"><span class='ocrx_word' id='word_1_321' title='bbox 57 3747 200 3836; x_wconf 61' lang='lat' dir='ltr'><strong>delerea&#39;n</strong></span> <span class='ocrx_word' id='word_1_322' title='bbox 215 3769 247 3808; x_wconf 82' lang='lat' dir='ltr'><strong>se</strong></span> <span class='ocrx_word' id='word_1_323' title='bbox 262 3752 340 3836; x_wconf 69' lang='lat' dir='ltr'><strong>apso,</strong></span> <span class='ocrx_word' id='word_1_324' title='bbox 373 3769 439 3810; x_wconf 89' lang='lat' dir='ltr'><strong>eum</strong></span> <span class='ocrx_word' id='word_1_325' title='bbox 462 3749 509 3831; x_wconf 90' lang='lat' dir='ltr'><strong>qui</strong></span> <span class='ocrx_word' id='word_1_326' title='bbox 527 3749 616 3813; x_wconf 86' lang='lat' dir='ltr'><strong>vitam</strong></span> <span class='ocrx_word' id='word_1_327' title='bbox 636 3747 742 3833; x_wconf 89' lang='lat' dir='ltr'><strong>accipit</strong></span> <span class='ocrx_word' id='word_1_328' title='bbox 761 3770 777 3811; x_wconf 93' lang='lat' dir='ltr'><strong>a</strong></span> <span class='ocrx_word' id='word_1_329' title='bbox 795 3760 894 3834; x_wconf 87' lang='lat' dir='ltr'><strong>patre,</strong></span> <span class='ocrx_word' id='word_1_330' title='bbox 928 3760 958 3812; x_wconf 91' lang='lat' dir='ltr'><strong>et</strong></span> <span class='ocrx_word' id='word_1_331' title='bbox 975 3748 1045 3812; x_wconf 94' lang='lat' dir='ltr'><strong>illud</strong></span> <span class='ocrx_word' id='word_1_332' title='bbox 1063 3750 1221 3826; x_wconf 88' lang='lat' dir='ltr'><strong>dicentem,</strong></span> 
     </span>
    </p>

    <p class='ocr_par' dir='ltr' id='par_1_19' title="bbox 58 3851 1378 3932">
     <span class='ocr_line' id='line_1_35' title="bbox 58 3851 1378 3932; baseline 0.003 -25"><span class='ocrx_word' id='word_1_333' title='bbox 58 3851 156 3930; x_wconf 83' lang='lat' dir='ltr'><strong>Etegc</strong></span> <span class='ocrx_word' id='word_1_334' title='bbox 177 3855 240 3912; x_wconf 82' lang='lat' dir='ltr'><strong>uiuo</strong></span> <span class='ocrx_word' id='word_1_335' title='bbox 259 3863 379 3931; x_wconf 79' lang='lat' dir='ltr'><strong>propter</strong></span> <span class='ocrx_word' id='word_1_336' title='bbox 391 3863 520 3932; x_wconf 59' lang='lat' dir='ltr'><strong>putrem</strong></span> <span class='ocrx_word' id='word_1_337' title='bbox 555 3851 631 3914; x_wconf 90' lang='lat' dir='ltr'><strong>idem</strong></span> <span class='ocrx_word' id='word_1_338' title='bbox 656 3873 721 3914; x_wconf 91' lang='lat' dir='ltr'><strong>cum</strong></span> <span class='ocrx_word' id='word_1_339' title='bbox 744 3851 822 3914; x_wconf 84' lang='lat' dir='ltr'><strong>vitae</strong></span> <span class='ocrx_word' id='word_1_340' title='bbox 847 3851 949 3914; x_wconf 86' lang='lat' dir='ltr'><strong>datore</strong></span> <span class='ocrx_word' id='word_1_341' title='bbox 976 3871 1044 3914; x_wconf 88' lang='lat' dir='ltr'><strong>esse</strong></span> <span class='ocrx_word' id='word_1_342' title='bbox 1069 3851 1218 3928; x_wconf 80' lang='lat' dir='ltr'><strong>detentat,</strong></span> <span class='ocrx_word' id='word_1_343' title='bbox 1233 3864 1378 3918; x_wconf 66' lang='lat' dir='ltr'><strong>temnet.</strong></span> 
     </span>
    </p>
   </div>
   <div class='ocr_carea' id='block_1_3' title="bbox 58 3949 1222 4448">
    <p class='ocr_par' dir='ltr' id='par_1_20' title="bbox 58 3949 1222 4448">
     <span class='ocr_line' id='line_1_36' title="bbox 58 3949 1222 4037; baseline 0.006 -28"><span class='ocrx_word' id='word_1_344' title='bbox 58 3952 203 4015; x_wconf 82' lang='lat' dir='ltr'><strong>anathema</strong></span> <span class='ocrx_word' id='word_1_345' title='bbox 220 3952 271 4015; x_wconf 87' lang='lat' dir='ltr'><strong>sit.</strong></span> <span class='ocrx_word' id='word_1_346' title='bbox 319 3949 435 4037; x_wconf 87' lang='lat' dir='ltr'><strong>Siquis</strong></span> <span class='ocrx_word' id='word_1_347' title='bbox 459 3953 536 4016; x_wconf 90' lang='lat' dir='ltr'><strong>istud</strong></span> <span class='ocrx_word' id='word_1_348' title='bbox 556 3953 695 4031; x_wconf 89' lang='lat' dir='ltr'><strong>audiens,</strong></span> <span class='ocrx_word' id='word_1_349' title='bbox 731 3959 815 4017; x_wconf 82' lang='lat' dir='ltr'><strong>Se&#39;cut</strong></span> <span class='ocrx_word' id='word_1_350' title='bbox 831 3966 917 4036; x_wconf 84' lang='lat' dir='ltr'><strong>puter</strong></span> <span class='ocrx_word' id='word_1_351' title='bbox 938 3959 1023 4016; x_wconf 77' lang='lat' dir='ltr'><strong>ustum</strong></span> <span class='ocrx_word' id='word_1_352' title='bbox 1040 3955 1124 4015; x_wconf 80' lang='lat' dir='ltr'><strong>dedet</strong></span> <span class='ocrx_word' id='word_1_353' title='bbox 1144 3957 1174 4015; x_wconf 81' lang='lat' dir='ltr'><strong>e&#39;n</strong></span> <span class='ocrx_word' id='word_1_354' title='bbox 1190 3975 1222 4016; x_wconf 82' lang='lat' dir='ltr'><strong>se</strong></span> 
     </span>
     <span class='ocr_line' id='line_1_37' title="bbox 59 4055 1220 4140; baseline 0.006 -28"><span class='ocrx_word' id='word_1_355' title='bbox 59 4057 126 4130; x_wconf 71' lang='lat' dir='ltr'><strong>pso,</strong></span> <span class='ocrx_word' id='word_1_356' title='bbox 156 4059 200 4116; x_wconf 79' lang='lat' dir='ltr'><strong>sie</strong></span> <span class='ocrx_word' id='word_1_357' title='bbox 208 4057 282 4136; x_wconf 80' lang='lat' dir='ltr'><strong>filio</strong></span> <span class='ocrx_word' id='word_1_358' title='bbox 298 4059 377 4117; x_wconf 80' lang='lat' dir='ltr'><strong>dedit</strong></span> <span class='ocrx_word' id='word_1_359' title='bbox 391 4061 476 4118; x_wconf 84' lang='lat' dir='ltr'><strong>uitem</strong></span> <span class='ocrx_word' id='word_1_360' title='bbox 492 4058 598 4119; x_wconf 82' lang='lat' dir='ltr'><strong>dedere</strong></span> <span class='ocrx_word' id='word_1_361' title='bbox 615 4061 645 4118; x_wconf 84' lang='lat' dir='ltr'><strong>in</strong></span> <span class='ocrx_word' id='word_1_362' title='bbox 659 4078 691 4119; x_wconf 85' lang='lat' dir='ltr'><strong>se</strong></span> <span class='ocrx_word' id='word_1_363' title='bbox 706 4061 784 4138; x_wconf 74' lang='lat' dir='ltr'><strong>apso,</strong></span> <span class='ocrx_word' id='word_1_364' title='bbox 809 4057 980 4120; x_wconf 88' lang='lat' dir='ltr'><strong>dissimilem</strong></span> <span class='ocrx_word' id='word_1_365' title='bbox 999 4055 1128 4119; x_wconf 87' lang='lat' dir='ltr'><strong>essentia</strong></span> <span class='ocrx_word' id='word_1_366' title='bbox 1145 4057 1220 4140; x_wconf 89' lang='lat' dir='ltr'><strong>patri</strong></span> 
     </span>
     <span class='ocr_line' id='line_1_38' title="bbox 60 4153 1218 4236; baseline 0.01 -25"><span class='ocrx_word' id='word_1_367' title='bbox 60 4153 140 4218; x_wconf 89' lang='lat' dir='ltr'><strong>lilium</strong></span> <span class='ocrx_word' id='word_1_368' title='bbox 159 4166 333 4234; x_wconf 79' lang='lat' dir='ltr'><strong>asseveret,</strong></span> <span class='ocrx_word' id='word_1_369' title='bbox 366 4157 456 4224; x_wconf 90' lang='lat' dir='ltr'><strong>etita</strong></span> <span class='ocrx_word' id='word_1_370' title='bbox 481 4158 521 4221; x_wconf 92' lang='lat' dir='ltr'><strong>nti</strong></span> <span class='ocrx_word' id='word_1_371' title='bbox 541 4159 611 4221; x_wconf 88' lang='lat' dir='ltr'><strong>dicit</strong></span> <span class='ocrx_word' id='word_1_372' title='bbox 636 4158 745 4221; x_wconf 85' lang='lat' dir='ltr'><strong>habere</strong></span> <span class='ocrx_word' id='word_1_373' title='bbox 765 4179 797 4222; x_wconf 87' lang='lat' dir='ltr'><strong>se</strong></span> <span class='ocrx_word' id='word_1_374' title='bbox 818 4168 961 4236; x_wconf 78' lang='lat' dir='ltr'><strong>testetur,</strong></span> <span class='ocrx_word' id='word_1_375' title='bbox 994 4157 1150 4222; x_wconf 86' lang='lat' dir='ltr'><strong>anathema</strong></span> <span class='ocrx_word' id='word_1_376' title='bbox 1167 4159 1218 4223; x_wconf 90' lang='lat' dir='ltr'><strong>sit.</strong></span> 
     </span>
     <span class='ocr_line' id='line_1_39' title="bbox 59 4249 1219 4346; baseline 0.009 -31"><span class='ocrx_word' id='word_1_377' title='bbox 59 4249 241 4322; x_wconf 75' lang='lat' dir='ltr'><strong>Manifestum</strong></span> <span class='ocrx_word' id='word_1_378' title='bbox 259 4259 338 4322; x_wconf 90' lang='lat' dir='ltr'><strong>enim</strong></span> <span class='ocrx_word' id='word_1_379' title='bbox 354 4270 418 4337; x_wconf 88' lang='lat' dir='ltr'><strong>est,</strong></span> <span class='ocrx_word' id='word_1_380' title='bbox 443 4281 507 4323; x_wconf 91' lang='lat' dir='ltr'><strong>cum</strong></span> <span class='ocrx_word' id='word_1_381' title='bbox 524 4260 605 4338; x_wconf 87' lang='lat' dir='ltr'><strong>vita,</strong></span> <span class='ocrx_word' id='word_1_382' title='bbox 631 4283 716 4344; x_wconf 90' lang='lat' dir='ltr'><strong>qnam</strong></span> <span class='ocrx_word' id='word_1_383' title='bbox 735 4261 764 4322; x_wconf 91' lang='lat' dir='ltr'><strong>in</strong></span> <span class='ocrx_word' id='word_1_384' title='bbox 782 4271 864 4346; x_wconf 90' lang='lat' dir='ltr'><strong>patre</strong></span> <span class='ocrx_word' id='word_1_385' title='bbox 881 4260 1090 4344; x_wconf 89' lang='lat' dir='ltr'><strong>intelligimus,</strong></span> <span class='ocrx_word' id='word_1_386' title='bbox 1116 4281 1219 4325; x_wconf 88' lang='lat' dir='ltr'><strong>esseo-</strong></span> 
     </span>
     <span class='ocr_line' id='line_1_40' title="bbox 60 4355 1219 4448; baseline 0.009 -30"><span class='ocrx_word' id='word_1_387' title='bbox 60 4355 93 4420; x_wconf 86' lang='lat' dir='ltr'><strong>tis</strong></span> <span class='ocrx_word' id='word_1_388' title='bbox 107 4360 160 4437; x_wconf 89' lang='lat' dir='ltr'><strong>sit,</strong></span> <span class='ocrx_word' id='word_1_389' title='bbox 172 4380 240 4425; x_wconf 75' lang='lat' dir='ltr'><strong>&#39;nec</strong></span> <span class='ocrx_word' id='word_1_390' title='bbox 255 4383 314 4424; x_wconf 85' lang='lat' dir='ltr'><strong>notu</strong></span> <span class='ocrx_word' id='word_1_391' title='bbox 333 4372 362 4423; x_wconf 93' lang='lat' dir='ltr'><strong>et</strong></span> <span class='ocrx_word' id='word_1_392' title='bbox 379 4363 521 4445; x_wconf 89' lang='lat' dir='ltr'><strong>unigeniti</strong></span> <span class='ocrx_word' id='word_1_393' title='bbox 538 4361 617 4442; x_wconf 86' lang='lat' dir='ltr'><strong>vita,</strong></span> <span class='ocrx_word' id='word_1_394' title='bbox 641 4383 716 4448; x_wconf 88' lang='lat' dir='ltr'><strong>quae</strong></span> <span class='ocrx_word' id='word_1_395' title='bbox 733 4384 750 4425; x_wconf 88' lang='lat' dir='ltr'><strong>a</strong></span> <span class='ocrx_word' id='word_1_396' title='bbox 766 4372 848 4447; x_wconf 86' lang='lat' dir='ltr'><strong>patre</strong></span> <span class='ocrx_word' id='word_1_397' title='bbox 864 4363 964 4447; x_wconf 88' lang='lat' dir='ltr'><strong>genita</strong></span> <span class='ocrx_word' id='word_1_398' title='bbox 983 4372 1046 4442; x_wconf 90' lang='lat' dir='ltr'><strong>est,</strong></span> <span class='ocrx_word' id='word_1_399' title='bbox 1070 4362 1219 4448; x_wconf 84' lang='lat' dir='ltr'><strong>intellige·</strong></span> 
     </span>
    </p>
   </div>
   <div class='ocr_carea' id='block_1_4' title="bbox 71 4479 1107 4548">
    <p class='ocr_par' dir='ltr' id='par_1_21' title="bbox 71 4479 1107 4548">
     <span class='ocr_line' id='line_1_41' title="bbox 71 4479 1107 4548; baseline 0.009 -22"><span class='ocrx_word' id='word_1_400' title='bbox 71 4479 110 4526; x_wconf 83' lang='lat'><strong>.5.</strong></span> <span class='ocrx_word' id='word_1_401' title='bbox 136 4483 218 4531; x_wconf 84' lang='lat' dir='ltr'><strong>omnes</strong></span> <span class='ocrx_word' id='word_1_402' title='bbox 244 4483 299 4532; x_wconf 73' lang='lat' dir='ltr'><strong>tibet</strong></span> <span class='ocrx_word' id='word_1_403' title='bbox 324 4483 409 4532; x_wconf 74' lang='lat' dir='ltr'><strong>lubeat</strong></span> <span class='ocrx_word' id='word_1_404' title='bbox 431 4482 530 4543; x_wconf 84' lang='grc' dir='ltr'>τοῦτον,</span> <span class='ocrx_word' id='word_1_405' title='bbox 556 4485 619 4546; x_wconf 85' lang='lat' dir='ltr'><strong>quod</strong></span> <span class='ocrx_word' id='word_1_406' title='bbox 653 4485 752 4534; x_wconf 71' lang='lat' dir='ltr'><strong>sture</strong></span> <span class='ocrx_word' id='word_1_407' title='bbox 769 4489 818 4534; x_wconf 80' lang='lat' dir='ltr'><strong>tuna</strong></span> <span class='ocrx_word' id='word_1_408' title='bbox 834 4487 928 4546; x_wconf 80' lang='lat' dir='ltr'><strong>scriptis</strong></span> <span class='ocrx_word' id='word_1_409' title='bbox 942 4499 1014 4548; x_wconf 81' lang='lat' dir='ltr'><strong>quem</strong></span> <span class='ocrx_word' id='word_1_410' title='bbox 1032 4487 1107 4536; x_wconf 80' lang='lat' dir='ltr'><strong>editis.</strong></span> 
     </span>
    </p>
   </div>
   <div class='ocr_carea' id='block_1_5' title="bbox 59 4547 1219 4682">
    <p class='ocr_par' dir='ltr' id='par_1_22' title="bbox 59 4547 1219 4682">
     <span class='ocr_line' id='line_1_42' title="bbox 59 4547 1219 4618; baseline 0.009 -22"><span class='ocrx_word' id='word_1_411' title='bbox 59 4551 147 4597; x_wconf 72' lang='lat' dir='ltr'><strong>unet.</strong></span> <span class='ocrx_word' id='word_1_412' title='bbox 688 4549 712 4605; x_wconf 81' lang='lat' dir='ltr'><strong>t.</strong></span> <span class='ocrx_word' id='word_1_413' title='bbox 732 4553 839 4604; x_wconf 82' lang='lat' dir='ltr'><strong>Fnrtosse</strong></span> <span class='ocrx_word' id='word_1_414' title='bbox 854 4549 899 4607; x_wconf 78' lang='lat' dir='ltr'><strong>eol</strong></span> <span class='ocrx_word' id='word_1_415' title='bbox 911 4547 967 4608; x_wconf 81' lang='grc' dir='ltr'>κατ’</span> <span class='ocrx_word' id='word_1_416' title='bbox 979 4547 1075 4617; x_wconf 69' lang='grc' dir='ltr'><strong>οὐσίαν,</strong></span> <span class='ocrx_word' id='word_1_417' title='bbox 1091 4559 1127 4605; x_wconf 82' lang='lat' dir='ltr'><strong>utt</strong></span> <span class='ocrx_word' id='word_1_418' title='bbox 1137 4569 1219 4618; x_wconf 71' lang='lat' dir='ltr'><strong>sumu.</strong></span> 
     </span>
     <span class='ocr_line' id='line_1_43' title="bbox 87 4612 756 4682; baseline 0.012 -14"><span class='ocrx_word' id='word_1_419' title='bbox 87 4612 168 4673; x_wconf 76' lang='lat' dir='ltr'><strong>teet</strong></span> <span class='ocrx_word' id='word_1_420' title='bbox 188 4621 304 4682; x_wconf 71' lang='lat' dir='ltr'><strong>meptevit</strong></span> <span class='ocrx_word' id='word_1_421' title='bbox 317 4619 438 4670; x_wconf 77' lang='lat' dir='ltr'><strong>esaum.</strong></span> <span class='ocrx_word' id='word_1_422' title='bbox 475 4623 543 4674; x_wconf 76' lang='lat' dir='ltr'><strong>auso</strong></span> <span class='ocrx_word' id='word_1_423' title='bbox 555 4623 618 4674; x_wconf 76' lang='lat' dir='ltr'><strong>saint</strong></span> <span class='ocrx_word' id='word_1_424' title='bbox 749 4647 756 4662; x_wconf 62' lang='grc' dir='ltr'><em>ι</em></span> 
     </span>
    </p>
   </div>
   <div class='ocr_carea' id='block_1_6' title="bbox 0 0 1540 5002">
    <p class='ocr_par' dir='ltr' id='par_1_23' title="bbox 0 0 1540 5002">
     <span class='ocr_line' id='line_1_44' title="bbox 0 0 1540 5002; baseline 0 0"><span class='ocrx_word' id='word_1_425' title='bbox 0 0 1540 5002; x_wconf 95' lang='lat' dir='ltr'><strong> </strong></span> 
     </span>
    </p>
   </div>
  </div>
 </body>
</html>
