3060 5026
295 306 433 358 canaan
451 305 516 358 mu.
530 307 575 358 nr.
591 305 676 358 ron.
689 305 720 357 n.
737 305 838 357 naus.
850 305 986 358 axani.
1154 289 1213 356 391

79 423 175 506 quidem
193 447 271 506 vox,
303 431 426 501 Misahh',
460 447 525 489 cnm
543 426 579 488 de
595 425 717 489 coelesti
741 425 791 490 illa
808 425 949 488 missione
973 405 1142 509 accipienda
1164 423 1215 503 sit,

77 525 279 606 aheotamen,
311 529 386 613 qnod
408 526 513 591 l‘etrus
530 527 621 606 dixit,
653 527 978 612 separarinoadebets
1008 530 1099 589 Iesun
1117 530 1357 596 haseccae

76 651 174 692 roccum
189 635 277 693 cirum
293 633 443 713 mulctum
460 635 490 693 a'n
508 632 584 693 nodis
596 635 740 712 prodigiis
757 651 792 692 oe
811 635 922 711 sr'grnt‘cq
953 649 1033 712 quem
1049 633 1137 690 unea't
1147 633 1217 692 teuc

73 736 161 810 spirutu
180 745 294 808 cuncto,
319 755 353 796 ao
376 732 488 817 reliqua
511 733 539 796 id
561 753 666 816 genos.

145 831 201 899 Sed
221 856 275 899 uec
291 836 335 900 his
355 835 469 920 quidem
487 845 624 899 contenta
644 833 813 898 suavissimi
829 833 869 898 illi
888 835 995 896 iratres
1011 832 1123 910 nostri,
1147 853 1213 896 com
1227 829 1346 952 xffln

72 935 129 1000 illud
150 937 202 1001 sibi
225 939 316 1002 semel
338 938 563 1024 proposuerint,
597 949 629 1000 ut
650 938 679 1001 in
703 935 838 1000 omnibus
864 933 1112 1020 opiniosissimam
1131 955 1213 999 suana
1347 933 1354 948 '

72 1038 142 1100 uobis
156 1041 349 1125 pervicaciam
370 1050 533 1125 opponant,
567 1038 654 1103 etiam
675 1039 858 1103 divinitatem
878 1034 989 1101 Christi
1010 1057 1126 1122 passam
1147 1057 1214 1101 esse

71 1159 166 1206 summa
179 1165 244 1207 cuna
262 1143 384 1206 audacia
409 1142 590 1228 praedicant.
636 1140 683 1205 Ad
699 1143 774 1226 quod
803 1140 860 1204 illis
883 1140 1007 1225 apostoli
1026 1139 1125 1206 verbis
1143 1139 1215 1202 abu·

70 1250 171 1307 turtur:
204 1249 323 1308 Sr'enuin
344 1248 558 1326 cognovissent,
590 1265 732 1326 nunquam
755 1248 896 1305 domenum
910 1246 1024 1324 glom'cc
1047 1245 1212 1324 crucfficr's·
1225 1257 1360 1316 uocans.

67 1357 128 1406 cent.
171 1346 218 1411 Ac
234 1368 297 1411 mea
315 1349 430 1432 quidem
451 1347 597 1410 sententia
615 1347 703 1431 aliqui
720 1345 901 1431 Apollinaris
916 1345 1068 1430 discipuli,
1094 1345 1141 1429 qui
1160 1345 1214 1408 mi·

67 1467 111 1508 nus
127 1449 198 1513 istud
218 1449 434 1534 intelligerent,
460 1469 524 1511 cum
545 1448 610 1512 aliis
628 1447 780 1513 erroribus
798 1447 875 1511 harno
892 1447 985 1533 ipsum
1000 1455 1211 1533 proponentes,

66 1550 177 1634 argutuli
195 1551 299 1615 volunt
315 1551 422 1616 uideri.
468 1547 565 1614 Miror
580 1551 656 1613 enim
674 1551 699 1614 si
717 1551 859 1614 eiusmodi
879 1549 1022 1636 quicpiam
1043 1549 1079 1612 ab
1094 1569 1131 1612 eo
1149 1550 1213 1612 lue·

65 1649 96 1712 rit
119 1665 273 1718 assertum.
328 1653 435 1739 Neque
460 1673 532 1717 vero
557 1651 757 1715 admirandum
783 1663 830 1716 cst
855 1651 930 1737 quud
956 1652 1102 1736 scriptura
1125 1670 1212 1716 sacra

65 1753 198 1820 danninum
224 1757 337 1841 gloriae
363 1756 535 1820 ornoillxnm
559 1773 626 1817 esse
650 1755 769 1817 dixerit.
817 1751 967 1839 Siquidem
985 1766 1016 1817 et
1032 1765 1211 1840 assumptam

63 1855 176 1922 hominis
198 1870 332 1922 naturam
354 1859 467 1942 gloriae
487 1855 634 1920 dominnm
654 1856 854 1942 appellemqs3
887 1856 992 1943 qnippe
1017 1877 1092 1941 qnae
1113 1857 1151 1922 ab
1168 1857 1212 1920 di-

62 1957 172 2023 vioitatc
194 1961 313 2024 minime
337 1970 472 2044 separata
488 1959 537 2022 sit.
582 1955 651 2021 Nec
669 1959 757 2022 nllnm
775 1958 803 2022 in
823 1979 858 2022 eo
875 1980 986 2044 genere
1005 1981 1078 2045 opus
1095 1969 1146 2024 aut
1163 1981 1212 2023 ar-

60 2071 219 2142 gumentum
237 2063 375 2147 estquod
394 2083 451 2126 non
468 2061 620 2126 commode
636 2061 731 2146 possit
744 2060 886 2146 intelligi,
911 2063 1043 2146 adeoque
1060 2073 1151 2126 totum
1166 2061 1212 2126 in·

60 2164 231 2252 carnationis
256 2166 403 2248 negotium
428 2163 464 2226 sd
487 2177 574 2226 uuam
601 2163 782 2248 eandemque
805 2163 1087 2228 administrationem
1113 2165 1212 2250 perle-

57 2266 235 2356 ctionemque
261 2267 423 2352 conspirat.
471 2262 571 2350 ltaque
589 2265 737 2351 patibilem
761 2286 816 2330 nos
836 2262 987 2331 Christum
1008 2266 1209 2351 praedicamus

56 2387 85 2430 ac
101 2372 265 2448 credimusq
299 2391 358 2432 non
377 2368 453 2453 quod
471 2388 523 2452 per
544 2387 612 2432 sese
630 2367 668 2431 sit
686 2388 806 2453 passusa
838 2387 934 2453 neque
951 2369 1026 2453 quod
1046 2367 1121 2432 alius
1136 2369 1209 2432 sita

56 2472 177 2554 patiente
195 2473 349 2550 domiuus,
382 2491 477 2554 neque
501 2471 577 2555 quod
598 2470 697 2533 diuina
720 2479 823 2535 natura
850 2491 936 2556 passa
957 2471 1013 2534 sit:
1046 2491 1150 2536 verum
1167 2467 1208 2536 ita

56 2573 183 2640 domitans
201 2584 304 2639 noster
323 2571 408 2636 lesus
426 2569 563 2636 Christus
587 2591 692 2658 passus
717 2584 763 2635 est
789 2583 820 2636 ut
838 2571 931 2658 ipsios
954 2572 1092 2636 divinitas
1115 2583 1209 2638 muta-

55 2675 135 2740 tionis
152 2677 250 2742 omnis
267 2687 298 2739 et
316 2673 461 2762 passionis
482 2695 592 2758 expers
616 2674 805 2740 nihilomiuus
821 2674 851 2738 in
872 2695 960 2740 cruce
979 2685 1145 2758 pateretur,
1178 2685 1209 2739 et

53 2775 109 2860 ipsa
135 2780 244 2844 unllam
270 2779 300 2841 iu
324 2797 392 2842 sese
415 2776 581 2861 passionem
609 2776 808 2863 experiretur.
855 2776 942 2862 Quod
967 2778 1044 2842 enim
1067 2773 1206 2843 Christus

53 2891 148 2944 nostra
171 2901 279 2944 caussa
304 2891 436 2944 mortuus
462 2890 524 2958 cst,
558 2899 687 2965 vereque
708 2891 859 2960 mortuus,
891 2902 949 2944 noo
970 2880 999 2944 in
1024 2880 1206 2945 diuinitatem

52 3001 126 3046 mors
144 2983 196 3047 illa
213 2981 336 3062 eccidit,
370 2983 421 3047 sed
446 2983 475 3045 in
501 3001 591 3046 carue
615 2993 748 3046 mortuus
772 2993 834 3060 ests
866 2983 1108 3068 quemadmodum
1133 2983 1208 3046 scri·

51 3094 123 3166 ptum
143 3096 209 3162 est,
235 3088 428 3166 Mortr'ficutus
447 3106 550 3161 corne,
575 3088 842 3166 ur'ufficatuscutenu
861 3090 984 3167 spari-itu.-
1009 3085 1098 3164 item,
1124 3087 1360 3200 Chri-{me}

49 3197 89 3246 cto
101 3209 189 3268 pasco
201 3209 256 3269 pro
274 3189 355 3250 nodis
376 3194 405 3250 a'n
426 3209 521 3250 corne.
571 3183 770 3269 Quamobrem
794 3187 935 3272 singulari
957 3187 1081 3272 quadam
1109 3198 1140 3251 et
1156 3188 1207 3251 ad·
1354 3173 1361 3188 ⁹

50 3287 170 3353 mirabili
191 3290 305 3353 ratione
331 3310 402 3353 vere
420 3311 538 3376 passum
557 3289 637 3354 illum
661 3310 728 3354 esse
748 3291 938 3368 conhtemur,
973 3299 1003 3353 et
1022 3290 1146 3353 eundem
1164 3301 1208 3354 ta·

49 3409 110 3454 men
134 3411 210 3456 vere
236 3393 382 3477 passionis
409 3403 579 3476 expertem,
615 3392 690 3476 qoud
719 3391 789 3456 nihil
814 3391 953 3457 diviuitas
979 3392 1042 3477 ipsa
1067 3392 1204 3477 patiatur,

49 3493 183 3574 quoniam
200 3494 237 3557 ab
255 3495 333 3558 omui
353 3494 554 3558 uicissitudine
571 3502 601 3556 et
616 3493 754 3579 passione
772 3494 910 3559 immunis
929 3505 992 3576 cst,
1017 3493 1206 3579 eiusdemque

47 3613 108 3657 cum
127 3607 211 3681 patre
228 3595 422 3660 substantiae.
470 3593 513 3660 lta
533 3617 622 3681 porco
641 3617 755 3680 passam
773 3617 842 3660 esse
859 3617 979 3662 carnem
996 3599 1158 3662 asserimus
1174 3607 1207 3662 nt

47 3693 73 3756 in
92 3697 156 3782 ipsa
175 3699 367 3784 perpessione
381 3697 520 3763 divinitas
539 3719 722 3785 nequaquam
739 3697 775 3764 ab
790 3712 938 3788 assumpta
957 3701 1083 3765 hominis
1101 3710 1206 3763 natura

44 3797 178 3864 seiuncta
204 3801 254 3863 sit.
302 3799 387 3864 'Tum
412 3801 489 3863 enim
513 3801 651 3865 diuinitas
678 3824 743 3866 cnm
768 3803 893 3867 hnmana
918 3814 1023 3868 natura
1049 3801 1205 3866 coniuncta

46 3899 116 3978 luit,
142 3904 260 3986 quaudo
277 3899 414 3968 Christus
432 3903 460 3966 in
479 3923 568 3967 cruce
584 3905 708 3970 suffixus
730 3926 821 3970 carue
837 3927 941 3993 passus
958 3915 1021 3981 est,
1052 3903 1123 3966 nihil
1141 3903 1205 3989 ipsa

44 4002 198 4067 diuinitate
216 4005 363 4089 petienteq
387 4027 446 4091 qno
460 4005 627 4070 instilicstio
641 4018 742 4072 nostra
757 4029 816 4072 non
834 4009 958 4094 amplius
978 4005 1008 4069 iu
1023 4007 1084 4071 sola
1099 4027 1202 4087 carne,

43 4104 203 4170 sedetiam
222 4106 422 4171 indivinitate
446 4109 642 4188 consisteret,
674 4123 762 4195 atque
779 4122 811 4176 ut
827 4133 843 4175 a
861 4108 1013 4173 divinitate
1037 4109 1141 4189 simul,
1174 4120 1205 4174 et

43 4225 134 4269 carne
164 4207 245 4272 salus
268 4221 368 4272 nostra
395 4210 644 4295 proficisceretur.
691 4211 808 4276 Etenim
835 4208 972 4277 Christus
996 4233 1054 4275 non
1077 4211 1204 4298 simplex

42 4328 76 4370 ac
95 4310 190 4374 nudus
209 4311 295 4374 homo
315 4309 385 4390 luit,
417 4312 607 4377 sedverbum
629 4313 812 4394 subsistens,
844 4315 1046 4392 incarnatum,
1078 4337 1112 4380 ac
1130 4317 1204 4382 deus

41 4410 131 4474 homo
148 4431 251 4476 revera
276 4413 388 4492 lactus,
420 4426 451 4478 nt
471 4435 551 4500 spem
572 4426 701 4482 nostram
721 4438 779 4482 raon
799 4418 921 4504 amplius
937 4417 966 4481 in
984 4418 1117 4500 homine,
1149 4419 1202 4484 sed

41 4511 69 4574 in
89 4512 245 4578 divinitate
261 4515 456 4600 collocemus,
481 4538 576 4603 neque
599 4519 757 4610 patientem
775 4521 881 4602 deum,
905 4519 991 4588 seda
1011 4521 1202 4616 perpessione
