3058 5014
299 309 437 362 raaauu
455 309 518 361 ero.
531 309 575 360 ur.
593 307 676 361 rou.
694 307 713 358 r.
733 307 834 359 uasa.
852 305 975 362 oxxrr.
1154 295 1216 362 245

51 429 123 493 duat
149 429 267 507 omnic,
302 440 333 494 ct
356 428 633 494 ratiocinationibus
660 417 1040 513 argumentisqne'rrlictis
1066 449 1216 495 sacrarum

50 553 83 596 sc
103 532 258 598 literarum
277 532 444 597 auctoritati
467 531 692 616 sententiaeque
714 531 904 610 subruittuut‚
938 553 1014 615 quac
1029 532 1105 596 istud
1124 535 1217 617 ipsum

49 636 240 720 pronuntiat:
264 639 353 698 ll'erao
369 638 552 717 aovitfilc’ura
569 639 629 696 alsi
636 645 738 715 pater:
762 656 851 716 aeque
861 647 972 716 patrem
988 637 1153 716 ar'sr'filins,
1185 648 1215 698 et
1245 648 1332 698 Μιιιιι.

48 743 98 798 cni
117 741 300 800 revelaverit.
347 736 474 802 Revelat
500 748 598 800 auteur
624 757 677 822 per
702 736 837 821 spiritam
861 748 995 800 sanctum
1021 759 1080 800 ιιιιιι
1104 737 1141 802 iis
1167 737 1217 822 qui
1252 703 1332 757 11,2r.

48 839 234 926 syllogismis
250 861 283 906 sc
301 841 363 904 suis
382 852 412 905 ct
428 841 551 926 argutiis
568 839 818 925 comprehendere
836 838 986 918 nituntur,
1020 841 1072 903 sed
1090 839 1127 904 iis
1144 841 1217 903 dira·

47 953 134 1006 taxat
152 943 201 1028 qni
219 943 247 1007 ia
263 963 296 1008 sc
310 943 427 1007 sincere
450 945 637 1029 perlectoque
661 940 851 1004 credideriut.
896 939 975 1005 Nasu
993 962 1089 1026 acque
1106 945 1369 1018 rbdr'rmttmaucs

47 1048 130 1108 r'llr'rcs
139 1051 325 1128 perscrutari
337 1047 467 1132 poteris,
493 1065 589 1130 aeque
605 1047 668 1107 vrbs
687 1047 876 1124 canestigare,
901 1044 978 1108 sicut
996 1045 1137 1130 scriptum
1155 1057 1213 1124 ost,

47 1148 168 1212 tametsi
193 1148 320 1214 inbuitas
344 1169 437 1234 aegas
464 1147 600 1226 edutias,
636 1131 861 1225 omiseramus,
896 1168 932 1210 ac
954 1147 1013 1212 mci
1034 1147 1139 1211 sinaitis
1162 1147 1215 1212 bo-

46 1250 186 1314 mancio!

134 1353 217 1417 Aelii
243 1349 340 1439 Caput
357 1349 447 1416 Vlll.
494 1349 527 1417 Si
553 1351 703 1436 ingenitos
725 1351 798 1416 deus
827 1351 988 1436 generandi
1012 1351 1041 1416 vi
1065 1361 1143 1416 totus
1168 1361 1217 1418 est

46 1456 218 1542 praeditus,
252 1457 328 1540 quod
345 1459 477 1542 genitum
498 1466 562 1535 est,
597 1456 757 1519 secuudum
775 1466 910 1518 uruurnm
931 1476 989 1519 noo
1009 1465 1055 1519 est
1069 1455 1214 1540 genitium,

45 1579 112 1621 com
136 1568 197 1622 tota
219 1558 280 1644 ipsa
301 1570 404 1622 aratura
424 1558 543 1622 iusitum
562 1556 631 1621 illud
654 1557 760 1621 lrabeat
785 1567 816 1622 ιιι
833 1559 952 1642 gignat,
986 1578 1044 1620 aon
1060 1568 1093 1622 ut
1110 1557 1214 1640 gigua-

45 1671 105 1724 tur.
161 1657 249 1744 Quod
277 1661 303 1724 si
330 1672 507 1726 commutata
535 1660 581 1724 dei
605 1658 735 1724 essentia
760 1660 892 1743 genitum
919 1660 1053 1745 quiddam
1077 1671 1212 1741 vocetur,

44 1784 105 1826 acu
131 1763 190 1827 erit
217 1763 423 1840 immutabilis,
454 1785 520 1828 cum
538 1761 566 1826 ei
581 1763 643 1848 ipso
664 1764 785 1827 mutatio
804 1762 852 1827 ulit
868 1764 1076 1849 proprietatem
1094 1763 1211 1827 efficiat.

44 1863 101 1929 Sia
120 1876 152 1928 et
168 1867 339 1930 mutationis
361 1877 407 1930 est
423 1887 551 1952 expers,
583 1876 613 1930 et
629 1867 707 1929 ornari
724 1867 917 1950 generatione
941 1865 987 1929 dci
1007 1876 1110 1930 natura
1129 1885 1212 1951 prac-

43 1967 192 2047 stantior,
216 1970 291 2052 quod
315 1970 351 2032 de
375 1968 434 2032 lilio
456 1969 618 2048 asseritur,
642 1969 703 2032 sola
727 1970 922 2056 appellatione
945 1968 1103 2033 constabit.

131 2066 256 2136 Corrlnt.
275 2073 354 2136 thl.
402 2069 471 2136 Noa
495 2071 650 2150 tesclum,
683 2072 770 2152 acui,
803 2073 854 2135 scd
871 2082 899 2136 et
916 2075 1087 2134 haereticum
1104 2091 1366 2150 enarraremus

39 2183 108 2254 post
119 2177 243 2254 pruinam
255 2180 459 2257 correptionem
476 2172 609 2238 deuitare
625 2175 766 2258 oportuit,
791 2195 830 2238 ex
847 2186 950 2238 sarrctn
967 2175 1013 2239 illa
1028 2173 1214 2262 sapientique

42 2276 129 2342 Pauli
149 2277 310 2342 sententio.
356 2277 421 2340 Abs
440 2287 468 2340 te
486 2277 563 2340 enirn
581 2275 645 2363 ipso
664 2279 817 2342 eluminatus
834 2277 948 2343 tibimet
964 2277 1108 2357 exitium,
1132 2277 1212 2340 uullo

42 2380 102 2444 alio
122 2391 268 2466 cogente,
300 2379 474 2444 consciscis.
519 2377 631 2464 Ecquis
649 2380 736 2464 igitur
753 2381 830 2446 illius
845 2380 1052 2460 miserebitur,
1085 2380 1133 2465 qui
1155 2381 1366 2458 altmarus

42 2488 103 2565 ipsi
122 2486 233 2558 malros,
269 2487 377 2546 aemr'm'
393 2485 482 2544 olten'
504 2483 593 2544 bourn
609 2490 675 2545 est?
718 2480 778 2548 Sed
800 2506 836 2547 ua
851 2484 977 2571 pessima
993 2484 1042 2548 illa
1061 2484 1210 2568 dogmata,

42 2606 119 2670 quac
141 2586 172 2650 io
190 2586 298 2650 muodo
319 2596 349 2649 tc
367 2594 488 2648 auctare
508 2585 703 2670 pullularunt,
728 2587 912 2672 magnilocum
927 2587 1062 2672 quiddam
1084 2596 1114 2650 et
1132 2587 1212 2650 cius·

43 2688 122 2752 modi
139 2708 208 2753 csse
224 2707 349 2752 censeas
366 2697 396 2751 ut
413 2687 531 2752 verituti
549 2687 753 2753 contradicere
778 2691 907 2776 possint,
931 2690 961 2753 iu
979 2690 1034 2753 lunc
1049 2690 1142 2775 ipsnar
1160 2709 1211 2774 pa-

42 2792 128 2854 tienti
147 2791 350 2854 incumbemus
364 2789 461 2855 animo
479 2801 511 2855 ut
522 2795 763 2874 arrcr'pc'u'gladr'o,
787 2797 840 2856 doc
852 2805 896 2856 est
911 2793 1125 2870 Cbrc'rn'nerdo,
1149 2791 1208 2878 spi·
1221 2811 1363 2870 nunqu

42 2913 133 2956 aosas
152 2903 219 2956 tuas
234 2893 350 2956 radices
366 2893 551 2973 excidamus,
575 2915 610 2957 ac
626 2894 774 2958 salubrem
791 2897 949 2981 perlectam
964 2916 1000 2958 ac
1013 2895 1160 2959 sinceram
1178 2895 1211 2958 li-

42 2995 88 3058 dei
106 2995 327 3060 caulessio'uem
346 3017 540 3082 opponamus.
585 2993 714 3079 Magnas
738 2997 835 3082 itaque
857 2995 1040 3062 misericordi
1066 2998 1121 3061 dcc
1142 3017 1210 3081 gra·

42 3098 100 3164 tias
120 3119 213 3182 agere
236 3097 394 3177 debemus,
425 3098 473 3183 qui
499 3098 662 3164 cuiusmodi
685 3100 727 3163 sis
750 3100 881 3164 iudicare
907 3100 992 3164 uobis
1015 3100 1129 3177 voluit,
1164 3109 1207 3177 tu,

40 3201 179 3286 iuquam,
204 3201 252 3285 qui
272 3199 361 3265 ludae
380 3202 475 3265 locum
494 3200 647 3286 vicemque
665 3203 814 3282 sustines,
839 3204 969 3288 quicum
989 3202 1067 3266 inter
1082 3201 1210 3287 discipu-

42 3304 87 3367 los
120 3315 310 3382 conseretur,
347 3303 383 3368 ab
407 3325 508 3367 eoruru
540 3324 661 3367 numero
688 3317 864 3388 segregatus
894 3316 958 3382 cst,
993 3306 1069 3390 quod
1095 3299 1209 3370 Cluisti

43 3417 143 3469 mente
160 3427 343 3491 nequaquam
362 3407 512 3492 praeditus
529 3403 688 3472 eSatuuce
707 3407 803 3471 alllatu
824 3408 963 3472 octarium
981 3409 1057 3472 illum
1075 3408 1209 3472 eiuraudi

43 3509 88 3570 dei
107 3508 288 3572 voluntatem
312 3511 474 3594 expressit.
523 3507 566 3574 lta
590 3520 621 3573 et
639 3522 670 3574 tu
690 3511 791 3574 uerbis
817 3522 903 3577 teaus
926 3509 1014 3576 bliaut
1035 3511 1080 3576 dei
1100 3510 1208 3574 bebere

42 3621 70 3672 te
86 3611 118 3674 iu
134 3611 232 3674 auimo
249 3612 407 3697 profiteris.
453 3610 531 3697 Quid
547 3623 644 3675 auteur
669 3613 800 3700 pluribus
825 3625 920 3678 tecum
938 3614 1064 3700 colloqui
1084 3632 1208 3677 necesse

42 3724 108 3792 est,
134 3736 201 3778 cum
220 3716 263 3778 sis
279 3715 314 3780 ab
330 3715 408 3779 currui
427 3727 513 3778 coetu
533 3711 770 3780 Christianorum
789 3717 924 3796 alienus,
957 3716 1105 3804 prophetis
1123 3714 1208 3779 uiuri·

43 3838 125 3894 rum,
149 3817 310 3902 apostolis,
335 3818 544 3903 evangelistis,
576 3819 772 3906 martyribus,
804 3822 913 3884 ceteris
929 3822 1056 3906 dcuique
1075 3819 1208 3882 astrictis?

43 3915 102 4001 Qui
125 3931 154 3984 te
170 3931 308 3984 extremo
324 3920 374 3984 illo
398 3919 497 3984 iudicii
514 3921 561 3983 dic
585 3923 678 4006 palam
702 3924 898 4006 redarguent,
932 3925 1007 4008 quod
1028 3923 1205 3986 admoneor

44 4043 136 4104 osque
165 4023 374 4107 quaestiones,
408 4024 539 4107 flagella,
571 4024 720 4103 laurinus,
756 4025 886 4105 bestias,
921 4026 1020 4109 ignes,
1057 4035 1207 4109 postremo

43 4123 170 4205 gladium
184 4126 398 4204 stastiuucriat,
430 4140 461 4189 ιιι
476 4147 513 4189 ue
527 4127 573 4190 dci
591 4128 697 4206 tilium,
732 4139 762 4192 et
779 4128 815 4190 ab
832 4129 897 4213 ipso
919 4148 1024 4192 rereru
1045 4129 1206 4212 procedan-

44 4235 103 4289 tcm
122 4229 316 4312 abnegarent.
363 4225 452 4293 l’utcr
476 4229 553 4293 euim
580 4251 668 4295 unum
693 4231 838 4294 duntaxat
864 4231 971 4310 filium,
1003 4251 1061 4293 arou
1081 4230 1205 4295 alterum

42 4329 79 4390 ab
97 4351 133 4390 ea
149 4341 244 4415 potest
262 4332 405 4416 gignere,
431 4332 505 4394 idem
524 4343 554 4396 et
568 4335 702 4418 spiritnru
722 4343 957 4412 saurir-tum‚,uou
976 4333 1098 4398 ultorum
1116 4333 1153 4396 ab
1169 4355 1205 4400 eo

42 4431 175 4516 spiritam
191 4447 295 4520 suapte
311 4434 358 4513 ri,
382 4445 469 4520 atque
483 4456 521 4499 ex
538 4457 606 4500 sese
621 4436 771 4521 produxit.
817 4437 860 4500 Αι
877 4446 978 4502 dorum
995 4457 1070 4524 quac
1086 4437 1123 4500 ab
1141 4437 1205 4526 ipso

76 4565 102 4620 c.
118 4561 210 4642 amoq
228 4571 280 4622 aa
298 4572 396 4636 aaran.
1156 4527 1159 4534 ¹
