3060 5026
308 278 445 331 raanan
463 279 526 330 nro.
543 277 588 331 rn.
604 278 686 332 noar.
704 279 734 330 n.
751 279 851 330 anan.
864 279 994 332 cunr.
1165 267 1225 332 tut

73 401 108 465 ad
124 400 228 464 inanes
245 419 279 464 ac
296 399 474 486 pertinaciae
490 417 562 464 anae
578 409 793 464 consentaneas
809 419 877 464 aeae
900 398 1010 464 tabulas
1031 400 1226 465 *transferunt

72 501 151 569 Nam
170 523 284 588 ungnes
297 502 376 566 illum
395 513 425 567 et
441 522 558 566 carnem
576 519 610 565 ae
628 500 760 588 capillos,
785 511 940 586 ceteraque
958 501 1057 566 omnia
1075 523 1134 566 non
1151 503 1229 567 eins·

71 603 153 670 modi
176 604 271 691 qualia
296 606 326 669 in
352 603 437 669 nobis
464 604 582 685 insunt,
614 603 751 668 babuisse
775 605 961 691 praedicant,
996 605 1048 670 aad
1074 625 1229 689 ungnesa

72 707 185 772 nostris
202 707 353 786 diversos,
384 707 542 792 itidemque
567 727 683 771 earnem
703 727 738 770 ac
753 707 864 793 reliqua
887 706 915 770 id
935 727 1029 791 genus
1047 728 1105 771 non
1123 706 1229 772 similia

71 821 263 889 nostrornm,
294 811 346 874 sed
372 808 407 874 ab
431 809 467 873 iis
489 810 575 893 longe
600 809 806 895 discrepantia.
850 807 998 874 Nimirum
1022 819 1054 874 ut
1078 807 1229 875 Valentini

71 935 109 977 ac
132 924 296 977 ceterarum
319 931 391 996 quas
416 923 504 976 antea
527 911 821 978 commemoravimus
844 913 1008 978 haereseon
1032 931 1114 976 more
1140 912 1230 976 oevil-

72 1016 179 1079 latoria
200 1014 323 1100 quedam
347 1014 460 1096 argutia
479 1009 599 1079 Christo
616 1013 775 1098 gratificari
799 1015 965 1079 videantur.
1010 1011 1095 1080 Unde
1114 1034 1229 1080 cumea

72 1118 173 1182 omnia
186 1138 259 1202 quae
271 1117 371 1180 insunt
386 1115 416 1180 in
433 1112 554 1181 Gbristo
569 1117 698 1202 perlecta
715 1115 905 1202 absoluteque
922 1117 1122 1204 profiteamur,
1140 1118 1230 1182 multa

69 1221 114 1284 illi
134 1221 170 1284 de
185 1221 288 1284 eodem
302 1218 428 1283 absurde
442 1239 477 1285 ac
495 1219 611 1283 curiose
626 1218 776 1304 disputare
792 1219 900 1283 solent.
947 1217 993 1284 De
1008 1240 1066 1304 quo
1083 1219 1230 1284 bominum

69 1343 204 1409 genere,
244 1321 380 1406 quicum
409 1320 564 1385 multarum
590 1341 688 1385 rernm
716 1330 869 1406 satagant,
904 1321 975 1385 nibil
1000 1331 1098 1386 tamen
1126 1333 1229 1408 agunt,

69 1426 220 1510 scriptura
235 1424 378 1488 meminit.
425 1421 542 1488 Etenim
559 1445 616 1509 qno
631 1421 781 1487 radiorum
797 1424 909 1488 animos
926 1425 1050 1509 quodam
1067 1425 1147 1490 velut
1163 1425 1230 1490 bor·

68 1547 143 1592 rore
161 1526 353 1613 perfundant,
385 1527 456 1591 baec
472 1522 630 1590 identidem
655 1524 814 1590 obiiciente
847 1523 929 1611 Ergo
947 1526 1110 1590 istiusmodi
1126 1547 1231 1614 corpo·

69 1629 115 1694 ris
141 1629 384 1709 necessitatibus,
419 1649 492 1714 quae
519 1629 545 1691 ei
563 1628 823 1706 lamiliaressnnt,
855 1629 1013 1694 obstrictus
1034 1631 1102 1705 luit,
1136 1627 1230 1715 qualis

69 1731 187 1816 egestio
211 1741 258 1795 eat
277 1752 313 1794 ac
336 1733 496 1796 secessus?
538 1731 658 1795 Addunt
675 1741 705 1794 et
721 1730 778 1795 alia
797 1729 953 1816 pleraque,
984 1751 1059 1816 quae
1075 1730 1178 1796 callida
1195 1753 1230 1796 ac

68 1835 191 1900 subtilia
215 1834 369 1912 ridentur,
404 1835 456 1898 sed
481 1834 627 1897 horrenda
648 1833 811 1897 otiosorum
836 1833 984 1897 bominum
1014 1835 1124 1899 ludicra
1148 1843 1228 1898 sunt.

66 1935 171 2014 Nam,
200 1945 232 2000 nt
248 1937 290 1999 ait
304 1934 462 2022 propbeta,
492 1941 556 2018 pub
580 1939 650 1997 doec
665 1959 681 1996 e
695 1938 823 1999 munibus
845 1941 947 2000 uestris
965 1941 1135 2018 repastinet?
1178 1933 1225 2000 De
1238 1956 1302 2004 sect
1314 1957 1336 2012 t.
1350 1957 1383 2004 u.

68 2059 202 2126 quonam
220 2059 293 2102 vero
309 2059 348 2102 err
364 2038 498 2102 omnibns
516 2037 637 2116 sanctis,
661 2039 777 2102 tametsi
795 2037 927 2101 laonrines
942 2048 1043 2102 essent
1059 2038 1229 2124 prophetae,

67 2163 130 2206 non
150 2141 207 2220 dii,
239 2151 270 2204 ut
297 2151 326 2204 et
348 2140 549 2226 eeartgelistae
576 2140 743 2225 notarique,
775 2141 822 2224 qai
841 2160 882 2203 ex
898 2137 993 2205 anima
1009 2152 1039 2204 et
1054 2159 1143 2204 cerne
1160 2160 1231 2204 con·

65 2243 209 2323 stabant,
242 2263 277 2306 eo
292 2243 357 2307 sine
375 2245 433 2307 ulle
451 2241 631 2308 dubitatione
651 2242 744 2306 nostri
764 2241 875 2308 similes
894 2253 996 2322 erant,
1029 2242 1093 2327 quis
1113 2242 1228 2321 borum,

65 2349 204 2431 inquam,
229 2347 329 2410 extitit
343 2347 380 2410 de
394 2367 451 2430 qno
465 2346 608 2416 eiusmodi
625 2345 765 2430 quaedam
784 2346 949 2432 conscripta
965 2345 1092 2410 luerint?
1120 2343 1230 2409 Nonne

65 2450 171 2537 potius
188 2447 394 2514 honestissima
409 2468 541 2534 quaeque
559 2449 595 2513 de
612 2447 741 2527 sanctis,
772 2449 877 2512 nedum
902 2451 938 2513 de
954 2443 1075 2514 Christo
1099 2448 1229 2527 domino,

66 2533 220 2636 scriptura
241 2551 391 2614 testatur?

160 2651 268 2717 Dicant
288 2653 373 2718 nobis
396 2651 485 2738 liqui
509 2664 539 2718 et
564 2671 635 2718 ovea
657 2652 840 2733 absterrent,
875 2664 905 2717 et
925 2652 1072 2717 columbas
1093 2651 1226 2737 abigunt,
1276 2671 1310 2722 c.

66 2773 100 2826 et
121 2756 236 2825 Christi
262 2777 356 2841 ugnos
381 2777 415 2818 an
435 2776 542 2841 pecora
567 2757 686 2840 legant,
717 2756 834 2820 ubinam
850 2753 974 2843 Moyses
995 2757 1063 2819 totis
1085 2756 1142 2821 illis
1158 2777 1229 2840 qua·
1271 2689 1342 2794 xii·

66 2863 207 2948 draginta
224 2861 326 2924 diebus
344 2869 478 2921 ventrem
497 2858 727 2922 exoneraveritl
755 2879 879 2942 quartem
905 2859 940 2921 ad
957 2879 1106 2923 secessum
1126 2857 1233 2922 abierit

66 2965 156 3030 Elias
174 2965 209 3026 ed
224 2972 385 3026 torrentem
404 2956 536 3039 Cborra,
560 2981 624 3024 cum
642 2962 777 3024 mandato
793 2961 857 3039 dei,
889 2979 962 3044 qnae
977 2981 993 3023 a
1010 2961 1108 3024 corvis
1125 2961 1232 3024 adere-

65 3070 182 3132 bantnr
198 3063 324 3143 cibaria,
349 3063 404 3127 boc
420 3073 466 3127 est
481 3072 618 3126 mctactc'no
637 3076 758 3154 tempore
768 3083 880 3144 mnam,
905 3085 1018 3144 comere
1034 3085 1135 3126 carnes
1153 3085 1228 3127 com·
1259 3082 1279 3127 a.
1293 3081 1351 3138 nep

64 3176 177 3234 ederet
238 3165 387 3232 Nimirum
421 3165 539 3228 stultum
576 3175 641 3229 erat
669 3166 740 3228 baec
767 3187 784 3229 n
812 3167 956 3252 scriptura
992 3167 1227 3245 commemorari,
1269 3134 1336 3190 m

65 3271 315 3358 quemadmodum
331 3279 362 3332 et
374 3268 441 3332 illos
458 3268 543 3330 modo
562 3269 738 3351 perscrutari
756 3269 874 3332 stultum
893 3279 950 3333 est.
996 3265 1080 3352 Qnac
1098 3270 1174 3332 enim
1190 3289 1231 3333 ex

65 3377 106 3440 iis
130 3373 242 3438 utilitas
266 3371 374 3458 percipi
398 3372 514 3456 potestl
543 3371 608 3454 quis
626 3368 714 3434 animi
733 3371 864 3434 tructusl
892 3391 966 3454 quae
985 3391 1021 3436 eo
1039 3381 1150 3434 tantum
1164 3391 1232 3456 spe-

65 3487 134 3542 ctet
151 3486 183 3540 ut
202 3475 237 3538 ed
256 3485 460 3560 praesumptae
479 3472 628 3537 cniusdam
647 3471 791 3556 opinionis
809 3471 1008 3536 infidelitatem
1026 3473 1231 3537 adstruendam

64 3578 263 3644 inanissimas
280 3575 453 3640 occasiones
469 3574 582 3660 frigidis
595 3574 653 3639 illis
669 3574 754 3658 ungis
769 3585 797 3637 et
815 3575 849 3638 ad
865 3575 1027 3640 animorum
1045 3575 1230 3640 eversionem

64 3681 189 3746 idoneis
214 3678 389 3764 suppeditet.
436 3677 533 3743 Velim
555 3689 582 3740 et
603 3679 656 3741 boe
679 3698 767 3763 porro
787 3677 871 3742 nobis
895 3679 1075 3757 edisserent,
1109 3699 1231 3763 qtranam

66 3785 190 3849 ratione
216 3783 308 3861 deus,
340 3803 404 3846 cum
426 3783 535 3860 voluit,
569 3781 595 3844 il
620 3782 715 3865 egerit
739 3792 770 3844 nt
789 3778 988 3846 lsraetttamm
1008 3790 1085 3844 totos
1109 3781 1232 3864 quadra-

65 3889 152 3972 ginta
180 3905 275 3949 annos
298 3903 393 3968 neptae
417 3884 465 3970 pili
488 3893 676 3963 crescerent,
708 3905 763 3947 nec
781 3885 983 3949 inveteraverat
1003 3881 1112 3961 calcei,
1137 3901 1231 3966 neque

65 4001 175 4054 vestes
191 3997 402 4064 attererentur,
426 3995 478 4049 ant
491 3986 627 4049 sordibus
642 3986 884 4050 obsolescerent?
927 3985 975 4048 An
992 3995 1022 4047 et
1035 3981 1083 4046 isti
1096 3985 1132 4048 de
1147 3985 1231 4048 coelo

66 4091 308 4156 descenderent?
337 4100 385 4152 ent
402 4089 440 4152 dii
456 4089 570 4153 scilicet
589 4100 674 4154 erant
692 4087 800 4172 aliqrril
843 4086 935 4171 Atqui
959 4107 996 4150 ne
1016 4087 1170 4152 laudantur
1189 4086 1231 4151 illi

65 4193 210 4280 specialem,
242 4193 294 4256 sed
321 4191 450 4254 divinum
478 4193 636 4256 numenio
662 4191 810 4278 plerisque
834 4198 1042 4275 provocarunt.
1095 4191 1143 4254 An
1171 4211 1230 4254 tlon

66 4399 270 4449 Consternantes
285 4396 349 4446 eninr
372 4405 480 4447 mentem
500 4395 639 4466 simplicio-
672 4401 720 4446 lan.
740 4397 818 4446 colon.
837 4399 907 4458 repet.

62 4483 126 4520 rum
145 4465 232 4516 saarim
250 4464 337 4515 dicunt
355 4471 405 4517 cett.
706 4467 730 4514 t.
748 4457 861 4528 nopsiaco
878 4465 915 4514 ed.
933 4465 1015 4518 Petne.

106 4535 167 4588 cnr.
182 4534 252 4587 le.
271 4561 303 4574 -
342 4537 362 4586 t.
379 4530 423 4590 rect
437 4549 481 4586 om.
498 4537 523 4586 tn
537 4535 574 4590 ed·
591 4535 636 4590 Pe·
703 4531 726 4588 3.
745 4521 795 4600 ἆρα
811 4533 880 4587 coco.
896 4547 952 4588 ansa.
