3058 5014
317 329 455 384 ranann
472 330 589 383 uranu.
608 331 690 384 rou.
708 332 728 380 r.
746 331 844 382 naun.
858 329 977 382 cxxvi.
1165 311 1224 378 251

76 450 269 534 ignoraverit,
301 462 451 520 auctorem
475 473 508 514 se
533 474 568 515 ac
589 451 770 516 conditorem
797 449 974 526 arbitretur,
1008 460 1037 511 et
1062 471 1078 512 a
1101 447 1227 513 ueritate

75 575 189 640 prorsus
216 555 345 618 excidat.
402 552 490 618 Licet
512 555 589 618 euim
613 552 761 618 Noenum
786 554 917 636 legamus
946 553 1093 638 plantasse
1119 552 1222 627 vitem,
1252 575 1346 622 nme.

75 677 126 719 non
149 668 247 720 tamen
264 657 405 743 scriptum
429 671 476 722 est
493 657 593 741 stirpis
613 657 697 720 buius
721 656 902 719 conditorem
927 655 1006 718 illum
1029 654 1139 731 luisse,
1174 655 1226 717 scd

75 757 124 822 boe
147 760 308 838 duntaxat,
343 765 395 822 li'r
420 771 500 835 erut,
534 761 646 844 iniquit,
679 763 820 838 agrt'eola.
867 755 946 820 Num
973 757 1048 820 alius
1071 757 1159 820 estis
1178 756 1227 839 qui

76 863 176 925 lutaris
195 862 283 926 rebus
301 862 462 926 naturalem
481 863 539 925 rim
560 884 595 924 ae
614 863 771 946 praecipua
787 881 920 944 quaeque
941 882 993 945 pro
1010 882 1062 922 sun
1082 871 1226 945 potestate

73 963 207 1046 largitur,
239 966 314 1029 alius
338 965 386 1050 qui
410 965 447 1028 ab
471 965 535 1050 ipso
558 976 589 1027 ut
605 975 686 1028 esset
709 965 822 1048 astrepit
843 963 947 1042 bomo,
982 963 1225 1046 eonrruissamque

71 1067 121 1128 sibi
136 1066 173 1130 ab
191 1067 294 1130 eodem
312 1067 519 1152 agriculturam
539 1065 687 1151 suscepit,
712 1077 743 1130 ut
760 1076 788 1128 et
804 1066 851 1128 ille
868 1085 943 1149 quae
962 1066 996 1129 nd
1016 1065 1225 1149 perlectionem

72 1167 254 1232 obtinendam
282 1171 520 1254 progressionem
544 1170 696 1254 requirnnt
718 1170 855 1245 excolat,
890 1178 920 1230 et
939 1167 985 1231 bio
1009 1167 1134 1231 eorrditis
1158 1187 1227 1230 nso

71 1271 154 1334 rebus
171 1270 332 1354 largiendis
356 1293 486 1356 eaquae
510 1271 653 1336 eiusmodi
678 1270 850 1334 accessione
873 1271 1001 1354 gliscunt
1025 1271 1058 1332 ud
1078 1269 1227 1334 maturita-

71 1385 123 1435 tem
140 1374 415 1458 perlectionemquc
433 1377 584 1459 perducat.
631 1372 717 1458 erod
738 1373 852 1458 quidem
877 1375 996 1458 perinde
1013 1371 1042 1435 iu
1060 1371 1226 1434 animalium

69 1486 95 1537 et
114 1476 267 1540 volucrum
285 1497 415 1561 genere,
447 1497 482 1538 ae
498 1477 660 1561 pecudum,
693 1487 863 1562 serpentum
885 1476 1065 1561 pisciumque
1086 1475 1225 1560 cumigit.

69 1575 140 1640 Nam
159 1578 258 1641 omnia
282 1579 424 1663 principio
446 1579 617 1664 imperantis
638 1578 684 1641 dei
709 1580 861 1642 volutatate
884 1580 1013 1664 perlecta
1041 1577 1225 1663 prodierunt,

68 1702 141 1744 norro
157 1693 256 1743 autern
274 1680 404 1746 eiusdem
424 1681 587 1766 sapientiae
612 1682 731 1744 decreto
751 1682 1008 1766 progressionibus
1025 1681 1104 1758 suis,
1137 1691 1164 1742 et
1182 1680 1228 1743 in·

70 1784 226 1846 crementis
252 1796 426 1868 augescunt.
473 1779 560 1865 erod
584 1785 618 1846 ad
642 1784 789 1861 bominis,
821 1784 869 1868 qari
896 1783 925 1846 iu
949 1795 1027 1847 terra
1048 1783 1225 1862 dormiantur,

69 1887 192 1948 lructum
210 1886 299 1948 animi
326 1885 538 1969 utilitatemque
559 1885 702 1968 pertiuet3
737 1908 794 1970 quo
813 1887 839 1948 is
855 1907 998 1950 summum
1026 1887 1103 1948 illum
1128 1886 1226 1962 deum,

68 2008 160 2072 aquo
192 1999 251 2050 tam
280 1989 392 2051 semiue
416 1988 501 2073 ipsa,
538 2009 622 2072 quam
651 2008 752 2050 eorum
782 1989 963 2052 incrementa
989 1987 1227 2074 proficiscuntur,

66 2090 147 2153 deum
173 2111 210 2153 ae
234 2089 382 2154 domiuum
408 2101 561 2174 agnoscat.
613 2085 743 2154 Proinde
769 2111 968 2176 quaecumque
989 2091 1019 2154 iu
1037 2091 1121 2154 coelo
1145 2099 1226 2167 sunt,

67 2216 199 2280 quaeque
224 2193 372 2259 bominum
397 2215 485 2256 manu
507 2216 564 2256 rron
591 2206 747 2271 seruntur,
780 2215 926 2278 acusque
945 2194 1086 2278 gigrumt,
1119 2191 1228 2256 neoab

67 2298 128 2360 aliis
153 2297 334 2381 gignuntur,
372 2315 406 2358 ea
431 2296 503 2358 deus
526 2298 655 2380 perlecta
682 2295 810 2379 reliquit.
855 2293 962 2379 Neque
978 2295 1054 2358 enim
1084 2295 1228 2358 humaniue

67 2411 180 2462 mentes
205 2399 302 2462 damni
328 2417 367 2460 ex
392 2397 428 2460 iis
447 2399 554 2483 aliquid
580 2419 686 2483 capere
711 2409 862 2484 poterant,
896 2397 1002 2461 autad
1028 2395 1227 2478 arrogantiam

66 2500 209 2579 excitari,
234 2511 266 2564 nt
289 2501 317 2563 iu
336 2500 419 2577 sole,
452 2499 519 2564 luna
543 2500 710 2584 ceterisque
739 2501 884 2564 sideribus
909 2511 1041 2587 apparet.
1087 2497 1166 2563 Nam
1188 2519 1229 2562 ex

66 2603 284 2688 eoquodluna
306 2613 461 2680 nascatur,
498 2615 547 2666 aut
565 2604 737 2680 decrescat,
769 2615 968 2687 augeaturne,
1003 2603 1080 2667 nulla
1103 2602 1229 2666 illiusiu

66 2726 163 2769 mores
190 2705 314 2768 mutatio
339 2705 493 2768 redundat.
543 2703 602 2770 lam
627 2727 701 2769 vero
724 2705 774 2791 qni
797 2707 860 2770 lieri
886 2717 999 2791 potest,
1034 2719 1065 2768 ut
1087 2725 1230 2788 corporea

65 2807 111 2871 illa
130 2830 166 2872 ac
186 2806 368 2893 corruptioni
386 2807 518 2873 subiecta
539 2809 611 2872 deus
629 2808 753 2872 subinde
774 2811 904 2894 perlecta
924 2809 1075 2872 voluntate
1094 2829 1147 2872 sua
1163 2829 1230 2893 pro-

64 2911 192 2990 crearit,
228 2932 292 2974 eum
313 2930 404 2990 veru,
439 2912 810 2997 quemeseipsogenuit‚
848 2931 1089 2988 unumexuno,
1122 2910 1228 2994 quique

63 3013 137 3096 apud
155 3012 336 3076 existentem
359 3024 500 3098 perpetuo
520 3035 572 3098 per
589 3013 813 3098 generationem
829 3015 958 3092 existat,
991 3014 1172 3078 accessionis
1193 3033 1228 3076 aa

64 3113 285 3198 progressionis
305 3125 440 3198 egentem
458 3117 654 3198 produxerit?
700 3115 811 3180 Desine
827 3118 934 3200 igitur,
961 3118 1046 3194 nari,
1080 3117 1229 3180 Aristote·

62 3215 132 3280 licas
163 3218 230 3280 illas
250 3227 316 3280 tuas
334 3237 425 3280 voces
448 3230 478 3280 et
493 3218 598 3280 inanes
621 3219 791 3282 obtrudere.
838 3217 935 3282 Nobis
953 3219 1030 3283 euim
1051 3220 1123 3282 citra
1141 3220 1229 3282 ullum

63 3320 174 3384 erroris
200 3317 361 3404 periculum
389 3319 552 3383 certissima
581 3317 694 3384 Christi
719 3321 852 3384 doctrina
879 3321 1003 3398 sufficit,
1036 3343 1101 3384 cum
1121 3322 1162 3384 ita
1186 3322 1229 3384 lo·

61 3423 176 3504 quitora
202 3426 267 3502 Ego
281 3427 500 3504 scindapsus,
525 3435 554 3484 et
569 3427 651 3486 ando.
699 3419 793 3487 Cuius
811 3422 948 3486 dictionis
967 3425 1011 3486 ris
1030 3446 1087 3488 raon
1108 3424 1138 3488 in
1157 3424 1229 3488 aba·

62 3525 145 3587 aione
165 3525 226 3590 ullu
246 3525 399 3604 consistit,
432 3525 485 3588 sed
513 3524 612 3587 dirina
640 3524 821 3611 perlectiouo
843 3547 880 3588 sc
902 3525 1043 3610 dignitate
1067 3527 1228 3613 praeditam

59 3637 195 3690 naturam
219 3627 376 3710 siguificat.

141 3729 226 3793 Aetli
248 3727 344 3812 Caput
360 3727 404 3794 X.
451 3725 484 3794 Si
506 3731 634 3815 perlecta
657 3730 696 3792 sit
717 3731 816 3811 genita
837 3731 974 3810 suboles,
1009 3733 1109 3796 cadem
1129 3733 1157 3794 iu
1183 3731 1227 3794 iu-

58 3833 161 3912 genito
181 3831 258 3909 eric,
293 3853 351 3894 non
374 3853 414 3896 ex
438 3831 474 3895 iis
499 3853 573 3916 quae
598 3854 664 3897 oum
683 3829 718 3896 ab
739 3833 872 3917 ingenito
894 3834 1066 3917 gigneretur
1087 3833 1224 3898 obtinuit.

59 3933 136 3997 Nam
157 3935 259 4017 genita
285 3945 388 3998 natura
412 3935 441 3996 in
467 3936 598 4016 ingenita
623 3934 789 4000 substantia
817 3958 884 3999 esse
914 3959 972 4000 non
996 3946 1110 4021 potcst3
1146 3948 1227 4000 esset

58 4037 134 4100 enim
154 4037 243 4100 simul
258 4035 352 4113 idem,
384 4048 414 4098 et
431 4057 489 4098 riou
515 4048 606 4100 essct.
652 4035 731 4102 Num
751 4040 826 4123 qnod
846 4037 976 4121 genitum
997 4049 1043 4102 est
1065 4038 1225 4121 ingenitum

58 4157 114 4200 non
141 4150 206 4216 est,
239 4148 269 4200 et
294 4137 550 4221 quodiugenituna
570 4148 631 4215 est,
665 4141 873 4222 ganitnoruon
895 4140 958 4202 luit.
1006 4135 1121 4226 Quippe
1140 4141 1226 4204 dissi·

58 4239 157 4304 milam
172 4240 298 4326 aliquam
316 4241 372 4303 deo
386 4251 497 4326 partem
514 4241 665 4326 affingere,
691 4241 836 4306 maledicti
852 4243 880 4304 in
898 4263 962 4305 curn
979 4263 1013 4306 ac
1032 4245 1227 4310 corrtumeliae

58 4345 189 4428 speciem
213 4343 355 4428 praefert.

92 4513 131 4563 15.
152 4510 231 4566 adreio
250 4516 342 4564 restitut
358 4529 388 4564 ra
401 4517 470 4566 codd.
487 4532 543 4567 mss.
579 4512 628 4572 ed·
700 4514 738 4567 16.
756 4512 822 4570 κατὰ
838 4513 886 4582 τήν
902 4519 993 4568 uolebat
1010 4521 1131 4572 Petreius.

54 4582 105 4634 reia
123 4584 242 4636 editorum
258 4587 292 4633 ert
308 4583 399 4634 uittam.
702 4589 721 4637 t.
733 4583 761 4639 rd
780 4601 827 4639 non
844 4593 962 4654 comparet
978 4589 1003 4639 a'n
1020 4591 1185 4654 capuceum.
