3068 5008
432 303 760 364 uuucsruutusosts.
1054 260 1059 269 ¹
1108 289 1171 362 stt

105 435 268 502 lh'icolaitae
288 431 447 499 aNicolao
468 431 520 496 illo
545 431 670 496 derivati
694 441 761 494 snut
787 429 834 492 eui
858 427 895 492 ab
913 425 1054 514 apostolis
1072 427 1174 492 vidua-

29 562 86 604 rum
111 559 178 604 eura
203 538 361 602 commissa
386 537 492 600 luerat.
550 531 607 598 llic
635 533 783 620 zelotypia
809 530 846 595 oh
871 551 996 596 uxorem
1020 541 1173 610 amtuaus,

28 663 86 706 cum
99 643 158 708 aliis
173 649 394 727 praeposterum
409 638 558 702 libidinem
573 655 719 701 exercere
732 655 804 700 suos
818 635 929 698 docuit.
975 629 1036 701 Sed
1051 643 1081 698 et
1095 629 1175 698 Cau·

27 745 119 810 lacach
135 755 163 809 et
179 741 356 821 Prunicum,
380 753 412 806 et
428 739 486 806 alia
503 741 652 806 uominum
673 749 820 825 portenta,
844 738 875 800 in
893 737 1031 802 muudum
1045 735 1173 802 invexit.

107 949 213 1014 Harum
230 947 366 1012 Gnostici
384 965 575 1012 successores
593 945 746 1009 haeresum
766 945 853 1028 louge
866 963 970 1008 omnes
987 942 1175 1029 turpitudinis

27 1063 107 1137 etque
122 1048 489 1116 exsecrandueloeditatis
505 1047 626 1114 vesania
642 1057 830 1134 superarunt.
875 1043 1022 1110 Militares
1038 1067 1127 1131 porro
1143 1047 1175 1110 in

27 1157 155 1240 Aegypto
178 1154 317 1218 dicuntur
341 1163 372 1216 et
390 1149 593 1231 Phihionitee,
628 1150 659 1214 in
682 1151 835 1235 superiore
860 1159 956 1214 tractu
979 1145 1174 1230 Secundiani,

27 1257 89 1321 ulihi
109 1254 292 1334 socratitas,
317 1255 354 1320 ah
375 1255 440 1318 aliis
457 1251 618 1318 Zacchaei.
664 1251 741 1318 Sunt
757 1254 805 1337 qui
823 1273 875 1318 eos
888 1247 1063 1316 'Coddianos
1080 1249 1174 1315 nomi-

27 1371 108 1440 nent,
131 1360 246 1446 quidam
271 1358 470 1442 Bopdoplrcc,
493 1356 558 1422 sive
581 1355 753 1420 lutulentos.

103 1559 325 1649 Carpocratiani
340 1583 356 1624 a
374 1558 558 1649 Carpocrate
575 1561 699 1647 quodam
713 1559 849 1626 Asiatico
863 1561 950 1638 dicti,
974 1560 1021 1647 qui
1037 1559 1073 1624 ad
1089 1579 1176 1628 omne

27 1665 225 1751 turpitudinum
252 1687 287 1730 ac
308 1665 485 1748 flagitiorum
511 1683 607 1750 genus
630 1662 789 1749 discipulos
809 1663 998 1728 informabat.
1045 1661 1176 1747 Quodsi
1266 1655 1269 1664 ’

27 1769 103 1853 puis,
127 1769 242 1848 aiebat,
276 1789 335 1832 nou
352 1768 449 1831 onnia
469 1766 668 1852 percurrerit,
700 1785 796 1850 neque
816 1765 991 1830 daemonum
1009 1776 1039 1830 et
1057 1766 1177 1850 angelo·

27 1893 85 1934 rum
102 1871 227 1936 omniunt
252 1871 396 1936 voluntati
416 1869 613 1946 satisfecerit,
644 1888 812 1954 supremum
833 1867 863 1930 io
880 1869 993 1933 coelum
1017 1869 1103 1934 evehi
1122 1868 1177 1932 mi-

27 1975 97 2036 nime
115 1984 228 2058 potest,
261 1993 357 2056 neque
375 1971 555 2057 principatus
574 1981 795 2056 potestatesque
814 1972 1035 2036 transcendere.
1081 1972 1176 2036 Asse·
1314 2021 1320 2034 .

27 2076 102 2138 ehst
116 2076 191 2138 idem
207 2071 305 2139 lesum
323 2085 421 2138 mente
436 2075 596 2160 praeditam
613 2073 738 2136 unimam
755 2073 934 2158 sumpsisse,
959 2085 988 2137 et
1004 2073 1176 2138 coelestium

27 2199 53 2240 tc
70 2189 253 2241 terrenorum
278 2177 447 2261 cognitione
476 2177 637 2262 praeditum
657 2175 822 2239 hominihus
846 2195 881 2240 ea
897 2175 1067 2254 nuntiasse,
1100 2197 1135 2238 ae
1150 2176 1177 2240 si

27 2281 83 2364 pois
99 2280 200 2344 eadem
219 2300 293 2364 quae
311 2278 394 2342 lesus
410 2279 478 2342 olim
498 2289 675 2365 perpetret,
696 2278 773 2342 haud
790 2299 826 2342 eo
846 2279 1016 2343 interiorem
1034 2280 1173 2343 loturum.

27 2381 146 2446 hemum
165 2383 260 2467 legens
277 2402 335 2446 uua
354 2403 419 2445 curn
436 2391 617 2446 mortuorum
635 2382 856 2446 resurrectione
872 2381 1045 2462 damnabat,
1076 2401 1178 2466 quem·

27 2485 173 2548 udmodum
189 2496 219 2548 et
235 2481 413 2564 Simoniani,
437 2485 587 2570 ceterique
605 2503 727 2563 omues,
751 2505 824 2570 quos
842 2485 992 2570 hucusque
1007 2483 1175 2569 percensui.

28 2586 67 2651 lx
90 2587 175 2652 huius
195 2607 286 2672 grege
303 2583 478 2651 Marcelline
494 2588 543 2652 illa
561 2585 677 2652 Romae
693 2587 759 2652 luit.
805 2588 903 2673 Atque
921 2589 996 2653 idern
1015 2585 1083 2653 lesu
1099 2585 1178 2652 Pau·

28 2691 115 2774 ique,
140 2710 195 2753 nec
209 2709 267 2752 non
285 2699 316 2752 et
331 2687 453 2754 llomeri
469 2710 504 2754 ae
521 2687 710 2776 Pythagorae
727 2689 889 2754 clanculum
904 2689 1047 2776 imagines
1063 2692 1177 2777 lingens

31 2793 161 2856 ullitihus
184 2811 234 2856 ees
258 2802 288 2856 et
309 2792 479 2856 adoratione
503 2805 675 2877 prosecutus
698 2803 756 2857 est.

104 2890 310 2971 Cerinthinni,
334 2893 399 2958 sive
416 2891 629 2975 Meriuthiani,
660 2916 677 2959 a
698 2893 843 2961 Cerintho
861 2895 909 2960 vel
926 2893 1095 2975 Merintho‚
1128 2893 1178 2960 lu-

32 2997 92 3061 aiei
107 2997 227 3082 generis
245 2995 422 3076 extiterunt,
446 2997 495 3081 qui
511 2995 766 3063 circumcisionem
783 3019 853 3083 prae
868 3019 902 3062 su
919 2997 1063 3063 lerehaut.
1087 2995 1178 3064 Mun·

31 3123 83 3165 um
108 3100 146 3165 ab
162 3097 277 3184 engolis
297 3097 490 3178 lubricatum,
522 3096 620 3164 lesum
638 3101 674 3165 ad
693 3097 805 3168 Christi
824 3101 994 3186 dignitatem
1017 3121 1071 3187 per
1086 3101 1179 3167 virtu·

29 3226 75 3268 um
100 3203 286 3266 incrementa
309 3201 482 3286 pervenisse
504 3202 656 3268 dixerunt.

100 3303 258 3370 Nazareni
282 3303 322 3368 ita
338 3301 435 3368 lesum
455 3325 522 3370 esse
540 3302 709 3386 Christum,
739 3306 844 3391 deique
861 3306 950 3371 lilium
973 3321 1177 3390 asseruerunt,

30 3421 43 3472 t
67 3405 170 3472 Musis
193 3408 288 3492 legem
311 3407 431 3470 omniuo
453 3407 533 3472 vitoe
555 3409 591 3473 ad
613 3409 777 3474 institutum
799 3408 992 3474 adsciverint.

102 3507 327 3590 Corinthiacis,
359 3531 394 3574 ac
415 3507 584 3574 Nazereuis
609 3511 747 3576 simillimi
771 3523 840 3577 suut
864 3510 1039 3594 Chionitas,
1074 3513 1179 3599 quihus

30 3635 81 3679 usn
102 3609 277 3698 Sampsaeis
291 3621 322 3676 et
339 3609 491 3676 Eleesaeis
505 3612 601 3697 aliqua
616 3633 656 3678 ex
673 3625 756 3699 purte
773 3615 923 3680 convenit.
968 3613 1009 3680 lli
1027 3613 1178 3683 Christum

31 3741 38 3780 ι
61 3715 152 3779 coelo
170 3725 318 3789 creatum,
342 3715 467 3799 eiusque
482 3723 615 3779 sanctum
631 3714 763 3801 spiritum
783 3718 938 3782 affirmant.
983 3717 1067 3784 lllum
1084 3721 1179 3806 ipsum

31 3843 37 3882 t
62 3817 215 3881 Adnmom
232 3836 300 3880 sese
317 3815 462 3881 infudisse
485 3817 595 3903 primo,
628 3839 662 3882 ec
680 3819 785 3886 deinde
802 3823 924 3888 exuisse
945 3833 1084 3902 narrant3
1119 3833 1179 3886 tum

31 3919 147 3985 chiisse
172 3919 284 3998 denuo,
317 3919 403 4003 idque
428 3920 610 3985 commodum
636 3919 767 4003 iecisse,
793 3945 858 3989 eum
883 3925 912 3988 in
935 3937 1031 3989 terras
1054 3944 1179 4009 corpore

35 4023 216 4087 reumiusus
233 4021 363 4086 advenit.
409 4022 456 4087 Ao
471 4022 541 4087 licet
556 4025 654 4089 ludaei
670 4027 747 4106 siut,
780 4027 966 4112 evangelium
990 4019 1179 4092 nihilominus

31 4125 170 4190 lhihent.
216 4119 358 4189 Carnium
376 4143 459 4188 etum
480 4125 680 4207 detestantur,
711 4149 816 4213 aquarn
834 4149 887 4214 pro
906 4130 962 4196 deo
977 4139 1178 4210 veneranturp

34 4227 174 4292 hristum
198 4227 228 4290 in
252 4247 306 4294 suto
324 4226 392 4306 illc,
425 4226 467 4292 uti
485 4228 631 4314 diximus,
664 4231 792 4296 adventu
816 4230 963 4296 hominem
986 4231 1118 4298 induisse
1136 4233 1179 4297 di-

32 4341 97 4398 rnt.
147 4327 286 4415 Denique
303 4329 388 4414 aquis
404 4349 437 4396 se
458 4326 616 4398 identidem
632 4343 690 4400 tam
710 4333 815 4422 hyeme
833 4353 919 4420 quem
936 4345 1048 4401 aestate
1064 4337 1178 4418 leuant,

42 4569 89 4625 16.
109 4567 165 4637 γὰρ
183 4571 275 4622 suehutt
289 4572 379 4621 dolorm
394 4571 513 4622 Petuntur.

60 4655 165 4710 corpus
179 4649 314 4698 Humi.
321 4647 380 4695 lh&
936 4665 978 4731 33
