3058 5014
326 283 462 338 renunt!
479 285 542 336 le.
560 285 605 336 ttt.
622 285 704 337 ΤΟΙῙ.
719 285 740 337 l.
758 283 858 336 nunu.
873 283 982 336 LXXV.
1175 265 1235 330 187

80 403 171 482 tinet,
205 402 242 467 tle
259 425 318 488 qen
335 403 535 468 testimoninm
554 403 624 468 illud
644 403 782 490 protulit:
812 405 921 466 Poscbn
938 413 1066 466 neem
1082 402 1242 494 pmclotne
1279 407 1359 506 ¹3⁰2*

80 519 122 574 eet
142 509 295 582 Cirntnef
331 505 412 570 illum
435 507 620 585 intnecrnur,
652 505 809 570 ouiusiste
826 527 886 570 vox
905 515 968 583 est,
1003 515 1166 570 utrumnum
1191 521 1242 566 ce·
1306 493 1314 517 '

77 607 203 674 lebrarit
220 609 294 692 ipse.
342 605 388 672 De
405 629 440 672 eo
459 630 532 672 vero
548 609 592 672 eic
609 609 749 694 scriptum
766 620 830 673 est:
859 608 1026 671 nocebatur
1039 609 1386 672 crobernensem&

79 717 263 776 Peetmcsten
286 714 477 791 Imsolpnn'e.
523 709 656 796 Ecquem
680 731 753 776 vero
771 707 970 774 Pentecosten
995 707 1105 775 Pculue
1123 719 1239 794 egeret,

35 887 37 892 ,
78 815 136 878 nisi
153 810 270 878 Pnscbe
288 813 368 898 prins
385 812 528 878 obiisset?
571 811 648 897 Quis
663 813 836 899 estuepienn
856 813 1066 898 terrarumqui
1081 833 1139 876 nou
1156 813 1187 876 in
1204 833 1243 876 es

78 915 265 992 consentiat,
298 925 450 1000 quartam,
476 925 635 980 -eextcorve
664 915 764 980 ieriem
780 915 905 979 'solenni
928 915 958 979 in
983 915 1108 979 ecclesie
1131 914 1246 980 ieiunio

77 1020 306 1082 conseeretnml
350 1015 436 1102 Quod
462 1018 487 1082 si
507 1039 548 1082 ex
566 1018 765 1104 apostolorum
785 1017 995 1082 constitutione
1013 1017 1175 1103 repetenda
1188 1038 1242 1080 oo·

77 1121 122 1184 bis
142 1119 305 1184 auctoritas
321 1131 380 1198 est,
405 1141 458 1183 cur
474 1120 532 1184 illis
547 1131 670 1205 quartu
693 1130 858 1205 sextaeque
872 1121 964 1184 leriae
979 1119 1118 1184 ieiunium
1137 1139 1241 1204 perpe·

77 1234 127 1288 tua
153 1224 220 1308 lege
241 1222 391 1300 sancitur,
424 1233 550 1308 excepte
571 1219 770 1286 Pentecoste?
815 1219 878 1286 Cur
894 1243 950 1288 sex
967 1220 1121 1290 Paselnntis
1138 1221 1242 1286 diebus

77 1327 151 1392 nibil
168 1324 289 1390 oncino
306 1325 341 1390 ed
359 1323 457 1388 cibum
476 1337 593 1410 praeter
610 1346 731 1411 panem,
762 1325 856 1390 salem
872 1336 900 1390 et
918 1347 1023 1410 aquam
1047 1325 1241 1391 adhibendum

78 1429 240 1494 debninet‘l
283 1425 448 1511 Quemnem
472 1449 544 1491 nero
561 1428 706 1492 celebrari
725 1427 821 1506 diem,
845 1439 875 1492 et
897 1430 927 1492 in
941 1427 1135 1492 illloscentem
1149 1427 1245 1492 donni·

78 1531 176 1595 nicaen
199 1529 347 1594 dimittere
371 1528 571 1615 praecipiant,
602 1529 711 1596 nemini
738 1551 806 1596 csse
831 1543 929 1616 potest
955 1531 1124 1596 obscurum.
1180 1527 1243 1596 leon

79 1653 154 1698 uero
183 1631 241 1696 utri
265 1631 380 1696 nonen
402 1632 517 1696 illorum
537 1633 693 1718 peritiores
714 1636 804 1697 nuntl
846 1632 896 1697 An
911 1653 1015 1698 errore
1034 1635 1174 1718 deceptus
1191 1633 1244 1696 bo·

79 1734 217 1813 nomio,
248 1732 297 1818 qui
317 1755 395 1798 nnnc
422 1736 538 1799 tandem
562 1734 701 1815 emersit,
733 1747 764 1800 et
789 1735 883 1799 adbuc
902 1735 987 1799 bodie
1005 1746 1157 1822 superstes
1178 1737 1244 1799 estl

79 1839 126 1900 Ao
154 1836 292 1921 quiante
315 1857 371 1900 noe
386 1848 477 1902 testes
497 1836 679 1918 extiterunt,
710 1839 819 1923 quique
840 1848 909 1902 ente
936 1859 992 1902 uos
1009 1839 1131 1904 eendem
1153 1838 1244 1902 tradi-

79 1941 190 2004 tionem
211 1937 240 2001 in
259 1939 386 2004 ecclesio
402 1949 576 2018 tenuerunt,
601 1962 686 2024 quem
707 1952 737 2004 et
751 1941 806 2026 ipsi
825 1961 842 2004 c
859 1941 1029 2025 perentibus
1041 1942 1104 2006 suis
1121 1961 1244 2026 accepe-

78 2054 165 2120 rant,
196 2053 228 2106 et
241 2042 371 2126 ipsorum
389 2051 527 2127 parentes
546 2063 563 2106 a
582 2042 743 2107 maioribus
761 2043 825 2108 suis
842 2042 1022 2123 didicerant,
1056 2044 1243 2128 quemadmo-

79 2146 144 2209 dnm
163 2145 303 2221 ecclesio,
327 2163 413 2228 quam
430 2165 446 2206 e
463 2143 593 2230 petribue
610 2145 673 2210 eois
689 2146 802 2230 eocepit
819 2155 929 2210 rectem
947 2166 982 2208 ae
996 2145 1142 2210 sincerem
1157 2145 1241 2209 fidem

79 2270 143 2310 cnm
170 2245 377 2310 traditionibus
403 2247 439 2310 ed
466 2247 543 2310 bunc
571 2247 648 2310 diem
674 2247 833 2312 observet?
876 2245 1021 2312 Facessat
1049 2246 1139 2331 igitur
1168 2247 1244 2311 telae

79 2349 159 2414 illius
182 2350 220 2412 de
235 2346 384 2413 Pescbete
404 2348 563 2414 sententia.
610 2346 696 2431 Quod
721 2349 747 2414 si
765 2351 800 2414 de
817 2360 921 2435 qunrtn
939 2361 1064 2414 sextove
1089 2349 1163 2413 teria
1179 2349 1242 2413 nul-

80 2452 135 2516 lem
153 2451 278 2515 omnino
303 2451 331 2514 io
349 2451 558 2516 constitutione
578 2472 630 2515 ene
649 2451 827 2516 mentionem
844 2453 970 2537 apostoli
989 2452 1147 2530 iecissent,
1177 2451 1244 2516 aliie

81 2564 179 2617 tamen
197 2554 380 2642 argumentis
396 2554 502 2617 licebat
519 2555 571 2617 uti.
619 2549 803 2638 Quemquam
818 2575 853 2619 ea
868 2555 904 2618 de
922 2575 954 2618 re
971 2565 1018 2618 eet
1033 2555 1069 2618 ob
1083 2554 1141 2618 illie
1156 2574 1243 2620 eccu-

78 2656 230 2721 notissime
246 2655 404 2741 seriptum,
435 2655 521 2740 idque
540 2655 634 2740 ipsum
649 2655 687 2718 ab
703 2657 829 2720 ecclesie
845 2667 1013 2742 susceptum
1032 2656 1177 2720 communi
1196 2667 1243 2721 est

79 2759 279 2824 consensione
303 2759 466 2834 firmatum,
496 2769 651 2841 antequam
669 2758 781 2824 Atrius
797 2759 873 2822 ullus
890 2779 954 2822 cum
971 2758 1111 2823 Adrianis
1129 2759 1243 2823 eeiete·

78 2872 134 2926 ret.
174 2858 234 2944 Qui
253 2859 322 2924 mibi
336 2871 491 2947 propterea
509 2861 615 2924 merito
630 2860 659 2923 id
676 2860 803 2926 nominis
820 2861 942 2946 adeptus
957 2860 1084 2926 videtur.
1118 2860 1243 2925 Atrium

78 2965 183 3050 quippe
197 2961 332 3049 spiritum
356 2984 396 3027 ex
415 2963 583 3048 impuritate
596 2973 700 3027 necteus
714 2975 778 3041 est,
811 2963 847 3026 cle
862 2963 914 3026 lllo
928 2963 1074 3027 curiorum
1096 2962 1243 3047 nequities

78 3067 233 3152 spiritunon
251 3086 360 3149 grege,
384 3067 432 3150 qni
449 3067 478 3128 io
495 3067 558 3149 ipso
573 3049 718 3130 adversus
733 3063 888 3130 ecclesium
904 3062 1081 3133 domicilium
1098 3065 1242 3149 posuerit.

164 3164 253 3250 Quod
272 3189 345 3232 nero
361 3179 475 3252 spectet
491 3168 526 3230 ecl
545 3167 630 3232 ritum
650 3168 728 3232 illnm
745 3189 803 3252 quo
825 3175 1006 3232 mortuorum
1030 3166 1147 3231 nomine
1175 3188 1244 3252 pro·
1260 3184 1384 3254 eaputt.

78 3271 271 3348 nuntientur,
296 3269 363 3354 quid
381 3291 418 3334 eo
436 3291 503 3334 ense
520 3279 616 3355 potest
635 3269 755 3333 utilius?
784 3269 851 3353 quid
869 3269 1077 3355 opportunius,
1103 3279 1153 3334 eut
1171 3291 1246 3336 vere

78 3371 275 3434 admiratione
298 3371 435 3456 dignius?
468 3391 572 3455 nempe
596 3381 628 3434 ut
650 3371 699 3456 qni
724 3373 831 3436 adeunt
855 3371 1027 3436 certissime·
1044 3371 1100 3436 sibi
1124 3393 1244 3456 persua·

78 3475 168 3538 dcent
190 3483 323 3538 mortuos
345 3473 465 3551 uiuere,
492 3495 548 3538 nec
565 3473 595 3538 io
614 3473 732 3539 nibilum
757 3474 895 3538 redactos
918 3495 1004 3554 esse,
1036 3476 1089 3540 eed
1113 3474 1243 3538 existere
1343 3512 1346 3523 ·

77 3576 193 3655 aenne,
227 3587 315 3660 atque
341 3576 414 3660 epod
438 3576 584 3640 domiuum
607 3575 727 3639 vivere:
763 3587 823 3638 tum
847 3588 880 3640 nt
901 3577 1156 3662 religiosissimum
1174 3576 1244 3640 illnd

78 3679 185 3762 dogma
209 3678 412 3763 praedicetur,
444 3700 501 3762 qno
521 3679 568 3763 qui
594 3699 647 3764 pro
672 3677 810 3744 iretribus
834 3691 1008 3764 precentur,
1041 3679 1115 3744 bene
1131 3680 1168 3742 do
1185 3678 1245 3742 illie

77 3801 201 3865 operere
219 3791 354 3859 conestet,
386 3784 468 3866 qnasi
494 3802 618 3866 peregre
638 3781 789 3865 proiectis.
836 3778 976 3848 Ceterum
996 3803 1072 3866 ques
1093 3803 1147 3868 pro
1166 3803 1246 3846 rocr-

78 3883 137 3947 tuie
164 3883 373 3968 concipiuntur
399 3905 503 3970 preces
525 3883 561 3948 iis
589 3885 675 3948 utiles
697 3895 786 3962 eunt,
819 3885 935 3950 temetsi
965 3905 1022 3948 ooo
1052 3903 1157 3948 ornnes
1181 3885 1245 3962 cnl-

78 4005 129 4068 pas
147 3987 337 4070 extinguent.
383 3984 494 4051 Verum
513 4006 550 4049 ex
570 4007 606 4050 eo
623 3999 742 4070 prosunt
759 3991 834 4070 quod
854 3989 1041 4072 plerumque,
1066 3986 1134 4052 duta
1148 3987 1245 4052 adbuc

78 4086 106 4149 in
123 4099 204 4152 terra
221 4089 372 4173 degimus,
397 4097 501 4173 spoutc
517 4099 569 4151 out
585 4087 668 4152 inuiti
687 4087 863 4169 titubemus,
898 4089 973 4153 ulid
989 4089 1065 4172 quod
1085 4089 1243 4174 perfectius

79 4203 125 4252 est
139 4191 334 4274 significetur.
378 4188 457 4254 Nam
474 4201 504 4254 et
520 4190 662 4254 iustorum
684 4191 795 4276 pariter
810 4203 839 4252 ct
859 4202 1044 4276 peccatorum
1064 4191 1241 4258 mentionem

80 4292 223 4372 inuictus,
246 4304 430 4376 peccatorum
449 4292 585 4378 quidem,
617 4304 647 4356 ut
665 4293 700 4356 iis
719 4315 733 4356 ι
754 4293 871 4357 donnino
892 4293 1121 4362 nniseriuordinm
1140 4297 1242 4383 ineplo-

111 4461 138 4512 2.
165 4465 230 4513 cttot
256 4466 314 4516 boec
336 4467 409 4516 nerto
432 4467 572 4516 doemone
596 4468 647 4518 Sto.
715 4463 739 4517 3.
759 4462 880 4531 γινομένη
898 4465 949 4514 cort.
968 4467 1065 4536 utectp.

80 4531 183 4595 nome.
199 4547 224 4597 p.
237 4533 295 4586 tuu.
314 4535 387 4586 crete
710 4535 734 4584 4.
753 4535 862 4586 t'crtcme
879 4526 953 4604 deep.
