3066 5016
224 349 364 403 sennan
381 350 445 402 urs.
463 351 508 403 ιιι.
525 352 609 405 rora.
626 352 659 402 ιι.
674 351 792 405 sxros.
810 353 874 403 rrn.
892 353 1035 405 cinnor..
1148 339 1211 404 499

53 491 126 534 vero
142 469 200 556 pati
220 453 290 534 nibil
309 491 408 554 posse.
455 471 503 535 st
520 470 594 534 baec
612 469 737 542 animam
764 473 846 537 varia
862 472 892 536 in
910 472 1048 538 animalis
1070 475 1209 538 transire.

52 570 125 637 ltem
156 573 306 659 discipulis
332 572 393 638 suis
425 573 641 659 quinquennale
670 573 818 638 silentium
845 575 1002 639 indicebat.
1054 573 1212 649 Postremo

51 677 137 740 deum
161 697 230 740 sese
253 675 405 740 nominare
427 696 516 740 ansus
539 689 596 741 est.

136 776 357 864 Xenophanes,
390 774 566 844 0rtbomeni
592 778 686 858 filius,
718 775 922 865 Colophonius
946 791 1064 845 eterra
1087 791 1212 864 etaqun

51 893 215 965 propagata
232 901 299 945 esse
317 880 392 944 dixit
408 881 523 960 omnia,
555 901 651 966 neque
670 881 823 967 quicquam
842 882 872 945 in
892 882 951 946 nlla
970 903 1002 946 re
1020 882 1154 946 venietis
1168 883 1214 946 in·

51 1004 138 1063 esse3
172 983 215 1047 sic
232 983 376 1048 irtcertnm
392 982 582 1068 ignotumque
602 1004 704 1048 verum
723 1005 802 1048 esse.
849 977 959 1070 Opinio
981 1005 1073 1064 vero,
1104 985 1210 1069 inquit,

51 1086 161 1170 ubique
184 1096 339 1165 versatur,
365 1087 538 1171 praesertim
561 1084 592 1151 in
615 1086 761 1152 obscuris.

137 1185 351 1268 Parmenides,
382 1185 501 1274 Pyretis
527 1189 622 1268 filins,
656 1189 752 1275 putria
774 1186 915 1270 Eleates,
947 1189 1091 1254 inlinitum
1117 1189 1215 1256 aiebat

51 1291 185 1356 omnium
209 1311 307 1356 rerum
330 1312 398 1355 esse
421 1291 606 1377 principium.

140 1391 243 1473 Zeno,
268 1391 408 1473 Eleates,
433 1391 599 1472 Baioulous,
624 1393 688 1458 sive
707 1390 939 1475 contentiosus,
964 1417 1029 1460 cum
1051 1394 1154 1458 eadem
1172 1394 1215 1458 nl·
1284 1471 1289 1480 ι

51 1510 119 1562 tero
143 1519 209 1562 cum
227 1493 352 1560 Zenone
378 1496 544 1574 sentiebat,
577 1507 636 1562 tum
656 1497 832 1562 immobilem
852 1517 920 1562 esse
938 1507 1067 1576 terram,
1100 1496 1215 1561 necin-

52 1621 140 1666 anem
163 1601 252 1664 ullum
278 1619 345 1664 esse
370 1598 477 1664 locum.
524 1597 606 1683 Ergo
623 1599 664 1664 ita
680 1599 862 1685 disputabat:
896 1597 1042 1684 Quicquid
1068 1611 1215 1680 movetur,

53 1713 106 1768 ant
126 1703 155 1766 in
174 1723 210 1766 eo
226 1702 257 1766 in
276 1724 334 1786 quo
352 1711 398 1766 est
415 1701 481 1766 loco
498 1713 651 1782 movetur,
676 1713 727 1766 aut
742 1703 771 1766 in
791 1724 849 1787 qno
870 1713 1002 1767 nonest.
1049 1701 1142 1787 Atqui
1162 1723 1216 1768 neo

55 1807 85 1870 in
110 1827 169 1890 quo
190 1805 269 1868 inest
290 1804 373 1883 loco,
399 1825 454 1868 nec
476 1804 579 1889 inquo
600 1825 658 1868 uon
678 1805 756 1868 inest
777 1816 932 1886 movetur3
956 1805 1027 1870 nibil
1049 1806 1139 1890 igitur
1153 1825 1216 1872 nro·

55 1920 156 1975 vetur.

140 2007 301 2090 Melissus,
333 1994 484 2093 ltbagcuis
503 2009 596 2089 tilius,
628 2006 765 2088 Samius,
798 2031 885 2074 ιιιιιιιιι
905 2011 1216 2091 essedebnitomnie,

55 2133 153 2198 neque
171 2113 325 2198 quicquam
344 2109 374 2175 in
396 2121 499 2176 natura
519 2133 586 2176 esse
603 2124 743 2177 constans
763 2124 813 2176 aut
830 2125 1022 2199 perpetuum,
1047 2115 1098 2178 sed
1119 2115 1218 2179 omnia

53 2217 85 2282 ri
109 2235 179 2280 esse
202 2213 415 2300 corruptibilia.

142 2315 311 2403 Leucippus
327 2313 465 2381 Milesios
481 2313 630 2401 (Eleatem
648 2317 697 2380 alii
715 2317 840 2400 faciunt)
858 2337 896 2384 ex
915 2303 1110 2384 Erietioorum
1127 2338 1219 2404 grege

55 2423 231 2486 universum
248 2421 277 2484 in
294 2419 409 2485 infinito
429 2420 542 2484 versari
558 2418 669 2485 docuit.
716 2417 811 2485 Porro
828 2419 926 2486 omnia
944 2422 1007 2487 sola
1031 2422 1131 2509 specie
1157 2422 1219 2508 opi-

57 2525 208 2609 nioneque
231 2533 389 2601 constare,
423 2523 549 2587 veritate
567 2525 629 2609 ipsa
645 2522 733 2610 nibil,
765 2524 816 2588 sed
842 2543 984 2610 apparere
1000 2524 1040 2589 ita
1062 2525 1218 2604 dnntesat,

57 2626 183 2712 perinde
206 2645 362 2690 acuemus
385 2625 541 2710 inaquam
564 2626 728 2692 demersus.

146 2726 354 2808 Democritus,
395 2725 565 2815 Damasippi
599 2729 691 2810 filius,
729 2727 872 2794 Abderita
907 2729 1043 2794 mundum
1076 2729 1220 2794 inlinitum

56 2830 231 2912 constitnit,
265 2853 300 2895 ac
334 2853 423 2918 snpra
454 2831 541 2895 inaure
571 2834 679 2918 posuit.
735 2829 897 2896 Praeterea
924 2854 1012 2897 unum
1041 2853 1110 2896 esse
1134 2834 1220 2898 finem

59 2935 209 3012 omnium,
242 2945 272 2998 et
290 2933 380 2998 animi
398 2934 635 3019 tranquillitatem
653 2936 791 3019 optimum
812 2956 897 3015 esse,
930 2935 1048 3002 dolores
1064 2955 1137 3001 vero
1154 2934 1222 3000 mali

57 3037 158 3100 omnis
180 3036 323 3102 terminos
349 3037 487 3102 asseruit.
534 3033 620 3119 Quod
647 3037 754 3102 iustum
781 3037 915 3118 ridetur,
950 3059 1131 3124 nequaquam
1155 3057 1223 3103 esse

56 3141 188 3217 iustum,
220 3137 360 3204 iniusto·
385 3159 458 3204 vero
482 3147 606 3202 naturae
624 3159 691 3203 csse
711 3141 901 3205 contrarium.
949 3138 1013 3206 lmo
1031 3163 1103 3206 vero
1129 3141 1224 3226 pessi·

58 3263 140 3305 mum
158 3240 308 3305 inventum
326 3241 408 3326 leges
425 3240 605 3327 appellabat,
638 3262 693 3305 nec
710 3239 747 3306 iis
762 3263 868 3329 parere
885 3243 1046 3329 sapientem
1070 3253 1222 3329 oportere,

56 3345 116 3410 sed
139 3345 169 3408 in
190 3365 305 3408 summa
327 3343 464 3410 libertate
485 3342 602 3409 vivere.

148 3444 339 3512 Metrodorus
367 3444 461 3512 Cbius
486 3446 558 3511 nibil
573 3469 590 3511 a
606 3467 750 3533 quoquam
771 3446 840 3513 sciri
867 3446 970 3512 voluit.
1017 3446 1147 3528 Verona,
1178 3451 1224 3516 in·

57 3550 144 3635 quit,
169 3569 243 3632 quae
259 3569 349 3614 nosse
366 3549 515 3628 videmur,
540 3561 677 3615 accurate
695 3571 754 3614 non
772 3549 981 3634 intelligimus3
1013 3572 1109 3636 neque
1127 3553 1223 3619 sensi-

56 3654 117 3718 bus
140 3651 305 3716 edbibenda
327 3651 398 3716 tides
421 3663 486 3716 este
512 3653 608 3716 omnia
631 3652 735 3738 quippe
758 3651 896 3739 opinione
919 3662 1067 3718 constant.

149 3749 348 3839 Protagoras,
373 3751 530 3819 Menandri
549 3754 644 3832 lilius,
678 3755 822 3819 Abderita
838 3754 909 3820 deos
928 3776 996 3820 esse
1012 3755 1157 3842 negabat,
1190 3774 1224 3820 ec

57 3855 248 3922 divinitatem
272 3879 388 3922 omnem
412 3857 542 3922 funditus
565 3857 697 3925 tollebat.

150 3957 303 4044 Diogenes
323 3957 508 4046 Smyrnaeus
534 3961 599 4041 vel,
630 3970 663 4025 nt
678 3961 726 4024 alii
745 3961 866 4041 volunt,
902 3958 1079 4047 Cyrenaeus
1101 3960 1225 4024 eandem

58 4084 133 4128 cnm
156 4059 322 4146 Protagora
344 4061 511 4148 opinionem
535 4064 639 4128 tenuit.

150 4161 268 4250 Pyrrbo
283 4162 433 4230 Elidensis
452 4166 584 4231 collectis
604 4166 634 4230 in
651 4187 739 4230 unum
766 4167 930 4252 sapientum
955 4165 1084 4230 omnium
1107 4165 1226 4250 dogma·

57 4269 146 4336 tibus
170 4267 386 4332 confutationes
411 4290 513 4333 eorum
536 4267 673 4355 scripsit,
705 4278 735 4332 et
758 4269 873 4334 eversis
897 4267 1013 4332 illorum
1040 4268 1227 4355 opinionibus

56 4373 177 4442 nullam
201 4370 356 4456 amplexus
378 4382 435 4436 est.
759 4455 760 4458 Ἴ

153 4469 369 4558 Empedocles,
409 4469 542 4538 Metonis
577 4473 669 4553 fitius,
706 4471 920 4559 Agrigentinus
949 4476 1066 4558 ignem,
1103 4486 1224 4554 terram,

942 4577 1013 4643 32*
