3066 5016
302 225 364 290 446
713 237 847 292 εειιονι
865 239 1037 292 οειοιιινιι

302 361 379 420 θεοῦ
391 357 579 430 διδασκαλίας
594 379 623 420 τε
634 355 685 422 καί
698 353 860 437 δυνάμεως,
877 363 931 438 τῆς
942 353 984 432 τίς
995 351 1142 440 στύρακος
1154 353 1305 438 πνεούσης
1317 355 1466 437 εύσδμίαν

302 459 334 523 ίν
349 455 467 545 κόσμῳ,
497 454 542 524 ἐπ’
564 455 655 546 ύρετή
670 459 722 522 καί
739 454 832 543 άγίοιν
847 461 963 523 παίδοιν
979 465 1032 540 τῆς
1047 460 1227 542 παρθενίας,
1261 453 1323 523 οἷπδ
1341 463 1468 543 Μαρίας
1521 479 1522 546 n

303 557 467 646 άρξαμίνης
484 565 537 642 τῆς
553 556 651 644 άγίας,
680 556 729 624 διδ
749 566 804 625 τοῦ
826 561 857 637 ἐξ
878 557 972 644 αύτῆς
985 567 1052 642 φολς
1069 567 1111 648 τῷ
1127 558 1229 649 κύσμιμ
1246 557 1465 639 άνατείλαντυς,
1521 559 1522 618 l

302 663 511 748 διελίγξαντες,
539 663 592 726 καί
613 658 666 746 τδν
687 659 782 728 κακδν
812 660 858 728 ίδν
883 669 936 744 τῆς
964 660 1151 748 ἑρπετοίδους
1174 667 1344 748 μοχθηρίας
1369 661 1466 728 αύτιῖν

301 766 506 842 ἐπιδείξαντες,
531 764 579 828 ίιιὶ
591 759 646 838 τάς
663 764 763 848 ἒιίρας
778 762 868 830 πάλιν
879 767 1056 848 βαδίοομεν,
1078 768 1122 842 είς
1136 769 1282 832 τελείωσιν
1297 772 1353 848 τῆς
1370 763 1466 847 πάσης

301 867 334 932 ίν
353 873 418 956 θεῷ
439 869 645 951 πραγματείας.

551 1201 692 1270 ΚΑΤΑ
729 1199 1210 1286 ΚΟΛΛΥΡΙΔΙΑΝΩΝ,

300 1323 365 1392 τῶν
380 1323 424 1412 τῇ
444 1319 558 1416 Μαρίᾳ
578 1313 832 1414 προςφερύντων,
860 1312 1067 1408 πεντηκοστὴ
1091 1310 1211 1407 ἐνάτη,
1236 1311 1259 1407 ή
1280 1317 1343 1388 καὶ
1365 1318 1464 1388 ἐτι-ια-

758 1433 863 1529 κοστή
890 1429 1001 1528 ἐνάτη.

164 1595 233 1664 Κεφ.
253 1594 285 1648 τί.
386 1582 472 1668 Ἑξῆς
489 1585 521 1650 δὲ
536 1582 629 1674 ταύτῃ
646 1586 689 1660 τίς
704 1581 808 1666 φήμην
823 1584 956 1666 πέφηνεν
972 1586 1097 1667 αἵρεσις,
1118 1581 1187 1668 περί
1204 1573 1239 1666 ής
1253 1579 1312 1665 ήδη
1331 1578 1465 1664 ύιτεμνή-

301 1708 391 1768 σαμεν
406 1687 495 1777 ὀλίγῳ
512 1689 544 1754 ἒν
560 1694 596 1776 τῇ
618 1693 628 1732 ¹
641 1683 701 1772 πρδ
716 1685 840 1768 ταύτης,
872 1683 922 1750 διά
937 1691 990 1768 τῆς
1007 1687 1049 1762 είς
1059 1683 1204 1768 Ἀραβίαν
1219 1688 1387 1770 γραφείσης
1402 1687 1464 1748 ἔπι-

302 1795 422 1872 σιολῆς,
452 1797 504 1872 τῆς
521 1790 589 1873 περί
605 1795 659 1871 τῆς
675 1792 801 1874 Μαρίας
816 1786 946 1871 ἐχούσης.
992 1789 1053 1852 Καί
1069 1785 1146 1869 αύτή
1164 1783 1233 1870 δίή
1245 1789 1357 1872 αίρεσις
1374 1785 1464 1850 πάλιν

303 1894 335 1958 ίν
349 1899 385 1982 τῇ
399 1891 526 1982 Ἀραβία
544 1888 605 1958 άτιύ
620 1897 673 1974 τῆς
691 1890 813 1980 Θρᾴκης
830 1892 880 1955 καί
896 1897 956 1954 τοῖν
973 1887 1036 1956 άνοι
1053 1895 1151 1974 μερῶν
1172 1895 1225 1972 τής
1242 1891 1386 1964 Σκυθίας
1400 1885 1464 1954 άντ-

302 1999 422 2078 δείγθη,
450 1996 501 2060 καί
523 1995 565 2070 είς
588 1991 674 2077 ήμῶν
693 1990 786 2070 άκοάς
803 1992 969 2075 δνηνίγθη·
999 1990 1064 2074 ήτις
1081 1993 1141 2058 ίστλ
1159 1993 1209 2059 καί
1227 1988 1327 2074 ἀύτή
1343 1999 1464 2077 γελοῖος

301 2100 351 2164 καί
368 2095 473 2181 χλεύης
487 2099 618 2180 ἔμπλεως
636 2093 717 2182 παρά
734 2105 797 2172 τοῖς
814 2103 947 2171 συνετοῖς
962 2091 1164 2179 εύρισκομίυη.
1208 2091 1376 2182 Ἀρξύμεθα
1394 2097 1463 2180 περί

302 2199 396 2284 αύτής
412 2198 552 2284 φωράσαι
572 2201 623 2266 καί
643 2197 680 2263 τά
701 2193 764 2264 κατ’
780 2194 874 2280 αύτήν
896 2194 1103 2282 διηγήσασθαι.
1147 2193 1303 2279 Εύηθείας
1317 2193 1378 2282 γάρ
1391 2203 1464 2279 μᾶλ-

301 2310 353 2369 λον
371 2301 563 2389 κριθήσεται,
593 2299 667 2387 ήπερ
684 2301 828 2376 συνέσεως
843 2297 935 2381 αὕτη,
957 2297 1063 2376 καθείς
1078 2301 1129 2364 καί
1147 2297 1229 2364 άλλαι
1248 2295 1348 2382 άμοῖαι
1368 2297 1462 2388 ταύτη

302 2398 385 2488 ἦσαν.
426 2401 480 2481 Ὡς
501 2403 558 2489 γάρ
580 2400 644 2469 άνοι
667 2400 744 2468 πολύ
767 2401 817 2469 διά
840 2409 894 2486 τῆς
914 2398 991 2486 πρδς
1006 2405 1131 2487 Μαρίαν
1147 2399 1263 2487 ύβρεοος
1277 2404 1308 2466 οί
1321 2399 1462 2480 δόξαντες

302 2514 394 2573 ταῦτα
416 2503 559 2572 ύπονοεῖν
584 2503 729 2590 βλαβεράς
755 2501 901 2581 ύπονοίας
925 2508 1077 2591 σπείρουσι
1102 2511 1253 2591 λογισμοῖς
1276 2501 1462 2588 άνθρσύπαν,

165 2629 218 2677 ινι-
231 2617 287 2664 ¹⁸⁶²
303 2605 382 2678 σύτο
399 2612 449 2676 καί
465 2600 549 2675 οὗτοι
565 2609 615 2674 ίπί
630 2606 663 2673 τδ
680 2609 780 2692 ίτερον
793 2610 882 2692 μέρος
895 2611 1042 2684 κλίναντες
1057 2609 1089 2673 ἐν
1104 2605 1245 2692 οίκρύτηιι
1259 2606 1373 2691 βλάβης
1393 2617 1461 2672 ‘u-

303 2709 551 2795 ταλαμβάνονται·
585 2709 669 2786 ὅπως
690 2707 811 2777 κάκεῖνο
836 2706 869 2776 τδ
889 2693 973 2796 ίιαρά
996 2732 1054 2776 τισι
1077 2716 1136 2776 τάν
1154 2712 1267 2788 ἔξωθεν
1285 2709 1461 2792 φιλοσόφον

303 2812 452 2906 ᾀδόμενον
466 2813 517 2880 καί
536 2816 568 2882 ίν
584 2811 685 2890 αύτοῖς
700 2810 927 2898 πληρωθήσεται
943 2813 975 2878 ίν
990 2816 1032 2901 τῷ
1048 2813 1158 2897 λέγειν,
1192 2809 1381 2898 4ἀκρότητες
1400 2809 1460 2876 ίσύ·

302 2941 393 3001 τηιες.
426 2914 492 2999 Ἴση
507 2914 562 3002 γάρ
580 2912 625 2982 λα’
646 2913 826 3001 άμφοτίραις
843 2913 965 2991 ταύταις
979 2923 1043 2990 ταῖς
1060 2916 1205 3000 αίρίσεσιν
1223 2913 1243 2998 ή
1259 2914 1373 2999 βλάβη,
1404 2921 1459 2980 τάν

302 3021 355 3105 μὲν
371 3016 627 3097 κατευτελιζύντεον
642 3015 696 3102 τήν
718 3015 804 3103 άγίαν
822 3018 992 3102 παρθένον,
1022 3023 1088 3084 τάν·
1098 3018 1129 3084 δδ
1146 3016 1235 3083 πάλιν
1250 3014 1326 3102 ύιτὲρ
1342 3015 1377 3083 τδ
1394 3019 1460 3084 δίεν

302 3120 491 3201 δοξαζύντοιν.
539 3113 631 3187 Ούτοι
646 3119 702 3207 γάρ
717 3123 749 3186 οί
760 3125 848 3186 τοῦτο
865 3116 1052 3197 διδάσκοντες
1065 3125 1140 3196 τίνες
1153 3120 1224 3199 είοί,
1246 3116 1307 3186 άλλ’
1323 3117 1346 3203 ή
1360 3127 1457 3206 γυναῖ·

301 3249 367 3303 κεςς
411 3229 568 3290 Γυναικῶν
583 3221 640 3310 γάρ
656 3221 689 3289 τύ
707 3224 792 3308 γένος
812 3220 985 3302 εύόλισθον,
1014 3220 1160 3308 σφαλερδν
1179 3222 1237 3288 ’δὲ
1252 3224 1303 3288 καί
1319 3219 1458 3288 ταπειιύν

302 3331 343 3415 τῷ
362 3323 540 3411 φρονήματι
585 3327 646 3392 Καί
670 3322 743 3392 αύτδ
767 3323 823 3411 γάρ
840 3327 939 3402 ίδοξεν
960 3321 1021 3392 άπδ
1044 3331 1194 3412 γυναικοῖν
1212 3321 1230 3390 δ
1246 3323 1390 3408 διάβολος
1403 3326 1456 3402 ίξι-

303 3437 382 3512 μεῖν·
414 3425 455 3504 είς
471 3429 520 3494 καί
540 3426 603 3494 άνοι
621 3424 703 3513 παρά
720 3432 880 3517 Κυΐντίλλη
895 3428 946 3494 καὶ
966 3431 1136 3518 Μαξιμίλλη
1153 3429 1203 3492 καί
1225 3433 1393 3518 Πρισιιίλλη
1410 3451 1456 3492 πε·

301 3533 455 3616 ριγίλαστα
475 3529 512 3597 τά
537 3523 718 3616 διδάγματα,
752 3529 832 3596 οὕτω
856 3531 907 3596 καί
931 3531 1072 3596 ίνταῦθα.
1130 3531 1214 3607 Τινὲς
1235 3529 1293 3616 γάρ
1322 3539 1456 3617 γυναῖκες

306 3631 472 3719 οκούρικύν
496 3659 561 3699 τινα
585 3641 764 3716 κοσμοῦσαι,
796 3629 861 3715 ἤτοι
878 3635 987 3718 δίφρον
1003 3629 1401 3720 τετράγυνον,,ύπλοι’σασαι
1415 3627 1455 3697 ἐτ’

301 3734 395 3803 αύτδν
412 3733 529 3819 τ’θύνην
544 3738 577 3802 ἐν
591 3733 687 3824 ήμίρμ
701 3738 757 3802 τινλ
773 3741 890 3825 φανερᾷ
903 3743 958 3800 τοῦ
974 3737 1069 3814 ἔτους,
1091 3737 1125 3802 ίν
1140 3732 1263 3822 ήμίραις
1278 3737 1359 3802 τισίν
1371 3733 1456 3821 ἄρτον

302 3840 492 3923 προτιθέασι,
520 3840 572 3905 καί
594 3837 795 3922 οίναφίρουσιν
822 3839 864 3914 είς
886 3835 982 3921 ὄνομα
1001 3845 1054 3922 τῆς
1072 3843 1206 3923 Μαρίας.
1248 3841 1295 3904 Δί
1313 3846 1410 3906 πᾶσαν
1426 3837 1455 3904 δί

279 3985 281 3989 -
302 3939 362 4008 ύπδ
377 3947 433 4008 τοῦ
448 3937 540 4026 άρτου
555 3939 843 4024 μεταλαμβάνουσιν,
865 3936 907 4016 νίς
922 3941 954 4006 δν
969 3939 1046 4032 αύτῇ
1061 3948 1098 4031 τῇ
1112 3943 1155 4017 είς
1169 3938 1224 4023 τήν
1238 3937 1384 4026 Ἀραβίαν
1398 3943 1454 4008 ln·

302 4051 390 4133 στολῇ
405 4043 567 4130 γράφοντες
592 4045 624 4110 ίκ
644 4045 753 4129 μίροος
765 4045 834 4128 περί
850 4045 960 4110 τούτου
979 4045 1174 4128 διελέχθημεν.
1219 4049 1289 4108 Νῦν
1305 4044 1340 4110 δὲ
1355 4050 1453 4127 σοφάς

338 4216 396 4267 θον.
412 4219 431 4268 ί.
448 4245 482 4257 -
520 4220 539 4270 1.
557 4219 638 4281 Snpm
656 4219 720 4269 δοετ.
731 4215 774 4280 78,
787 4215 828 4269 23.
896 4233 949 4268 τεοι
965 4226 1061 4284 partem
1082 4215 1230 4268 inclinantes
1245 4213 1272 4266 ἱο
1295 4233 1396 4268 εοιτιιοο
1410 4215 1452 4266 δε·

336 4283 360 4335 λ.
377 4287 444 4336 λθιτ·
458 4288 529 4350 υνίςο
542 4279 618 4352 α’ύτη,
635 4287 698 4349 φοοδ
714 4289 797 4337 vitium
813 4289 862 4338 ίοτι
895 4284 1014 4336 ττίιιιεοεο
1028 4284 1255 4352 deprehenduntnr.
1430 4281 1437 4300 ⁰

302 4355 401 4406 εοπισλλ
417 4355 544 4405 cornardus
557 4357 583 4404 ιἰι
597 4357 701 4405 υιτιίοιιε
715 4355 809 4404 Lnn'nn.
894 4369 976 4413 νοντες
998 4355 1050 4404 cod.
1066 4356 1113 4405 λαι.
1134 4359 1156 4404 τι
1175 4355 1230 4404 εδιλι·
1247 4354 1310 4404 λιλτιζ
1344 4357 1451 4407 καταλα-

337 4419 361 4472 3.
369 4418 602 4490 καταλαμβάνονται
609 4424 694 4486 animi
705 4426 796 4474 τιονίυε
805 4423 860 4472 θοι·-
895 4417 981 4488 βόντες
993 4423 1061 4472 codd.
1075 4423 1171 4484 ίθιεδλς.
1186 4427 1208 4472 ελ
1224 4421 1304 4472 Parin

302 4491 411 4551 κτείνοι,
428 4491 468 4554 μιν
480 4491 550 4540 vertit
563 4488 599 4539 εἰο
613 4488 688 4540 etiam
704 4487 731 4539 hi
746 4488 778 4539 αδ
793 4487 860 4539 alte-
928 4488 951 4542 4.
969 4484 1110 4556 ἀκρότητες
1124 4493 1253 4542 conanus
1265 4493 1321 4554 (ni
1335 4485 1448 4540 hnai-
