3066 5016
270 343 406 398 reuma
424 343 684 396 sannuncurt.
702 341 801 395 naun.
814 341 936 394 nxxrx.
1114 325 1176 392 tos

29 461 108 525 bnins
126 462 261 547 promissi
280 463 335 526 bde
352 463 578 542 corroboraret,
610 438 685 548 quod
704 464 797 548 ipsum
817 473 914 526 tameo
937 459 1030 525 iraodi
1053 461 1178 526 nonnul·

23 563 55 628 lis
72 565 135 628 tuit.
182 564 273 650 Atqui
294 551 355 630 beri
374 587 432 630 uon
448 577 545 650 potest
567 577 598 629 nt
614 565 662 650 qoi
677 578 795 651 praeter
818 583 1001 628 communem
1028 562 1175 628 bominum

23 677 151 731 naturam
173 679 314 734 nascatur
330 667 361 732 in
382 669 483 732 terris.
529 665 587 733 Uni
608 669 664 732 boe
683 667 878 732 conveniebat
900 667 961 746 iiii3
994 666 1043 730 nni
1069 677 1175 730 natura

23 770 119 846 cessit.
165 768 238 848 tlte,
261 772 397 856 inquam,
421 771 501 834 velut
518 769 627 834 artifex
643 791 679 834 ac
696 770 847 848 dominus,
871 769 1060 854 semetipsum
1079 789 1096 832 e
1115 767 1175 831 vir-

23 871 86 956 gine
115 884 250 956 tanquam
269 894 286 936 e
306 885 389 936 terra
416 873 571 952 formavit,
603 874 675 938 deus
690 893 707 936 e
723 873 807 936 coeio
828 872 1027 950 descendens,
1052 870 1175 934 verbum

24 974 134 1059 virgine
148 985 316 1060 susceptum
337 995 443 1060 corpus
459 975 602 1056 induens,
631 986 692 1040 non
714 964 786 1039 ideo
799 986 897 1039 tameo
915 985 947 1037 ut
963 975 1035 1038 baec
1057 973 1175 1036 adorari

24 1077 141 1157 debeat,
171 1088 223 1140 ant
238 1089 269 1141 ut
286 1097 350 1141 eam
375 1077 502 1142 divinam
521 1078 556 1141 ad
576 1089 707 1142 naturam
728 1077 983 1161 conditionemque
1002 1075 1173 1154 nescierat,

23 1199 112 1264 neque
129 1190 162 1244 ut
177 1180 351 1246 sacrificium
368 1180 447 1245 iliius
462 1180 491 1243 in
507 1198 614 1244 nomeu
630 1181 784 1259 offeratur,
810 1201 905 1265 oeque
921 1190 1002 1244 tanto
1020 1177 1175 1242 internodio

23 1281 156 1346 mniieres
182 1284 352 1347 secerdotes
377 1282 580 1347 instituantur.
626 1281 692 1347 Hoc
716 1303 753 1346 ne
773 1281 803 1346 in
825 1279 945 1347 Salome
971 1281 1086 1366 quidem
1111 1282 1174 1345 beri

23 1385 110 1448 votuit
132 1385 225 1462 dens,
260 1405 316 1448 neo
338 1384 368 1448 in
392 1383 501 1450 Maria.
553 1383 624 1450 Nou
649 1385 678 1448 ei
701 1385 868 1470 baptizandi
894 1393 1069 1469 potestatem
1094 1383 1174 1462 iecit,

24 1486 243 1572 eondiscipulis
260 1487 454 1566 benedicere,
480 1509 538 1551 arou
553 1487 582 1551 in
598 1488 687 1551 terris
704 1507 843 1572 praeesse
860 1486 1025 1563 mandavit,
1049 1486 1100 1548 sed
1120 1485 1175 1550 boo

24 1610 104 1651 unum
129 1589 225 1652 voluit
246 1599 425 1654 utsanctum
445 1591 512 1675 quid
530 1599 781 1654 etoonsecratum
800 1599 898 1666 esset,
931 1588 1112 1652 accoeieste
1130 1609 1177 1652 re·
1261 1600 1268 1612 '

23 1711 103 1774 gnum
125 1691 351 1777 adipisceretur.
397 1689 458 1758 Sed
483 1711 538 1758 uec
554 1691 595 1756 illi
618 1712 693 1776 qnae
714 1690 781 1754 ttuu
805 1703 899 1755 mater
921 1691 1084 1776 appellator
1109 1712 1176 1755 enm

26 1793 142 1858 bonoris
158 1794 279 1880 gradum
297 1795 418 1875 detulit,
451 1815 547 1878 neque
568 1793 739 1858 mulieribus
758 1793 842 1872 aliis,
874 1815 946 1876 quoe
958 1817 974 1856 e
988 1798 1117 1856 ¹(dodr'duou
1133 1801 1237 1857 se-loe
1250 1801 1284 1858 Β,
1296 1801 1330 1848 ⁶⁸·

23 1909 99 1960 curae
118 1900 252 1980 firerunt,
284 1917 378 1982 oeque
400 1895 537 1962 Marthae
564 1893 674 1960 Lazari
697 1917 733 1959 ac
754 1893 870 1960 Mariae
895 1895 1011 1976 sorori,
1044 1918 1102 1961 nora
1128 1897 1177 1962 otti

23 1999 143 2084 deniqne
156 2012 338 2079 sanctarum,
362 2021 436 2085 qnae
450 2000 573 2064 sairatem
588 1999 666 2063 iilius
680 1999 809 2062 adventu
827 2011 1064 2084 promeruerunt,
1088 2021 1177 2085 quae-

23 2121 73 2184 que
89 2101 146 2187 ipsi
168 2103 203 2165 de
219 2101 282 2166 sois
299 2102 423 2166 fortunis
448 2102 617 2166 necessaria
636 2099 908 2165 subministrabant.
953 2100 1061 2186 Neque
1088 2123 1175 2187 porro
1209 2109 1294 2208 {2⁸⁸2}

23 2199 217 2268 Cinnanaeae
235 2204 368 2283 mulieri,
393 2205 440 2270 vel
458 2206 484 2268 ei
503 2225 589 2288 qoam
609 2203 762 2288 sanguinis
780 2203 923 2288 profluvio
944 2204 1103 2282 liberarat,
1126 2205 1175 2268 vel
1215 2195 1295 2258 laios

22 2303 103 2369 alicui
132 2308 251 2370 omnino
276 2307 306 2372 iu
331 2308 419 2372 terris
446 2307 571 2370 feminiae
595 2305 764 2390 dignitatem
792 2305 871 2368 iiiam
895 2305 1038 2369 attribuit.
1092 2303 1177 2389 Quae

22 2427 81 2471 cnm
103 2409 147 2472 ite
163 2407 241 2487 sint,
272 2409 351 2473 narde
373 2409 458 2473 nobis
473 2409 563 2473 draco
581 2407 638 2471 iste
654 2407 791 2472 volubilis
814 2407 954 2470 emersit?
985 2429 1038 2473 cnr
1060 2408 1177 2493 obliquo

20 2510 180 2595 callidaque
196 2511 319 2575 consilia
336 2513 539 2576 renovantur?
584 2508 755 2574 Honoretnr
768 2508 969 2590 scandinio,
993 2522 1078 2598 pater
1091 2533 1187 2592 vero,-

21 2612 91 2676 biins
114 2623 146 2676 ct
170 2612 291 2697 spiritns
315 2625 435 2678 sanctus
462 2613 640 2690 adorentur,
675 2609 803 2676 Mariam
830 2614 954 2676 adorare
979 2634 1066 2677 nemo
1091 2615 1175 2678 vetit.

18 2711 85 2778 Non
110 2715 190 2778 enirn
215 2715 349 2794 mulieri,
384 2735 472 2780 acne
493 2715 557 2779 viro
576 2715 710 2798 quidem,
743 2715 794 2778 sed
814 2715 863 2778 uni
880 2715 935 2778 deo
955 2716 1126 2801 mysterium
1142 2715 1178 2781 it-

20 2813 63 2878 iud
87 2817 244 2902 coitusque
266 2819 421 2896 tribuitur3
452 2819 527 2883 adeo
546 2828 578 2881 nt
596 2838 651 2881 nee
668 2815 766 2902 angeli
787 2815 843 2901 ipsi
862 2826 943 2881 tanto
967 2816 1070 2882 honori
1090 2839 1176 2902 pares
1216 2815 1217 2818 '

19 2937 82 2981 esse
103 2919 274 2984 videantur.
330 2919 494 2986 Deleaotur
522 2921 637 3004 itaque,
672 2941 746 3004 quae
770 2921 800 2981 in
826 2919 1000 2982 miserorum
1026 2919 1175 2983 hominum

19 3021 155 3084 cordibus
170 3023 246 3087 maie
262 3033 332 3086 sont
345 3023 498 3108 inscripta.
545 3021 747 3105 Extinguatnr
763 3021 880 3107 penitus
897 3022 990 3086 mains
1010 3022 1060 3085 itte
1079 3023 1175 3086 foetos

18 3124 51 3185 ad
68 3124 217 3187 infelicem
235 3125 371 3189 arborem
393 3135 564 3211 conceptos.
611 3120 812 3189 convertatur
827 3145 900 3209 opus
917 3125 1010 3210 ipsum
1031 3126 1066 3189 ad
1085 3125 1177 3190 domi-

18 3245 82 3288 nnm
99 3227 342 3311 conditoremque
362 3247 459 3291 snum.
506 3225 599 3290 Evam
616 3247 680 3290 cnm
698 3227 814 3290 Adoreo
831 3227 955 3310 coniuge
974 3231 1009 3292 ad
1027 3229 1112 3292 deum
1127 3249 1176 3292 so·

17 3325 72 3389 lum
89 3330 293 3392 venerandum
312 3331 406 3415 pudor
423 3330 538 3392 taudem
556 3328 711 3412 aliqnando
730 3329 901 3413 compellam
934 3351 1009 3394 neve
1028 3332 1176 3417 serpentis

17 3450 76 3492 nox
90 3429 172 3493 iiiam
194 3431 339 3516 decipiat,
363 3431 415 3496 sed
434 3434 464 3495 iu
485 3430 530 3495 dei
548 3432 684 3495 mandato
705 3430 860 3515 persistat,
884 3437 927 3494 Be
941 3437 1020 3513 dr'gno
1035 3456 1071 3496 ne
1086 3457 1177 3498 cone·
1189 3445 1248 3490 oen.
1261 3413 1316 3501 ⁸2⁸²

16 3535 75 3592 dor.
126 3529 313 3618 Quamquam
336 3534 368 3597 in
385 3533 491 3598 arbore
507 3533 571 3620 ipsa
586 3553 768 3618 nequaqnam
787 3553 873 3598 error
888 3535 960 3614 init,
991 3537 1042 3600 sed
1061 3557 1114 3621 per
1129 3557 1177 3601 ar

16 3630 117 3698 berem
138 3636 342 3700 contumaciae
364 3657 449 3700 error
468 3637 613 3701 admissus
632 3647 690 3699 est.
735 3633 862 3700 Perinde
880 3637 971 3722 igitur
986 3659 1074 3704 nemo
1091 3660 1175 3703 erro-

16 3755 75 3798 rem
95 3737 178 3802 ilium
196 3738 332 3823 degustet
354 3739 403 3824 qoi
419 3736 536 3803 Mariae
553 3738 709 3802 occasione
725 3739 869 3804 conflatos
888 3751 946 3804 est.
991 3740 1078 3805 Licet
1097 3741 1174 3806 eninr

17 3839 212 3922 pnioberrime
247 3841 336 3905 arbor
366 3851 465 3918 esset,
501 3861 559 3904 noo
589 3851 689 3904 tamen
719 3841 755 3904 ad
783 3841 878 3906 cibum
904 3844 1075 3908 constituta.
1130 3839 1174 3906 lta

16 3942 149 4022 quamvis
165 3940 262 4007 Maria
280 3943 326 4006 vei
345 3943 452 4028 optima
470 3943 576 4021 fuerit,
611 3963 646 4005 ao
660 3953 780 4025 sancta,
812 3956 843 4009 et
860 3946 973 4011 bonore
989 3944 1172 4030 dignissima,

18 4063 73 4107 non
97 4044 211 4108 idcireo
234 4055 332 4110 tameo
355 4046 526 4109 adoratione
549 4046 766 4130 prosequenda.

98 4143 300 4228 Quamobrem
318 4147 402 4211 buius
421 4157 521 4212 sectae
541 4148 680 4211 mulieres
697 4148 766 4212 iilud
784 4151 881 4213 denno
898 4149 1078 4214 offerendum
1098 4147 1173 4214 For·
1185 4167 1246 4237 cop.
1259 4169 1330 4220 vttt.

16 4255 103 4312 tunae
119 4249 254 4333 poculum
269 4251 447 4330 instaurent,
471 4269 505 4314 eo
522 4250 669 4330 daemoni,
693 4271 752 4314 non
768 4253 842 4330 deo,
865 4273 996 4316 mensam
1012 4251 1172 4335 instruunt,

14 4449 92 4536 ani-ri
111 4449 272 4538 umdpeunree
284 4454 425 4520 παρθένος,
444 4452 481 4514 (dc
495 4450 582 4520 μήτηρ
616 4461 661 4517 ttae
673 4455 775 4524 κυρίου,
793 4457 877 4512 πολλῶ
896 4459 988 4526 μᾶλλον
1007 4454 1054 4526 reia
1068 4457 1112 4514 aba
1128 4456 1175 4514 arai·

14 4521 73 4602 bpou
89 4521 136 4574 rent
151 4539 199 4591 ονχ
215 4519 253 4606 ‘⁵5
270 4521 348 4610 bedet
372 4523 407 4576 Εἰ
421 4521 469 4590 γάρ
484 4521 521 4582 εἰς
535 4521 579 4604 aba
614 4542 664 4593 paca
679 4525 777 4582 πάντων
794 4541 825 4594 γε
871 4525 979 4601 onena-s·

14 4605 86 4646 sonos
112 4605 296 4659 προςκυνουμεν
319 4609 347 4646 ou
368 4590 478 4661 bornum
494 4591 518 4644 et
532 4607 578 4648 no·
