3042 5016
271 271 409 324 rnuann
424 272 488 324 urs.
502 274 547 326 nr.
565 271 647 326 rou.
661 273 691 324 n.
708 268 810 324 anua.
821 269 953 324 nxxvn.
1128 257 1192 324 337

34 391 197 472 attulerint,
229 391 287 456 uisi
309 401 341 455 ut
366 392 505 456 tumultus
520 413 555 456 ac
573 391 737 456 simultates
755 401 785 455 et
801 391 919 455 dolores
938 393 1016 456 inter
1035 411 1090 456 uus
1108 391 1191 454 exci-

34 496 137 574 tarint,
171 505 346 578 mutuaeque
374 493 550 560 concordiae
578 493 769 578 caritatisque
793 493 969 558 suavitatem
994 493 1189 559 extorserint.

34 595 147 684 Quippe
174 597 338 662 divinarum
361 597 571 682 scripturarum
596 599 830 661 consentientem
855 617 891 660 ac
914 605 1026 658 rectum
1044 596 1189 676 ordinem,

33 712 59 763 et
74 700 264 765 innocentiae
280 699 514 786 professionem,
545 720 580 764 ac
599 699 817 785 propheticam,
851 698 1055 784 evangelicam
1075 710 1103 762 et
1122 721 1193 785 apo-

32 804 163 868 stolicam
181 803 265 866 tidena
282 803 467 888 negligentes
485 802 662 888 sophisticas
689 802 774 866 nobis
803 802 935 888 argutias
953 823 988 866 ac
1007 802 1121 867 tabulas
1141 803 1194 866 ob·

32 916 201 984 truseruut,
230 905 335 989 quibus
356 905 484 968 infinitas
510 904 594 969 nobis
622 903 805 969 calamitates
834 905 1013 983 attuleruut,
1049 914 1137 989 atque
1162 905 1193 968 iu

31 1007 137 1092 seipsis
154 1007 280 1093 apostoli
295 1007 402 1072 dictum
419 1008 488 1072 illud
504 1007 715 1094 iuaplcveruuta
740 1009 882 1090 optarent
895 1013 1007 1090 putidum
1023 1030 1041 1070 u
1055 1029 1127 1070 rnna
1143 1011 1192 1070 do-
1205 1023 1347 1080 adunus.

32 1116 141 1184 runnu,
165 1115 341 1174 attendentes
359 1112 468 1193 subulis
489 1113 670 1174 corbonibus
692 1116 788 1192 noph.

116 1211 266 1298 Egregius
285 1213 334 1278 ille
354 1234 390 1276 ac
410 1212 588 1277 venerabilis
607 1234 721 1291 senex,
756 1235 841 1298 quem
868 1235 922 1278 nos
949 1225 978 1278 et
1004 1212 1109 1276 beatae
1132 1232 1193 1276 me-
1213 1215 1271 1285 cap.
1289 1218 1318 1267 ιι.

33 1317 144 1379 moriae
163 1337 236 1401 papa
251 1315 451 1394 Athanasius,
476 1317 534 1378 inao
553 1336 625 1379 vero
643 1315 779 1380 catholici
797 1337 900 1382 omues
918 1316 1004 1380 unice
1022 1316 1192 1394 dileximus,

33 1418 236 1504 Apollinarius
253 1415 441 1482 Laodicenos
458 1419 543 1482 huius
559 1419 705 1504 dogmatis
719 1429 822 1483 auctor
836 1441 871 1483 ac
887 1429 1065 1505 propagator
1079 1418 1190 1482 extitit.

32 1522 75 1584 Ac
96 1521 241 1606 principio
259 1521 374 1606 quidem
396 1543 460 1586 curo
480 1522 506 1584 id
524 1520 609 1585 uobis
626 1521 759 1586 nonnulli
777 1543 816 1585 ex
837 1523 901 1586 eius
923 1521 1073 1607 discipulis
1093 1541 1196 1586 rrarra-

32 1634 115 1703 rent,
149 1623 233 1688 tidem
258 1645 316 1688 nou
341 1623 535 1702 habebamus,
575 1645 670 1709 neque
693 1622 854 1688 verisimile
878 1623 1050 1710 putabamus
1073 1645 1090 1686 a
1113 1633 1195 1688 tanto

31 1726 94 1789 viro
113 1746 247 1790 errorem
265 1727 408 1790 eiusmodi
425 1728 601 1812 proiectum.
648 1724 750 1811 ltaque
774 1726 912 1792 nonnulla
931 1726 1025 1790 adhuc
1041 1729 1195 1794 meliorum

31 1849 80 1912 spe
105 1828 255 1914 patienter
279 1829 520 1914 expectavimus,
551 1829 645 1894 donec
669 1849 731 1892 rem
756 1851 872 1894 omnem
895 1842 1032 1894 accurato
1055 1832 1196 1918 cognovi·

31 1953 108 1994 mus.
155 1929 222 1995 Hoc
240 1931 317 1994 euim
337 1931 516 2010 dicebamus,
540 1932 698 2018 discipulos
715 1931 793 1996 illius
810 1933 858 2018 qui
876 1937 912 1998 ad
926 1955 981 1998 nos
997 1935 1193 2013 ventitabant,

32 2055 93 2098 cum
116 2054 153 2096 ea
171 2033 290 2097 minime
313 2044 455 2118 caperent
476 2054 551 2118 quae
570 2033 606 2097 ab
624 2035 737 2098 erudito
760 2035 811 2100 illo
828 2056 862 2099 ac
882 2036 1008 2121 sapienti
1025 2038 1091 2100 viro
1109 2058 1195 2122 prae·

31 2146 151 2222 raptore
174 2157 229 2200 suo
247 2136 382 2200 abstrusa
400 2158 436 2200 ac
460 2137 612 2201 recondita
633 2139 855 2222 proferrentur,
887 2139 1031 2203 eiosrnodi
1050 2139 1193 2224 quaedam

33 2238 159 2304 duxisse
173 2239 228 2303 sibi
243 2260 318 2324 quae
332 2239 368 2303 ab
382 2240 433 2304 illo
446 2261 594 2324 uunquam
607 2240 779 2330 didicerant.
827 2239 1007 2306 Praesertim
1023 2263 1089 2306 cum
1104 2241 1194 2304 rnultn

31 2339 109 2404 inter
144 2341 212 2406 illos
243 2343 291 2426 qui
325 2363 380 2407 nos
407 2343 527 2408 adibant
566 2343 735 2429 opinionum
762 2343 891 2408 varietas
923 2353 1015 2410 esset.
1077 2341 1194 2428 Quippe

32 2442 169 2508 nonnulli
184 2465 220 2508 eo
235 2446 390 2529 progressi
401 2457 469 2510 sunt
487 2457 517 2510 ut
534 2442 683 2510 Christum
699 2468 806 2532 corpus
825 2467 842 2510 e
859 2447 942 2511 coelo
959 2447 1100 2511 detulisse
1115 2446 1194 2509 dice·

32 2559 117 2625 rent,
152 2567 227 2630 quae
252 2546 379 2612 absurda
404 2549 617 2634 peregrinaque
644 2550 883 2614 comminisceudi
906 2549 1024 2614 licentia
1047 2548 1195 2612 bominum

33 2649 129 2712 semel
142 2649 247 2714 animis
263 2651 397 2714 incidens
411 2651 446 2714 ad
462 2652 600 2736 graviora
618 2651 829 2737 acerbioraque
844 2651 1001 2738 processit.
1047 2650 1107 2715 Alii
1123 2670 1197 2714 vero

34 2747 187 2817 Christum
206 2751 331 2816 animam
347 2754 543 2839 assumpsisse
559 2765 755 2839 negaverunt.
791 2753 918 2838 Quidam
933 2754 1063 2819 eiusdem
1082 2749 1197 2816 Christi

34 2874 144 2940 corpus
168 2853 314 2918 divinitati
338 2855 589 2921 consubstantiale
612 2878 672 2920 nou
695 2857 863 2922 dubitarunt
883 2877 1032 2921 asserere.
1080 2851 1196 2936 Quibus

33 2958 207 3042 opinionum
222 2957 365 3042 portentis
380 2959 524 3022 orientem
541 2980 719 3044 magnopere
736 2959 962 3046 perturbaruut3
987 2968 1106 3043 propter
1122 2977 1197 3042 quos

34 3059 158 3124 conflari
186 3061 333 3146 synodum
362 3081 487 3126 necesse
517 3060 589 3142 luit,
627 3062 815 3146 eiusdemque
842 3064 962 3125 decreto
993 3060 1196 3124 condemnari.

35 3158 209 3243 Quinetiam
235 3163 435 3226 commentarii
460 3163 575 3248 quidem
600 3163 773 3249 praescripti
797 3175 883 3244 sunt,
916 3184 1039 3248 quorum
1063 3162 1217 3249 exempla

33 3265 67 3327 ad
85 3263 126 3329 B.
147 3261 192 3328 Μ.
212 3285 315 3350 papam
332 3265 528 3329 Athanasium
546 3264 635 3330 rnissa
653 3276 739 3345 sunt3
772 3266 876 3351 quibus
899 3265 957 3329 illis
980 3265 1200 3329 commentariis

34 3369 180 3432 adductus
200 3378 246 3432 est
264 3377 295 3431 nt
310 3368 453 3432 adversus
471 3367 638 3452 dogmatum
660 3367 777 3432 illorum
799 3379 966 3434 assertores
985 3368 1116 3433 minaces
1135 3367 1201 3433 lite-

33 3491 81 3534 ras
96 3471 135 3534 ad
151 3469 350 3534 venerabilem
367 3469 535 3556 episcopum
545 3469 710 3557 Epictetum
728 3471 885 3550 scriberet,
900 3493 917 3536 a
931 3493 988 3556 quo
1005 3482 1124 3556 rogatus
1138 3473 1201 3535 lue-

35 3585 80 3636 rat
97 3584 132 3638 ut
151 3573 337 3658 tempestatis
354 3573 431 3638 illius
448 3595 483 3639 ao
497 3575 635 3638 tumultus
647 3573 816 3638 auctoribus
836 3576 1041 3661 responderet.
1089 3572 1201 3657 Quam-

35 3676 139 3740 obrem
164 3675 196 3739 in
219 3675 322 3739 eadern
342 3676 466 3762 epistola
484 3678 521 3740 de
542 3677 597 3741 fide
624 3677 778 3764 perspicue
802 3688 998 3764 accurateque
1020 3677 1125 3741 beatus
1151 3676 1200 3741 illc

34 3779 198 3859 disseruit3
222 3789 254 3842 et
267 3778 334 3842 illos
350 3799 493 3844 novorum
510 3779 676 3864 dogmatum
692 3791 905 3866 propagatores
920 3781 1199 3870 perturbatoresqoe

35 3881 223 3968 proscripsit.
279 3875 372 3946 Cuius
405 3883 548 3968 epistolae
575 3883 723 3968 integrum
760 3885 928 3970 exemplum
954 3883 1001 3948 hic
1031 3881 1200 3946 adscribere

35 3985 240 4049 necessarium
264 4004 332 4048 esse
354 3985 438 4049 duxi.
484 3983 542 4050 Est
562 3996 661 4050 autern
685 3987 842 4051 eiusmodi.

67 4120 92 4174 d
117 4117 224 4191 γράφας
243 4123 352 4174 ιιιιιιιιιιιι
373 4127 500 4174 amotum
522 4128 556 4175 ert
579 4126 606 4175 tn
622 4125 677 4176 adut
694 4126 777 4176 Petro.
796 4125 875 4175 Coton

89 4602 186 4665 Corpus
196 4599 335 4651 llaerorool.
352 4603 383 4649 ll.
395 4603 416 4648 1.
