3082 5006
295 240 433 293 sanauit
450 241 515 294 Lib.
526 243 570 294 ΙΙΙ.
589 243 670 296 ΤΟΜ.
684 245 703 294 i.
722 243 821 296 ntea.
834 244 942 297 Lxxtt.
1159 238 1196 298 51

136 479 331 532 murnum
348 481 530 534 artaretur
548 481 736 546 MARCELLI,
755 485 854 547 QtJtttt
871 486 912 536 ott
929 485 1099 538 HAERESIM

445 568 605 620 SYNODUS
624 569 797 622 nurosttrr.

119 681 299 750 Beatissimo
322 687 454 772 collegae
477 688 550 752 ludio
572 685 735 754 Marcellus
757 689 788 752 in
811 684 933 754 Christo
955 689 1094 756 salutem.

118 783 195 851 Cum
211 789 343 853 nonnulli
363 789 454 854 exiis
471 791 538 876 qui,
563 793 639 876 quod
660 813 760 878 parurn
776 791 892 876 integre
912 793 947 856 de
963 793 1019 856 fide
1037 793 1195 872 sentirent,

32 898 118 951 somn
143 892 332 956 oondemoati
358 903 444 972 sunt,
477 893 584 978 quique
610 914 628 956 a
650 915 698 956 me
720 894 749 956 in
768 892 904 958 Nieaeoa
927 895 1041 979 synodo
1065 894 1196 960 eonvieti

32 1001 111 1069 suut,
137 1004 243 1058 eontra
259 1016 305 1058 me
319 997 355 1059 ed
371 995 509 1084 pietatem
525 1007 602 1060 tuam
620 995 754 1062 seribere
772 1018 830 1060 nnn
847 997 1056 1074 dubitaverint,
1081 1016 1128 1062 me
1144 1017 1198 1062 nee

33 1105 129 1172 reete,
155 1117 212 1159 nee
229 1119 295 1160 oum
314 1098 458 1162 ecelesiae
478 1098 612 1162 doetrina
628 1109 829 1162 consentanee
846 1099 882 1163 de
899 1099 954 1162 bde
970 1110 1121 1180 statuere,
1156 1099 1198 1164 nti

33 1195 142 1260 erimen
160 1219 246 1262 suum
263 1198 294 1262 iu
311 1221 358 1264 me
374 1202 589 1280 transferrent,
622 1211 779 1287 propterea
796 1203 967 1265 necessario
984 1199 1109 1266 Romam
1129 1201 1197 1264 mibi

33 1299 227 1382 renitendum,
252 1313 282 1365 et
302 1313 330 1366 te
347 1304 590 1368 commonendum
610 1303 728 1388 putavi,
755 1313 856 1367 utens
874 1303 922 1388 qui
939 1313 1043 1368 eontra
1061 1324 1107 1368 me
1124 1303 1198 1366 sori·

1224 710 1285 780 cap.
1304 713 1335 764 tt.

32 1413 155 1484 pserunt
176 1425 365 1484 arcesserem
400 1415 511 1471 uteum
534 1406 744 1484 advenissent,
778 1407 813 1469 de
830 1405 943 1470 duobus
958 1407 1108 1472 illisame
1127 1427 1196 1470 eon·
1286 1455 1287 1458 ,

32 1505 241 1586 vincerentur,
274 1529 341 1571 oum
363 1508 413 1572 itu
439 1509 500 1594 ipsa
520 1508 679 1572 talssesse
698 1509 820 1592 quaein
840 1529 886 1571 me
902 1509 1103 1592 seripserunt,
1136 1520 1196 1572 tum

32 1627 82 1670 eos
100 1609 198 1672 adbuo
213 1609 243 1674 in
260 1611 388 1694 pristino
410 1632 514 1675 errore
537 1631 732 1696 perseverare
750 1622 782 1674 et
795 1611 914 1695 indigna
932 1612 1073 1694 quaedam
1090 1611 1196 1679 adver-

33 1730 80 1772 sos
102 1712 248 1776 eeclesias
271 1713 318 1776 dei
341 1735 375 1776 ao
398 1735 453 1780 nos
476 1714 557 1799 ipsos
583 1713 697 1777 illarum
728 1713 879 1798 praesides
904 1734 973 1778 esse
998 1713 1193 1779 maobiuatos.

35 1807 90 1874 Sed
109 1837 176 1878 eum
194 1815 237 1878 itti
254 1817 357 1880 venire
373 1817 539 1895 notuerint,
574 1818 690 1880 tametsi
708 1816 899 1902 presbyteros
917 1816 952 1880 ad
969 1815 1049 1901 ipsos
1066 1816 1194 1896 miseris,

35 1935 85 1998 ego
104 1939 178 1980 roro
193 1938 273 1982 anno
295 1917 411 2004 integro
437 1941 472 1984 ae
493 1918 585 1985 tribus
608 1917 759 1983 mensibus
776 1917 891 1982 Romae
916 1929 1114 1983 commoratus
1132 1921 1196 1982 fue·

34 2018 103 2098 tim,
138 2019 303 2084 iaciendum
322 2020 664 2100 mibiomninooeusui,
700 2032 731 2084 ut
750 2031 922 2104 antequam
941 2021 1195 2106 binoprobeisoe·

34 2141 96 2198 rer,
118 2143 203 2186 meae
223 2123 288 2187 fidei
312 2125 528 2208 professionem
547 2125 597 2188 tibi
619 2124 735 2188 sineere
753 2134 840 2207 atque
860 2144 901 2187 ex
921 2122 1037 2198 auimo,
1070 2142 1194 2206 meaque

34 2243 116 2286 maon
141 2225 334 2310 perscriptam
359 2227 515 2308 offerrem
548 2227 662 2311 quatem
687 2225 774 2290 didici
797 2237 884 2310 atque
907 2245 947 2289 ex
970 2223 1077 2289 divinis
1100 2225 1194 2288 diteris

34 2327 250 2406 remedorum,
284 2339 314 2391 et
333 2340 365 2392 ut
383 2330 412 2392 in
433 2330 603 2394 memoriam
627 2329 677 2392 tibi
700 2348 873 2394 revocarem
893 2347 968 2412 quae
985 2347 1138 2412 perperam
1157 2325 1192 2390 ab

33 2425 88 2490 itlis
105 2440 296 2510 asseruntur3
330 2432 492 2517 exquibus
518 2430 701 2515 iutelligeres
725 2431 897 2516 quibusnam
922 2430 957 2493 ad
976 2431 1125 2494 auditores
1143 2432 1193 2493 de-

34 2529 180 2612 ripiendos
205 2532 342 2598 adhibitis
368 2533 556 2598 sermonibus
579 2533 733 2598 veritatem
758 2533 906 2597 oeoudtare
932 2543 1087 2596 conantur.
1144 2529 1194 2597 in·

34 2633 129 2716 primis
144 2637 224 2699 enim
244 2647 355 2720 negant
371 2637 519 2700 dominum
543 2647 676 2700 nostrum
702 2634 800 2701 lesum
820 2631 972 2700 Christum
992 2635 1193 2721 propriumne

34 2759 128 2802 rernm
141 2739 190 2802 dei
205 2739 413 2824 omnipotentis
428 2760 495 2804 esse
511 2739 644 2804 verbum.
692 2735 753 2804 Sed
768 2737 846 2802 aliud
862 2738 953 2823 ipsius
970 2758 1039 2802 esse
1055 2737 1190 2816 verbum,

34 2841 114 2904 diam
129 2841 308 2928 sapientiam
323 2853 354 2906 et
366 2843 503 2907 virtutem
522 2863 589 2906 esse
604 2841 783 2927 praedicant.
831 2837 915 2904 tttum
929 2860 1013 2919 uero,
1038 2850 1191 2925 postquam

35 2941 59 3004 in
73 2945 168 3008 iurem
192 2943 233 3008 sit
250 2945 364 3024 editus,
398 2946 434 3010 ab
457 2945 522 3030 ipso
543 2945 685 3024 verbum,
721 2954 750 3007 et
766 2943 959 3029 sapientiam,
994 2943 1191 3026 virtutemque

35 3048 223 3110 nominatum.
270 3044 356 3128 Quod
373 3069 439 3112 eum
460 3049 604 3126 sentiant,
638 3048 724 3112 aliam
741 3069 759 3110 a
776 3057 858 3132 patre
881 3046 1029 3111 diversam
1052 3045 1192 3130 hyposta-

36 3149 82 3212 sim
99 3170 168 3214 esse
188 3150 267 3212 idum
285 3151 470 3215 existimant.
514 3147 679 3214 Praeterea
703 3160 814 3232 patrem
838 3159 907 3212 aute
931 3149 1020 3212 titium
1044 3149 1189 3227 existere,

37 3271 70 3314 ex
83 3253 127 3315 bis
144 3273 221 3336 quse
241 3252 374 3316 soriboot
395 3254 550 3317 manifeste
576 3253 744 3331 declarant,
778 3273 833 3316 neu
851 3253 946 3337 ipsum
970 3271 1041 3315 vere
1066 3270 1133 3314 esse
1158 3250 1192 3313 b-

36 3353 97 3416 bom
116 3375 133 3418 a
152 3366 237 3440 patre
259 3356 479 3441 procedentem.
526 3353 586 3420 Sed
605 3355 661 3420 etsi
683 3377 699 3418 a
718 3356 774 3418 deo
794 3356 989 3434 resedisset,
1014 3353 1136 3438 perinde
1156 3353 1191 3416 it-

36 3456 85 3520 lun
98 3459 283 3524 arbitrantur
297 3481 333 3524 ao
350 3472 450 3524 estere
466 3459 564 3524 omnia
580 3469 680 3522 ereata
698 3457 855 3543 proficisci.
900 3459 948 3522 Ad
971 3458 1063 3535 baee,
1097 3456 1189 3522 fuisse

36 3561 180 3645 aliquando
198 3582 264 3624 eum
290 3563 417 3626 nondum
434 3574 515 3626 esset
536 3564 681 3628 affirmare
699 3583 758 3624 uon
776 3559 926 3641 dubitant,
958 3561 1090 3643 adeoque
1106 3578 1189 3622 oren·

38 3673 118 3728 turam
141 3675 172 3729 et
187 3665 335 3750 opibeium
350 3685 437 3745 esse3
471 3685 556 3750 quem
575 3667 661 3730 etiam
679 3685 697 3728 a
712 3673 795 3750 patre
815 3663 985 3749 seiungunt.
1032 3665 1097 3752 Ego
1115 3685 1188 3732 vero

37 3767 77 3847 qui
92 3767 162 3830 base
178 3778 319 3831 asserunt
332 3767 368 3830 ab
383 3768 511 3832 ecelesia
525 3767 667 3832 ratbolioa
682 3766 795 3854 ¹alienos
810 3787 877 3830 esse
892 3788 1062 3851 persuasum
1081 3768 1185 3832 babeo.

38 3865 104 3932 'don
121 3869 219 3934 saeris
241 3869 336 3934 diteris
357 3870 516 3935 inhaerens
538 3871 627 3934 oredo
646 3891 733 3935 uuum
755 3889 822 3932 esse
845 3870 930 3934 deum
953 3879 984 3934 et
1006 3871 1186 3954 unigenitum

38 3971 92 4035 eins
106 3971 195 4036 tilium
221 3972 363 4053 verbum,
395 3974 444 4058 qui
468 3995 533 4037 eum
553 3983 635 4057 patre
658 3991 776 4057 semper
800 3971 921 4052 existit,
955 3993 1010 4036 neo
1037 3971 1187 4036 existendi

38 4071 138 4138 initium
152 4075 246 4140 ullum
270 4097 397 4161 unquam
420 4074 530 4140 babuit.
575 4073 658 4139 ldem
681 4095 787 4138 revera
805 4095 823 4137 a
839 4075 895 4137 deo
914 4074 1095 4158 procedens,
1128 4095 1187 4140 non

40 4229 152 4344 fferam
165 4235 235 4348 perttt
249 4239 275 4280 et
289 4245 341 4281 ooo
356 4246 410 4280 esse
425 4231 506 4299 ipsum
529 4245 587 4279 vere
621 4231 745 4348 οάὶξοὲτῃ.
760 4225 832 4344 10ίέΞά
852 4223 1189 4358 fflffiffliffiii}

59 4315 104 4346 'tim
121 4315 149 4347 ΕΣ
183 4315 224 4350 00.
674 4331 680 4343 ·
731 4311 743 4347 Ξ
907 4332 913 4346 .
1026 4331 1032 4344 .

67 4362 88 4413 i.
115 4364 156 4418 aet
179 4362 213 4418 τὰ
237 4361 320 4420 πάντα
343 4369 441 4417 eorread
467 4367 493 4417 G.
513 4369 541 4418 tt.
562 4369 590 4417 G.
624 4366 685 4414 libri.

41 4431 130 4497 otae,
150 4437 177 4486 io
193 4436 354 4487 temerante
370 4437 501 4498 correptae
520 4431 591 4488 1794.

918 4501 969 4566 4*
