3058 5014
288 291 424 344 rsnnnu
442 293 693 346 manerent.
712 293 947 346 nsannxxm.
1132 282 1190 356 ιιι

51 410 146 474 nodam
166 412 214 475 vel
230 411 406 476 levissimam
427 413 566 498 temporis
584 413 757 477 divisionem
776 411 927 476 admittatl
970 411 1098 478 Proinde
1117 416 1195 480 seire

50 525 74 576 te
88 513 153 576 illud
172 524 306 600 oportet,
338 515 422 578 deum
440 515 522 579 initio
540 525 707 594 carentem,
736 525 764 577 et
784 535 801 578 a
819 515 898 578 nullo
916 515 1041 594 laetum,
1070 517 1194 580 similem

48 615 95 678 sibi
112 617 197 680 deum
213 638 229 680 e
244 618 342 702 seipso
358 618 514 700 genuisse,
538 617 668 702 adeoque
687 619 715 680 io
734 616 869 680 omnibus
885 617 1050 702 aequalem.
1096 614 1193 701 Quem

47 718 151 800 quidem
171 718 289 782 minime
303 741 422 784 creasse
440 720 562 799 dicitur,
593 741 630 784 ne
648 719 673 784 si
691 729 807 783 creatus
827 729 907 783 esset
925 719 1049 804 ideoque
1067 719 1194 786 dissimi-

45 821 77 884 lis
92 821 185 900 leret,
216 821 385 886 diversitate
402 822 602 906 varietateque
618 843 670 886 sua
685 820 731 884 dei
749 821 972 906 appellationem
991 842 1008 886 e
1025 823 1122 886 medio
1139 821 1195 886 tol·

45 923 121 986 leret.
169 920 286 988 Etenim
312 924 374 994 lieri
397 945 456 988 uon
480 935 576 1010 potest
598 934 630 988 nt
647 924 695 1008 qui
712 934 835 1008 generat
858 923 1027 986 dissimilem
1047 925 1093 990 sui
1112 925 1193 988 inne-

45 1025 208 1109 qualemque
229 1025 386 1110 producat,
416 1039 466 1089 aot
483 1038 512 1090 ut
527 1026 645 1112 genitus
662 1025 832 1110 generantis
847 1025 887 1088 sit
903 1025 1065 1090 dissimilis.
1111 1021 1193 1108 Quo-

44 1127 113 1190 circa
128 1127 290 1192 naturalem
305 1129 456 1212 utriusque
473 1128 652 1192 identitatem
669 1128 777 1192 retinet
791 1125 818 1189 id
835 1127 910 1211 quod
925 1127 1095 1211 evangelieo
1111 1127 1193 1192 testi·

44 1229 133 1292 monio
151 1232 261 1308 lertur,
295 1231 324 1294 in
345 1251 402 1316 que
419 1230 458 1294 ita
475 1229 615 1316 seriptum
638 1239 702 1294 esta
737 1233 1030 1310 Omnrbqooapotrr'e
1047 1243 1192 1294 runcinae

41 1344 113 1406 suat,
141 1331 197 1396 buc
212 1343 275 1411 est,
299 1333 432 1398 deusest
449 1344 547 1418 pater,
572 1353 628 1415 ego
644 1331 743 1396 itidem
760 1332 849 1410 teus,
874 1333 934 1394 vita
951 1341 997 1394 est
1016 1341 1111 1417 pater,
1135 1353 1191 1417 ego

42 1434 118 1496 etiam
138 1433 217 1513 vita,
240 1444 271 1498 et
284 1445 383 1498 cetera
399 1436 495 1498 omnia
511 1455 586 1518 quae
602 1433 694 1518 patri,
720 1431 777 1496 dlio
795 1443 826 1497 et
839 1431 954 1518 spiritui
970 1447 1072 1498 salicto
1089 1433 1118 1498 in
1135 1456 1191 1499 una

42 1535 187 1599 divinitate
203 1537 401 1615 conveniunt,
425 1559 488 1600 cum
506 1535 576 1600 nibil
597 1536 636 1600 sit
653 1535 682 1598 in
699 1534 829 1599 trinitate
849 1535 1015 1614 diversum,
1046 1557 1081 1601 ao
1099 1536 1191 1601 nrnrii·

43 1639 107 1701 leste
137 1637 223 1702 nobis
249 1639 437 1703 subsistentis
455 1638 520 1703 sine
543 1637 603 1702 ullo
626 1637 709 1700 initio
734 1658 768 1700 ac
794 1648 925 1723 tempore
950 1637 1061 1722 paterni
1092 1639 1188 1718 verbi,

41 1739 226 1804 assimiliter
249 1739 437 1804 subsistentis
459 1740 578 1825 spiritus
601 1741 712 1817 saneti,
744 1739 792 1824 qui
818 1761 858 1802 ex
882 1749 964 1824 patre
990 1739 1098 1824 liliique
1123 1763 1190 1826 pro·
1282 1753 1285 1760 '

40 1841 102 1924 priis
124 1843 240 1920 oritur,
271 1843 398 1927 perlecta
418 1843 502 1908 uobis
522 1843 618 1908 oblata
634 1840 763 1927 cognitio
780 1840 837 1920 sit,
869 1852 957 1926 atque
980 1843 1057 1906 omni
1075 1843 1190 1908 ratione

41 1943 156 2010 innata.
1151 1959 1154 1966 '

112 2047 197 2111 Aelii
209 2043 306 2133 Caput
319 2045 360 2111 ll.
386 2045 419 2112 Si
440 2048 587 2132 ingenitus
605 2048 678 2112 deus
696 2067 800 2112 caussa
821 2056 867 2110 est
882 2047 961 2110 omni
978 2047 1188 2132 praestantior,

39 2148 86 2210 erit
104 2151 194 2212 etium
213 2151 404 2232 generatione
422 2150 484 2235 ipsa
508 2149 722 2236 praestantior:
748 2149 786 2227 si,
812 2149 940 2234 inquam,
965 2149 1079 2214 caussis
1095 2153 1189 2214 omni·

38 2247 83 2312 lus
107 2253 279 2331 antecellit,
308 2250 492 2338 generationi
516 2251 615 2316 itidem
634 2251 801 2315 antecellet.
846 2249 954 2335 Neque
976 2251 1053 2316 enim
1077 2262 1127 2316 aut
1152 2252 1188 2315 ab

41 2351 123 2416 altera
143 2364 249 2418 natura
267 2365 299 2418 ut
317 2365 398 2418 esset
413 2355 546 2440 accepit,
570 2364 621 2418 aut
642 2353 710 2418 illud
733 2353 796 2440 ipse
819 2351 875 2418 sibi
899 2354 1032 2418 contulit.

112 2452 239 2522 Conlut.
261 2453 300 2520 ΙΙ.
336 2454 370 2521 Si
387 2457 536 2540 ingenitus
552 2477 656 2520 caussa
672 2467 717 2520 est
731 2455 811 2520 ouini
830 2457 1045 2542 praestantior,
1069 2457 1104 2520 ab
1124 2456 1188 2542 ipso

37 2577 115 2639 porro
127 2559 247 2644 genitus
262 2558 338 2624 baud
354 2559 405 2623 illo
420 2558 506 2642 digne
520 2559 636 2643 genitus
652 2569 710 2636 est,
735 2579 789 2622 nec
807 2559 949 2643 aequalis,
975 2569 1115 2624 ettamen
1134 2581 1187 2627 es·

36 2660 143 2723 callenti
162 2661 212 2726 illa
232 2661 323 2747 patris
339 2661 531 2747 appellatione
550 2661 734 2739 continetur,
766 2681 908 2724 srrmmam
926 2661 1053 2744 genitori
1070 2663 1186 2746 genitus

36 2760 217 2844 ignominiam
237 2763 333 2842 all'ert,
358 2762 406 2848 qui
424 2762 545 2826 alterius
563 2785 647 2847 quam
664 2772 782 2826 creatae
802 2784 850 2826 res
866 2775 983 2828 ceterae
1002 2765 1128 2830 nominis
1144 2765 1186 2828 di·
1265 2751 1267 2756 ¹

35 2863 137 2944 gnitate
155 2865 298 2948 gaudeat,
324 2885 418 2949 neque
436 2876 467 2929 ut
483 2876 580 2928 cetera
596 2865 656 2944 illa,
681 2885 755 2949 quae
774 2855 849 2928 lac'ta
864 2877 943 2946 sont,
968 2867 1111 2929 ecrnditori
1130 2889 1185 2932 suo

36 2967 134 3030 cultum
155 2977 186 3030 et
203 2967 344 3030 honorem
367 2967 512 3031 adhibeat.
558 2965 635 3031 Nom
655 2967 711 3031 alia
729 2967 862 3051 quidem,
897 2989 971 3052 quae
996 2979 1081 3031 extra
1105 2969 1184 3034 illum

34 3079 110 3147 sunt,
144 3068 291 3132 conditori
309 3091 363 3132 suo
386 3070 474 3134 decus
499 3069 699 3154 honoremque
723 3068 867 3150 tribuunl;
902 3069 948 3133 cui
974 3091 1028 3134 nec
1051 3071 1185 3156 aequalia

35 3180 109 3248 sunt,
143 3192 200 3235 nee
218 3172 319 3235 eadem
338 3193 403 3236 cum
419 3172 469 3234 illo
487 3170 679 3257 appellatione
697 3183 872 3250 censentur,
905 3172 955 3234 sed
975 3173 1094 3236 servilis
1114 3195 1185 3236 con·

34 3271 144 3337 ditionis
171 3285 257 3352 sunt,
288 3284 375 3358 atque
400 3274 435 3337 od
459 3273 603 3338 creatoris
624 3272 747 3358 glorium
770 3273 930 3358 producta,
963 3295 1020 3358 qun
1047 3275 1183 3340 ninnirum

36 3391 67 3438 aa
82 3375 246 3440 illustribus
268 3376 325 3440 illis
350 3385 379 3438 et
396 3374 525 3459 egregiis
549 3375 612 3440 eius
633 3376 680 3459 qui
698 3375 858 3438 illustribus
875 3375 955 3440 bisce
978 3377 1067 3442 rebus
1084 3377 1184 3444 condi·

35 3474 64 3540 lis
82 3478 222 3564 superior
236 3489 283 3550 est
299 3479 469 3564 dignitatem
486 3477 749 3561 excellentiamque
767 3477 955 3562 proportione
972 3483 1093 3564 quadam
1114 3502 1185 3544 enn-

35 3581 212 3664 trmplemur.
257 3581 506 3658 Arvernum,
541 3579 589 3664 qui
616 3601 671 3642 nee
693 3582 838 3643 eotnnsuni
863 3589 1029 3645 ceterorum
1056 3583 1183 3669 appella·

35 3679 104 3745 tione
122 3681 311 3761 continetur,
346 3694 375 3746 et
391 3704 444 3768 pro
466 3704 502 3746 eo
521 3683 596 3766 quod
615 3683 772 3746 excellenti
798 3684 837 3746 illi
861 3685 1118 3748 consubstantialis
1138 3695 1184 3748 est

34 3782 169 3849 eiusmodi
187 3783 328 3869 dignitate
344 3786 492 3870 praeditus
510 3796 572 3863 est,
606 3775 638 3848 ut
655 3785 684 3848 in
702 3787 804 3848 eodem
821 3808 885 3850 cum
905 3786 955 3850 illo
973 3788 1076 3850 ordine
1092 3787 1183 3850 collo·

36 3895 125 3964 cetur,
153 3885 180 3952 si
201 3909 287 3972 quam
304 3887 410 3951 babeat
428 3887 464 3950 ab
482 3887 593 3952 eximio
611 3887 661 3951 illo
684 3887 901 3973 praestantique
917 3889 1106 3966 varietatem,
1131 3909 1183 3952 ne-

33 4006 107 4052 cesse
127 4002 176 4052 est
193 4003 225 4054 ut
239 3991 275 4053 de
296 3991 425 4054 eiusdem
449 3989 587 4072 dignitate
610 3991 715 4076 aliquid
739 3991 907 4068 imminuat,
942 3990 997 4054 boe
1020 3990 1083 4074 ipso
1106 3993 1183 4074 quod

34 4092 267 4156 excellentissimi
295 4092 372 4156 illius
397 4091 426 4156 in
449 4092 549 4176 genito
575 4092 740 4177 splendoris
764 4093 929 4157 communio
954 4093 1107 4157 varietatis
1129 4094 1183 4158 ali-

33 4193 89 4272 quid
108 4216 144 4257 ac
161 4195 342 4260 diversitatis
361 4195 478 4259 babeat.
515 4191 616 4277 Quare
633 4195 756 4258 similem
775 4195 853 4257 illum
874 4215 890 4256 e
908 4192 1008 4272 simili,
1031 4206 1059 4257 et
1075 4217 1183 4282 aequa-

33 4291 79 4354 lem
96 4298 269 4382 exaequati
288 4299 414 4370 loetum,
448 4319 506 4360 nen
526 4319 579 4384 pro
597 4308 680 4382 capto
698 4317 858 4382 corporeae
879 4296 1001 4361 alicuius
1017 4297 1182 4383 intelligen-

33 4395 80 4458 tiae
94 4395 268 4462 Christiana
286 4399 340 4461 lide
359 4399 556 4484 tconeipimos,
590 4399 642 4461 sed
666 4410 801 4484 tanquam
819 4400 904 4463 deum
925 4419 965 4463 ert
978 4400 1053 4478 deo,
1085 4403 1182 4466 lumen

34 4495 204 4577 delumine,
241 4522 275 4566 ac
292 4501 412 4566 verbum
437 4501 528 4594 patris
552 4500 732 4588 subsistens,
766 4503 840 4572 adeo
865 4512 897 4567 ut
913 4502 1087 4569 excellentis
1105 4504 1182 4576 illius
