3072 5002
322 374 459 429 raanan
476 375 538 428 orn
553 378 597 428 ur.
613 376 696 430 rom.
710 378 728 428 r.
746 375 844 429 naua.
858 374 979 426 uxxm.
1170 363 1227 430 121

71 505 234 582 potentem,
266 495 408 560 lautomas
432 495 506 561 obeli
530 506 559 560 et
584 505 698 574 terrae,
731 495 946 579 visibiliumque
972 503 1002 558 et
1022 493 1228 562 invisibilium.

71 595 227 663 Credimus
245 599 332 662 etiam
349 598 378 662 in
396 598 544 664 dominum
560 608 692 663 nostrum
715 595 811 664 lesum
830 594 981 663 Christum
1001 595 1091 662 lilium
1112 598 1178 678 dei,
1202 609 1234 664 et

70 702 189 788 abipso
213 702 344 786 genitum
371 701 445 766 eitra
468 701 634 786 passionem
657 701 742 766 ullam
764 710 832 764 ante
857 699 953 764 omrria
977 700 1114 780 saecula,
1146 701 1232 766 deum

69 805 209 882 verbum,
233 804 318 870 deum
336 804 373 868 de
391 803 463 883 deo,
489 803 689 888 unigenitum,
713 804 829 883 lusum,
851 802 960 882 vitum,
987 804 1160 884 veritatem,
1183 825 1233 869 su-

68 907 226 994 pientiom‚
259 906 416 984 virtutem,
450 927 607 992 perquem
632 907 729 971 omnia
756 907 832 970 laeta
856 917 926 970 sunt
947 927 1023 992 quse
1043 904 1074 970 in
1091 905 1183 970 euelis
1203 917 1234 972 et

66 1009 94 1072 in
112 1020 194 1074 terra
210 1019 297 1087 sunt,
321 1008 387 1072 sive
403 1007 548 1088 visibilia,
577 1009 642 1074 sive
655 1008 823 1074 irrs’isihilia.
871 1007 957 1073 iluna
974 1010 1068 1094 ipsum
1086 1010 1232 1074 eredimus

65 1111 94 1176 in
112 1114 176 1176 fine
194 1111 379 1178 saeoulurum
401 1112 436 1176 ad
455 1113 692 1198 extinguendum·
704 1122 854 1197 peooalum
879 1133 997 1176 earnem
1016 1132 1032 1176 e
1048 1123 1150 1176 saneta
1171 1111 1232 1177 uir·

65 1215 137 1298 gine
153 1215 334 1301 sumpsisse,
358 1213 564 1300 hominemque
584 1217 708 1293 lantum,
739 1215 941 1302 passumitem
961 1236 1013 1301 pro
1032 1213 1159 1301 pereatis
1179 1237 1232 1280 uo·

65 1317 157 1396 stris,
191 1317 417 1398 resurrexisse,
452 1329 483 1382 et
504 1319 533 1382 in
558 1317 672 1384 eoelum
700 1317 874 1382 subversum
898 1317 1003 1382 sedere
1026 1319 1061 1380 ad
1079 1317 1231 1382 dexteram

65 1419 177 1506 patris,
210 1422 365 1486 etiterum
387 1432 542 1485 venturum
565 1443 632 1486 eum
655 1420 750 1505 gloria
773 1421 903 1486 iudicare
926 1421 1013 1484 viros
1036 1430 1066 1484 et
1086 1430 1230 1486 mortuos.

66 1518 227 1588 Credimus
252 1536 282 1588 et
299 1525 330 1588 io
346 1545 437 1588 uuum
454 1535 588 1588 sanetum
611 1524 763 1610 spiritum,
795 1544 880 1610 quem
900 1523 1031 1588 salvalor
1048 1533 1078 1608 et
1096 1522 1231 1587 dominus

67 1636 173 1689 noster
191 1627 274 1690 lesus
292 1622 431 1691 Christus
455 1623 643 1692 Paracletum
665 1627 800 1706 vaeavit,
833 1628 1015 1711 eundemque
1038 1633 1102 1710 post
1120 1625 1232 1690 disues-

64 1747 128 1792 sum
152 1749 238 1794 suum
262 1728 419 1793 missurum
437 1750 471 1793 se
489 1731 630 1816 apostolis
651 1730 794 1817 promisit.
839 1728 937 1814 Quem
961 1738 992 1792 et
1008 1749 1113 1794 revera
1139 1727 1230 1807 misit,

66 1840 94 1892 et
110 1849 169 1917 per
183 1853 250 1895 eum
271 1833 374 1897 fideles
391 1831 421 1894 in
439 1833 563 1896 eeclesia
586 1831 768 1911 sancliheat,
801 1833 848 1917 qui
866 1830 1052 1918 baptizantur
1067 1832 1096 1894 in
1113 1830 1232 1894 nomino

66 1934 160 2018 patris
179 1944 209 1996 et
226 1934 278 1997 atii
298 1945 326 1998 ot
341 1935 461 2021 spiritus
477 1935 582 1999 saneti.
630 1933 814 2020 Quicumque
833 1955 905 1998 vero
920 1945 1038 2018 praeter
1054 1933 1127 1997 bauo
1144 1933 1232 1996 lide‘m

66 2035 146 2098 aliud
165 2035 300 2121 quiddam
320 2037 507 2122 praedicant,
541 2037 654 2102 alienos
672 2037 754 2102 norit
776 2037 902 2101 ecelesia
920 2037 1075 2100 eatholioa.
1120 2034 1233 2120 Quem·

68 2143 228 2205 admodum
244 2160 316 2203 vero
334 2159 398 2202 uum
418 2139 472 2203 hae
488 2139 556 2204 hdei
575 2141 698 2205 turmula
715 2151 914 2204 uoansentauea
937 2140 1025 2202 sites
1041 2157 1114 2223 quae
1132 2135 1233 2204 Sirmii

66 2265 165 2330 nuper
186 2242 323 2329 exposita
352 2252 398 2305 est
427 2263 525 2307 eoram
549 2243 774 2328 religiosissimo
798 2238 977 2330 imperatore
1005 2252 1109 2305 nostro
1125 2249 1235 2306 norunt

66 2350 113 2431 qui
139 2347 216 2410 hana
239 2345 331 2432 ipsam
355 2345 493 2430 legerint.

153 2447 404 2534 subscripserunt
419 2447 467 2534 qui
487 2450 626 2528 aderant,
652 2446 795 2523 Basilius,
827 2443 966 2528 Marsus,
991 2445 1141 2532 Georgius
1162 2447 1234 2511 Ale·
1275 2459 1337 2530 cup.

67 2551 216 2616 sandriae
233 2551 406 2636 episeopus,
439 2549 632 2630 Prudentius,
658 2549 860 2639 Hypatianus,
893 2561 924 2614 et
938 2549 1052 2636 plurimi
1069 2547 1230 2613 oooideutis
1256 2531 1354 2588 mh

68 2652 213 2738 episcopi.
260 2651 325 2738 Ego
348 2649 498 2738 Georgius
520 2654 674 2741 episeopus
699 2653 902 2719 Alexandriae
929 2651 1002 2717 haue
1025 2653 1094 2716 iidei
1121 2653 1236 2739 proles·

68 2757 183 2818 sionem
201 2756 311 2834 edidi‚·
329 2765 417 2840 atque
433 2755 472 2818 ita
488 2767 520 2819 ut
538 2755 678 2842 seriptum
701 2767 747 2821 est
767 2777 813 2820 me
834 2756 946 2820 sentire
968 2754 1123 2842 profiteor.
1170 2751 1236 2838 Ego

67 2857 198 2922 Aeacius
221 2857 375 2944 episeopus
396 2853 546 2922 Caesarea
568 2858 642 2922 hano
660 2859 728 2923 helei
745 2860 958 2945 professionem
975 2858 1068 2938 edidi,
1091 2869 1178 2942 alque
1193 2856 1236 2922 ita

67 2971 98 3023 ut
117 2961 262 3047 seriptum
280 2971 326 3024 est
340 2981 386 3023 me
404 2961 517 3023 sentiro
535 2961 689 3046 proliteor.
735 2959 865 3027 Uranius
883 2961 1038 3047 episeopus
1054 2959 1142 3047 Tyri.
1174 2955 1236 3022 Eu·

67 3063 186 3149 tychius
212 3064 368 3149 episeopus
394 3059 643 3149 Eleutheropolis.
699 3063 802 3128 Zoilus
828 3063 983 3149 episeopus
1007 3059 1150 3128 Larissae
1176 3059 1236 3147 Sy-

68 3166 143 3228 riae.
195 3161 289 3230 Seras
315 3165 470 3249 episeopus
496 3187 536 3228 ex
561 3163 742 3230 Paraetonio
765 3165 893 3252 Libyae.
947 3163 1057 3230 Paulus
1079 3165 1235 3250 episeopus

68 3265 222 3333 Emissae.
274 3265 448 3332 Eustathius
479 3269 634 3352 episeopus
665 3267 858 3356 Epiphaniae.
912 3271 1053 3332 irenaeus
1081 3268 1237 3354 episeopus

69 3369 207 3456 Tripolis
231 3367 410 3435 Phoenices.
456 3367 604 3434 Eusebius
625 3371 780 3457 episeopus
802 3369 959 3436 Seleuciae
976 3367 1097 3456 Syriae.
1143 3367 1239 3457 Euly-

67 3473 191 3536 abianus
216 3470 371 3558 episcopus
388 3469 563 3536 Patarorum
580 3472 609 3536 in
628 3471 734 3560 Lycia.
780 3471 954 3536 Euslathius
977 3473 1133 3560 episeopus
1148 3470 1239 3537 Pina·

64 3597 165 3640 rorum
185 3573 440 3660 etDidymorum.
486 3572 616 3640 Basilius
632 3576 787 3662 episeopus
807 3571 988 3641 Cauniorum
1006 3573 1133 3662 Lydiae.
1178 3572 1237 3639 Pe·

66 3689 131 3742 trus
151 3679 309 3764 episeopus
333 3675 420 3762 Hippi
437 3673 638 3742 Palaestinae.
684 3675 853 3764 Stephanus
871 3678 1025 3765 episcopus
1047 3674 1236 3744 Ptolemaidis

65 3778 195 3868 Libyae.
252 3778 408 3844 Eudoxias
440 3781 607 3867 episeopus.
663 3773 838 3866 Apollonius
868 3779 1023 3867 episeopus
1054 3777 1234 3866 Oxyrinohi.

66 3881 260 3948 Theaetistus
297 3881 453 3968 episeopus
488 3879 675 3949 Ostracines.
737 3882 884 3949 Leontius
916 3883 1071 3971 episeopus
1105 3878 1233 3968 Lydiae.

68 3985 261 4050 Theodosius
292 3985 448 4072 episeopus
478 3982 697 4071 Philadelphiae
727 3983 855 4074 Lydiae.
908 3984 1046 4050 Phoebus
1079 3985 1235 4071 episeopus

65 4083 304 4170 Polychalandae
327 4085 453 4174 Lydiae.
499 4085 627 4173 Magnus
654 4089 810 4175 episeopus
836 4087 1046 4154 Themisorum
1072 4083 1232 4175 Phrygiae.

65 4187 213 4276 Euagrius
244 4191 401 4278 episeopus
427 4189 591 4280 Mytilenes
618 4192 799 4270 insularum,
834 4186 948 4277 Cyrinn
973 4189 1129 4278 episeopus
1151 4189 1236 4257 Doli-

97 4410 125 4467 l.
142 4407 309 4484 ’Ἐπιφανείας
324 4417 423 4466 restituit
440 4417 557 4466 Paruulus.
666 4416 802 4479 ponendum
818 4413 944 4479 Πινᾶρων.

98 4499 123 4550 5.
144 4498 264 4568 zatum
280 4503 372 4552 restitui
396 4514 426 4550 ee
449 4501 514 4550 libris
536 4515 591 4551 mss.
612 4505 634 4552 et
701 4497 726 4554 6.
746 4503 781 4552 ltu
793 4503 829 4554 ed.
841 4505 917 4564 prino.
930 4516 985 4553 eum
997 4503 1063 4556 libris
1074 4516 1131 4556 mss.
1166 4503 1237 4559 Pele·

63 4569 100 4618 ed.
116 4573 190 4631 princ.
220 4573 284 4622 Num
298 4571 412 4622 Petovlns
425 4569 497 4618 edidit
512 4564 637 4634 Διδύμων.
672 4573 725 4622 uiue
742 4571 817 4622 edidit
835 4562 1000 4646 Ὀξυρῦγχου.

64 4637 113 4690 Pru
133 4635 250 4706 Hampsis
266 4643 357 4690 mutatu
377 4643 474 4690 oeeentu
489 4638 587 4699 {mlum
602 4651 641 4692 re·
