<?xml version="1.0" encoding="UTF-8"?>
<!DOCTYPE html PUBLIC "-//W3C//DTD XHTML 1.0 Transitional//EN"
    "http://www.w3.org/TR/xhtml1/DTD/xhtml1-transitional.dtd">
<html xmlns="http://www.w3.org/1999/xhtml" xml:lang="en" lang="en">
 <head>
  <title>
</title>
<meta http-equiv="Content-Type" content="text/html;charset=utf-8" />
  <meta name='ocr-system' content='tesseract 3.04.00' />
  <meta name='ocr-capabilities' content='ocr_page ocr_carea ocr_par ocr_line ocrx_word'/>
</head>
<body>
  <div class='ocr_page' id='page_1' title='image "./corporishaerese00oehlgoog_0649.png"; bbox 0 0 3044 5018; ppageno 0'>
   <div class='ocr_carea' id='block_1_1' title="bbox 279 257 1098 322">
    <p class='ocr_par' dir='ltr' id='par_1_1' title="bbox 279 257 1098 322">
     <span class='ocr_line' id='line_1_1' title="bbox 279 257 1098 322; baseline -0.005 0"><span class='ocrx_word' id='word_1_1' title='bbox 279 257 341 322; x_wconf 80' lang='lat'>630</span> <span class='ocrx_word' id='word_1_2' title='bbox 622 266 785 320; x_wconf 80' lang='grc' dir='ltr'>ιυυτυοι</span> <span class='ocrx_word' id='word_1_3' title='bbox 804 266 850 320; x_wconf 72' lang='lat' dir='ltr'>ET</span> <span class='ocrx_word' id='word_1_4' title='bbox 867 265 1098 318; x_wconf 76' lang='grc' dir='ltr'>σοιιιιισιιοιυι</span> 
     </span>
    </p>
   </div>
   <div class='ocr_carea' id='block_1_2' title="bbox 189 380 1514 4624">
    <p class='ocr_par' dir='ltr' id='par_1_2' title="bbox 277 380 1455 1389">
     <span class='ocr_line' id='line_1_2' title="bbox 280 380 1455 457; baseline -0.005 -13"><span class='ocrx_word' id='word_1_5' title='bbox 280 390 366 444; x_wconf 89' lang='grc' dir='ltr'>Τοῦτο</span> <span class='ocrx_word' id='word_1_6' title='bbox 381 384 430 457; x_wconf 91' lang='grc' dir='ltr'>γάρ</span> <span class='ocrx_word' id='word_1_7' title='bbox 449 405 527 455; x_wconf 89' lang='grc' dir='ltr'>φησιν</span> <span class='ocrx_word' id='word_1_8' title='bbox 550 384 593 442; x_wconf 83' lang='grc' dir='ltr'>διά</span> <span class='ocrx_word' id='word_1_9' title='bbox 611 383 659 454; x_wconf 72' lang='grc' dir='ltr'>τήν</span> <span class='ocrx_word' id='word_1_10' title='bbox 682 389 770 454; x_wconf 81' lang='grc' dir='ltr'>ψῆφον</span> <span class='ocrx_word' id='word_1_11' title='bbox 786 386 831 442; x_wconf 88' lang='grc' dir='ltr'>τσῦ</span> <span class='ocrx_word' id='word_1_12' title='bbox 850 406 871 440; x_wconf 88' lang='grc' dir='ltr'>ω</span> <span class='ocrx_word' id='word_1_13' title='bbox 848 386 934 440; x_wconf 72' lang='grc' dir='ltr'>’καί</span> <span class='ocrx_word' id='word_1_14' title='bbox 955 380 1039 452; x_wconf 85' lang='grc' dir='ltr'>άλφα,</span> <span class='ocrx_word' id='word_1_15' title='bbox 1066 405 1080 440; x_wconf 92' lang='grc' dir='ltr'>ο</span> <span class='ocrx_word' id='word_1_16' title='bbox 1066 380 1152 440; x_wconf 91' lang='grc' dir='ltr'>ἐστι</span> <span class='ocrx_word' id='word_1_17' title='bbox 1167 383 1325 452; x_wconf 83' lang='grc' dir='ltr'>περιστερά,</span> <span class='ocrx_word' id='word_1_18' title='bbox 1353 383 1455 449; x_wconf 58' lang='grc' dir='ltr'>ἐπείπερ</span> 
     </span>
     <span class='ocr_line' id='line_1_3' title="bbox 280 464 1454 543; baseline -0.003 -15"><span class='ocrx_word' id='word_1_19' title='bbox 280 471 363 543; x_wconf 69' lang='grc' dir='ltr'>ἔφη’</span> <span class='ocrx_word' id='word_1_20' title='bbox 349 493 362 528; x_wconf 90' lang='grc' dir='ltr'>ο</span> <span class='ocrx_word' id='word_1_21' title='bbox 378 469 481 540; x_wconf 87' lang='grc' dir='ltr'>σωτηρ,</span> <span class='ocrx_word' id='word_1_22' title='bbox 506 466 580 539; x_wconf 84' lang='grc' dir='ltr'>Ἐγῶ</span> <span class='ocrx_word' id='word_1_23' title='bbox 604 471 657 538; x_wconf 78' lang='grc' dir='ltr'>εἰμι</span> <span class='ocrx_word' id='word_1_24' title='bbox 676 469 741 526; x_wconf 79' lang='grc' dir='ltr'>τέ“</span> <span class='ocrx_word' id='word_1_25' title='bbox 724 491 741 524; x_wconf 90' lang='grc' dir='ltr'>α</span> <span class='ocrx_word' id='word_1_26' title='bbox 758 470 803 524; x_wconf 79' lang='grc' dir='ltr'>καὶ</span> <span class='ocrx_word' id='word_1_27' title='bbox 824 464 877 538; x_wconf 88' lang='grc' dir='ltr'>ἐγῶ</span> <span class='ocrx_word' id='word_1_28' title='bbox 895 469 991 538; x_wconf 86' lang='grc' dir='ltr'>είμι</span> <span class='ocrx_word' id='word_1_29' title='bbox 964 489 993 526; x_wconf 90' lang='grc' dir='ltr'>το</span> <span class='ocrx_word' id='word_1_30' title='bbox 1009 473 1038 524; x_wconf 78' lang='grc' dir='ltr'>ῑν</span> <span class='ocrx_word' id='word_1_31' title='bbox 1074 469 1118 526; x_wconf 88' lang='grc' dir='ltr'>Διό</span> <span class='ocrx_word' id='word_1_32' title='bbox 1144 471 1188 524; x_wconf 81' lang='grc' dir='ltr'>καὶ</span> <span class='ocrx_word' id='word_1_33' title='bbox 1205 469 1232 525; x_wconf 89' lang='grc' dir='ltr'>ἐν</span> <span class='ocrx_word' id='word_1_34' title='bbox 1249 472 1290 540; x_wconf 74' lang='grc' dir='ltr'>τῷ</span> <span class='ocrx_word' id='word_1_35' title='bbox 1308 471 1454 538; x_wconf 80' lang='grc' dir='ltr'>δωδαότιρ</span> 
     </span>
     <span class='ocr_line' id='line_1_4' title="bbox 279 551 1455 626; baseline -0.006 -12"><span class='ocrx_word' id='word_1_36' title='bbox 279 559 377 614; x_wconf 80' lang='grc' dir='ltr'>ἐτει”</span> <span class='ocrx_word' id='word_1_37' title='bbox 343 576 393 625; x_wconf 92' lang='grc' dir='ltr'>της</span> <span class='ocrx_word' id='word_1_38' title='bbox 407 555 551 626; x_wconf 67' lang='grc' dir='ltr'>γεννήσεως</span> <span class='ocrx_word' id='word_1_39' title='bbox 565 551 643 610; x_wconf 86' lang='grc' dir='ltr'>αύτοῦ</span> <span class='ocrx_word' id='word_1_40' title='bbox 662 553 799 624; x_wconf 85' lang='grc' dir='ltr'>είςάγει</span> <span class='ocrx_word' id='word_1_41' title='bbox 771 573 817 610; x_wconf 91' lang='grc' dir='ltr'>τον</span> <span class='ocrx_word' id='word_1_42' title='bbox 832 551 966 622; x_wconf 83' lang='grc' dir='ltr'>Ἰησοῦν“</span> <span class='ocrx_word' id='word_1_43' title='bbox 951 575 964 610; x_wconf 90' lang='grc' dir='ltr'>ο</span> <span class='ocrx_word' id='word_1_44' title='bbox 983 557 1088 618; x_wconf 81' lang='grc' dir='ltr'>Λουκᾶς</span> <span class='ocrx_word' id='word_1_45' title='bbox 1106 553 1229 623; x_wconf 77' lang='grc' dir='ltr'>εἰρηκότα</span> <span class='ocrx_word' id='word_1_46' title='bbox 1247 554 1317 622; x_wconf 87' lang='grc' dir='ltr'>πρός</span> <span class='ocrx_word' id='word_1_47' title='bbox 1332 555 1384 622; x_wconf 67' lang='grc' dir='ltr'>τήν</span> <span class='ocrx_word' id='word_1_48' title='bbox 1402 557 1455 607; x_wconf 67' lang='lat' dir='ltr'>Ua·</span> 
     </span>
     <span class='ocr_line' id='line_1_5' title="bbox 279 636 1454 712; baseline -0.006 -13"><span class='ocrx_word' id='word_1_49' title='bbox 279 642 341 712; x_wconf 81' lang='grc' dir='ltr'>ριάμ</span> <span class='ocrx_word' id='word_1_50' title='bbox 367 643 491 710; x_wconf 75' lang='grc' dir='ltr'>ζητοῦσαν</span> <span class='ocrx_word' id='word_1_51' title='bbox 517 637 610 706; x_wconf 83' lang='grc' dir='ltr'>αύτόν,</span> <span class='ocrx_word' id='word_1_52' title='bbox 635 637 713 709; x_wconf 74' lang='grc' dir='ltr'>η’νίκα</span> <span class='ocrx_word' id='word_1_53' title='bbox 738 645 791 701; x_wconf 86' lang='grc' dir='ltr'>τοῖς</span> <span class='ocrx_word' id='word_1_54' title='bbox 806 637 973 701; x_wconf 74' lang='grc' dir='ltr'>διδασκάλοις</span> <span class='ocrx_word' id='word_1_55' title='bbox 995 641 1184 710; x_wconf 86' lang='grc' dir='ltr'>προςδιελέγετο</span> <span class='ocrx_word' id='word_1_56' title='bbox 1204 641 1232 694; x_wconf 85' lang='grc' dir='ltr'>ἐν</span> <span class='ocrx_word' id='word_1_57' title='bbox 1252 636 1454 708; x_wconf 54' lang='grc' dir='ltr'>Ἰεροσολύμακ</span> 
     </span>
     <span class='ocr_line' id='line_1_6' title="bbox 279 722 1454 798; baseline -0.003 -16"><span class='ocrx_word' id='word_1_58' title='bbox 279 723 337 782; x_wconf 91' lang='grc' dir='ltr'>Ούκ</span> <span class='ocrx_word' id='word_1_59' title='bbox 351 723 441 798; x_wconf 76' lang='grc' dir='ltr'>ᾔδειτε</span> <span class='ocrx_word' id='word_1_60' title='bbox 459 722 500 782; x_wconf 78' lang='grc' dir='ltr'>ὅτι</span> <span class='ocrx_word' id='word_1_61' title='bbox 516 726 542 780; x_wconf 85' lang='grc' dir='ltr'>ἐν</span> <span class='ocrx_word' id='word_1_62' title='bbox 557 733 612 787; x_wconf 86' lang='grc' dir='ltr'>τοῖς</span> <span class='ocrx_word' id='word_1_63' title='bbox 624 725 668 779; x_wconf 85' lang='grc' dir='ltr'>τοῦ</span> <span class='ocrx_word' id='word_1_64' title='bbox 685 724 783 791; x_wconf 88' lang='grc' dir='ltr'>πατρός</span> <span class='ocrx_word' id='word_1_65' title='bbox 799 743 847 792; x_wconf 85' lang='grc' dir='ltr'>μου</span> <span class='ocrx_word' id='word_1_66' title='bbox 863 727 926 776; x_wconf 85' lang='lat' dir='ltr'>Ven.</span> <span class='ocrx_word' id='word_1_67' title='bbox 944 754 976 764; x_wconf 92' lang='lat'>-</span> <span class='ocrx_word' id='word_1_68' title='bbox 1012 722 1327 794; x_wconf 74' lang='grc' dir='ltr'>1.2δάιιόιοῦγρόνου</span> <span class='ocrx_word' id='word_1_69' title='bbox 1342 727 1393 780; x_wconf 79' lang='grc' dir='ltr'>τοῦ</span> <span class='ocrx_word' id='word_1_70' title='bbox 1410 729 1454 794; x_wconf 77' lang='grc' dir='ltr'>βο-</span> 
     </span>
     <span class='ocr_line' id='line_1_7' title="bbox 277 805 1454 881; baseline -0.002 -15"><span class='ocrx_word' id='word_1_71' title='bbox 277 813 419 881; x_wconf 86' lang='grc' dir='ltr'>πτίσματος</span> <span class='ocrx_word' id='word_1_72' title='bbox 441 810 497 872; x_wconf 81' lang='grc' dir='ltr'>υἱός</span> <span class='ocrx_word' id='word_1_73' title='bbox 514 811 613 879; x_wconf 88' lang='grc' dir='ltr'>γέγονεν</span> <span class='ocrx_word' id='word_1_74' title='bbox 630 811 677 865; x_wconf 84' lang='grc' dir='ltr'>τού</span> <span class='ocrx_word' id='word_1_75' title='bbox 694 810 771 876; x_wconf 87' lang='grc' dir='ltr'>θεοῦ,</span> <span class='ocrx_word' id='word_1_76' title='bbox 797 806 924 876; x_wconf 89' lang='grc' dir='ltr'>ἐλθούσης</span> <span class='ocrx_word' id='word_1_77' title='bbox 942 809 979 871; x_wconf 87' lang='grc' dir='ltr'>είς</span> <span class='ocrx_word' id='word_1_78' title='bbox 993 807 1071 866; x_wconf 86' lang='grc' dir='ltr'>αύτόν</span> <span class='ocrx_word' id='word_1_79' title='bbox 1092 813 1141 877; x_wconf 80' lang='grc' dir='ltr'>τῆς</span> <span class='ocrx_word' id='word_1_80' title='bbox 1157 811 1313 877; x_wconf 77' lang='grc' dir='ltr'>περιστεράς</span> <span class='ocrx_word' id='word_1_81' title='bbox 1329 805 1366 877; x_wconf 76' lang='grc' dir='ltr'>ῆν</span> <span class='ocrx_word' id='word_1_82' title='bbox 1379 827 1454 878; x_wconf 78' lang='grc' dir='ltr'>φασιν</span> 
     </span>
     <span class='ocr_line' id='line_1_8' title="bbox 279 891 1454 966; baseline -0.003 -15"><span class='ocrx_word' id='word_1_83' title='bbox 279 894 342 952; x_wconf 88' lang='grc' dir='ltr'>εἶναι</span> <span class='ocrx_word' id='word_1_84' title='bbox 359 895 402 953; x_wconf 84' lang='grc' dir='ltr'>τόν</span> <span class='ocrx_word' id='word_1_85' title='bbox 418 895 546 966; x_wconf 85' lang='grc' dir='ltr'>Χριστὸν,</span> <span class='ocrx_word' id='word_1_86' title='bbox 572 895 617 949; x_wconf 79' lang='grc' dir='ltr'>καὶ</span> <span class='ocrx_word' id='word_1_87' title='bbox 635 895 678 949; x_wconf 80' lang='grc' dir='ltr'>ἳνα</span> <span class='ocrx_word' id='word_1_88' title='bbox 703 895 795 962; x_wconf 88' lang='grc' dir='ltr'>σαφῶς</span> <span class='ocrx_word' id='word_1_89' title='bbox 816 895 922 963; x_wconf 77' lang='grc' dir='ltr'>γνωσθῇ</span> <span class='ocrx_word' id='word_1_90' title='bbox 939 896 1003 946; x_wconf 84' lang='lat' dir='ltr'>Ven.</span> <span class='ocrx_word' id='word_1_91' title='bbox 1020 923 1053 936; x_wconf 86' lang='lat'>-</span> <span class='ocrx_word' id='word_1_92' title='bbox 1088 895 1157 948; x_wconf 60' lang='lat'>1:24.</span> <span class='ocrx_word' id='word_1_93' title='bbox 1176 893 1190 950; x_wconf 85' lang='grc' dir='ltr'>ό</span> <span class='ocrx_word' id='word_1_94' title='bbox 1207 893 1270 956; x_wconf 81' lang='grc' dir='ltr'>θεός</span> <span class='ocrx_word' id='word_1_95' title='bbox 1287 891 1387 962; x_wconf 88' lang='grc' dir='ltr'>λόγος,</span> <span class='ocrx_word' id='word_1_96' title='bbox 1413 896 1454 948; x_wconf 73' lang='grc' dir='ltr'>καὶ</span> 
     </span>
     <span class='ocr_line' id='line_1_9' title="bbox 277 975 1454 1050; baseline 0.002 -22"><span class='ocrx_word' id='word_1_97' title='bbox 277 979 359 1037; x_wconf 62' lang='grc' dir='ltr'>ἐλθών</span> <span class='ocrx_word' id='word_1_98' title='bbox 377 980 516 1050; x_wconf 65' lang='grc' dir='ltr'>ἐσαρχώθη</span> <span class='ocrx_word' id='word_1_99' title='bbox 536 983 596 1030; x_wconf 87' lang='lat' dir='ltr'>Ven.</span> <span class='ocrx_word' id='word_1_100' title='bbox 615 1009 644 1018; x_wconf 92' lang='lat'>-</span> <span class='ocrx_word' id='word_1_101' title='bbox 684 980 699 1028; x_wconf 96' lang='grc' dir='ltr'>Ι.</span> <span class='ocrx_word' id='word_1_102' title='bbox 710 980 752 1032; x_wconf 74' lang='grc'>26.</span> <span class='ocrx_word' id='word_1_103' title='bbox 772 975 877 1048; x_wconf 80' lang='grc' dir='ltr'>σημάνῃ</span> <span class='ocrx_word' id='word_1_104' title='bbox 894 981 957 1030; x_wconf 80' lang='lat' dir='ltr'>Ven.</span> <span class='ocrx_word' id='word_1_105' title='bbox 975 1008 1009 1019; x_wconf 98' lang='lat'><em>-</em></span> <span class='ocrx_word' id='word_1_106' title='bbox 1045 980 1105 1030; x_wconf 83' lang='grc' dir='ltr'>ΙλνὶιΙ</span> <span class='ocrx_word' id='word_1_107' title='bbox 1123 981 1178 1045; x_wconf 84' lang='grc' dir='ltr'>τοῦ,</span> <span class='ocrx_word' id='word_1_108' title='bbox 1196 992 1257 1032; x_wconf 76' lang='lat' dir='ltr'>auto</span> <span class='ocrx_word' id='word_1_109' title='bbox 1272 979 1389 1046; x_wconf 80' lang='grc' dir='ltr'>πατρός,</span> <span class='ocrx_word' id='word_1_110' title='bbox 1408 999 1454 1030; x_wconf 70' lang='lat' dir='ltr'>on</span> 
     </span>
     <span class='ocr_line' id='line_1_10' title="bbox 278 1061 1454 1132; baseline 0 -14"><span class='ocrx_word' id='word_1_111' title='bbox 278 1070 345 1120; x_wconf 74' lang='lat' dir='ltr'><strong>Van.</strong></span> <span class='ocrx_word' id='word_1_112' title='bbox 365 1095 396 1108; x_wconf 89' lang='lat'>-··</span> <span class='ocrx_word' id='word_1_113' title='bbox 431 1067 503 1120; x_wconf 49' lang='lat'>128.</span> <span class='ocrx_word' id='word_1_114' title='bbox 528 1061 674 1132; x_wconf 74' lang='grc' dir='ltr'>ύπόδειγμα</span> <span class='ocrx_word' id='word_1_115' title='bbox 697 1065 771 1119; x_wconf 82' lang='grc' dir='ltr'>τοῦτο</span> <span class='ocrx_word' id='word_1_116' title='bbox 796 1066 859 1114; x_wconf 78' lang='lat' dir='ltr'>Ven.</span> <span class='ocrx_word' id='word_1_117' title='bbox 881 1093 910 1104; x_wconf 89' lang='lat'><em>-</em></span> <span class='ocrx_word' id='word_1_118' title='bbox 945 1064 962 1113; x_wconf 89' lang='lat' dir='ltr'>l.</span> <span class='ocrx_word' id='word_1_119' title='bbox 976 1064 1000 1116; x_wconf 87' lang='grc'>6.</span> <span class='ocrx_word' id='word_1_120' title='bbox 1016 1065 1049 1116; x_wconf 76' lang='grc' dir='ltr'>σίν</span> <span class='ocrx_word' id='word_1_121' title='bbox 1064 1065 1110 1116; x_wconf 80' lang='lat' dir='ltr'><strong>inf.</strong></span> <span class='ocrx_word' id='word_1_122' title='bbox 1139 1068 1204 1116; x_wconf 81' lang='lat' dir='ltr'>Bene</span> <span class='ocrx_word' id='word_1_123' title='bbox 1221 1067 1316 1116; x_wconf 78' lang='lat' dir='ltr'>Venet.</span> <span class='ocrx_word' id='word_1_124' title='bbox 1340 1065 1389 1120; x_wconf 81' lang='grc' dir='ltr'>διά</span> <span class='ocrx_word' id='word_1_125' title='bbox 1409 1068 1454 1130; x_wconf 63' lang='grc' dir='ltr'>τῆς</span> 
     </span>
     <span class='ocr_line' id='line_1_11' title="bbox 277 1144 1452 1222; baseline -0.005 -16"><span class='ocrx_word' id='word_1_126' title='bbox 277 1149 388 1222; x_wconf 77' lang='grc' dir='ltr'>χάριτος.</span> <span class='ocrx_word' id='word_1_127' title='bbox 401 1179 435 1192; x_wconf 89' lang='lat'>·-</span> <span class='ocrx_word' id='word_1_128' title='bbox 470 1151 488 1201; x_wconf 88' lang='lat'>1.</span> <span class='ocrx_word' id='word_1_129' title='bbox 499 1154 523 1202; x_wconf 81' lang='lat'>5.</span> <span class='ocrx_word' id='word_1_130' title='bbox 539 1149 570 1200; x_wconf 80' lang='lat' dir='ltr'>ab</span> <span class='ocrx_word' id='word_1_131' title='bbox 585 1149 631 1200; x_wconf 73' lang='lat' dir='ltr'>ins,</span> <span class='ocrx_word' id='word_1_132' title='bbox 648 1144 711 1206; x_wconf 76' lang='grc' dir='ltr'>Ἀπό</span> <span class='ocrx_word' id='word_1_133' title='bbox 727 1147 786 1204; x_wconf 89' lang='grc' dir='ltr'>τότε</span> <span class='ocrx_word' id='word_1_134' title='bbox 802 1147 832 1204; x_wconf 76' lang='grc' dir='ltr'>δέ</span> <span class='ocrx_word' id='word_1_135' title='bbox 846 1146 879 1204; x_wconf 87' lang='grc' dir='ltr'>τά</span> <span class='ocrx_word' id='word_1_136' title='bbox 895 1149 981 1204; x_wconf 88' lang='grc' dir='ltr'>τέλεια</span> <span class='ocrx_word' id='word_1_137' title='bbox 994 1144 1090 1218; x_wconf 81' lang='grc' dir='ltr'>ἤρξατο</span> <span class='ocrx_word' id='word_1_138' title='bbox 1106 1169 1132 1204; x_wconf 85' lang='grc' dir='ltr'>π</span> <span class='ocrx_word' id='word_1_139' title='bbox 1150 1151 1298 1218; x_wconf 85' lang='grc' dir='ltr'>θεσσημεία</span> <span class='ocrx_word' id='word_1_140' title='bbox 1313 1151 1379 1217; x_wconf 80' lang='grc' dir='ltr'>(εἰσ)</span> <span class='ocrx_word' id='word_1_141' title='bbox 1395 1153 1452 1200; x_wconf 68' lang='lat' dir='ltr'>vn</span> 
     </span>
     <span class='ocr_line' id='line_1_12' title="bbox 281 1228 1453 1304; baseline 0 -17"><span class='ocrx_word' id='word_1_142' title='bbox 281 1263 316 1278; x_wconf 91' lang='lat'>·-</span> <span class='ocrx_word' id='word_1_143' title='bbox 333 1236 351 1287; x_wconf 92' lang='lat' dir='ltr'>l.</span> <span class='ocrx_word' id='word_1_144' title='bbox 370 1235 415 1288; x_wconf 72' lang='lat' dir='ltr'>ult¹</span> <span class='ocrx_word' id='word_1_145' title='bbox 433 1231 496 1302; x_wconf 88' lang='grc' dir='ltr'>δύο,</span> <span class='ocrx_word' id='word_1_146' title='bbox 519 1228 551 1295; x_wconf 70' lang='grc' dir='ltr'>ῶς</span> <span class='ocrx_word' id='word_1_147' title='bbox 567 1228 625 1300; x_wconf 80' lang='grc' dir='ltr'>παρ’</span> <span class='ocrx_word' id='word_1_148' title='bbox 644 1229 718 1304; x_wconf 79' lang='grc' dir='ltr'>αύτῷ</span> <span class='ocrx_word' id='word_1_149' title='bbox 738 1232 836 1301; x_wconf 83' lang='grc' dir='ltr'>ἐμειναν</span> <span class='ocrx_word' id='word_1_150' title='bbox 853 1236 915 1286; x_wconf 83' lang='lat' dir='ltr'>Ven.</span> <span class='ocrx_word' id='word_1_151' title='bbox 951 1235 1017 1286; x_wconf 86' lang='lat' dir='ltr'><strong>Hinc</strong></span> <span class='ocrx_word' id='word_1_152' title='bbox 1034 1235 1187 1287; x_wconf 80' lang='grc' dir='ltr'>ιοοῑίευοαόε</span> <span class='ocrx_word' id='word_1_153' title='bbox 1208 1247 1248 1287; x_wconf 80' lang='lat' dir='ltr'>est</span> <span class='ocrx_word' id='word_1_154' title='bbox 1266 1235 1376 1302; x_wconf 64' lang='lat' dir='ltr'>vulgat:</span> <span class='ocrx_word' id='word_1_155' title='bbox 1393 1237 1453 1288; x_wconf 73' lang='grc' dir='ltr'>εστὶ-</span> 
     </span>
     <span class='ocr_line' id='line_1_13' title="bbox 278 1331 360 1389; baseline 0 -17"><span class='ocrx_word' id='word_1_156' title='bbox 278 1331 360 1389; x_wconf 76' lang='lat' dir='ltr'>ptura.</span> 
     </span>
    </p>

    <p class='ocr_par' dir='ltr' id='par_1_3' title="bbox 212 1399 1514 3176">
     <span class='ocr_line' id='line_1_14' title="bbox 347 1399 1454 1478; baseline -0.004 -16"><span class='ocrx_word' id='word_1_157' title='bbox 347 1408 428 1477; x_wconf 68' lang='grc' dir='ltr'>Ρις.</span> <span class='ocrx_word' id='word_1_158' title='bbox 438 1404 494 1461; x_wconf 75' lang='grc'>84.</span> <span class='ocrx_word' id='word_1_159' title='bbox 527 1402 581 1456; x_wconf 81' lang='lat'><strong>1.3.</strong></span> <span class='ocrx_word' id='word_1_160' title='bbox 599 1400 658 1469; x_wconf 86' lang='grc' dir='ltr'>παρ’</span> <span class='ocrx_word' id='word_1_161' title='bbox 672 1399 756 1458; x_wconf 87' lang='grc' dir='ltr'>αύτῶν</span> <span class='ocrx_word' id='word_1_162' title='bbox 775 1404 835 1471; x_wconf 80' lang='grc' dir='ltr'>(εἰσ)</span> <span class='ocrx_word' id='word_1_163' title='bbox 854 1403 967 1472; x_wconf 85' lang='grc' dir='ltr'>ἐπιφέρει</span> <span class='ocrx_word' id='word_1_164' title='bbox 983 1405 1062 1478; x_wconf 89' lang='grc' dir='ltr'>λέγων</span> <span class='ocrx_word' id='word_1_165' title='bbox 1080 1407 1197 1457; x_wconf 68' lang='grc' dir='ltr'>Ἰοα-</span> <span class='ocrx_word' id='word_1_166' title='bbox 1230 1405 1248 1456; x_wconf 94' lang='lat' dir='ltr'>l</span> <span class='ocrx_word' id='word_1_167' title='bbox 1263 1404 1290 1458; x_wconf 88' lang='grc'>6.</span> <span class='ocrx_word' id='word_1_168' title='bbox 1307 1406 1362 1474; x_wconf 76' lang='grc' dir='ltr'>τῆς</span> <span class='ocrx_word' id='word_1_169' title='bbox 1379 1406 1454 1458; x_wconf 82' lang='grc' dir='ltr'>Γαλι·</span> 
     </span>
     <span class='ocr_line' id='line_1_15' title="bbox 278 1480 1453 1558; baseline -0.003 -12"><span class='ocrx_word' id='word_1_170' title='bbox 278 1491 365 1554; x_wconf 87' lang='grc' dir='ltr'>λαίσς,</span> <span class='ocrx_word' id='word_1_171' title='bbox 390 1480 479 1546; x_wconf 68' lang='lat' dir='ltr'>ml</span> <span class='ocrx_word' id='word_1_172' title='bbox 458 1509 491 1557; x_wconf 91' lang='grc' dir='ltr'>ην</span> <span class='ocrx_word' id='word_1_173' title='bbox 509 1485 606 1544; x_wconf 72' lang='lat' dir='ltr'>lxtt⁸</span> <span class='ocrx_word' id='word_1_174' title='bbox 586 1507 710 1558; x_wconf 87' lang='grc' dir='ltr'>ημητηρ</span> <span class='ocrx_word' id='word_1_175' title='bbox 732 1490 777 1543; x_wconf 89' lang='grc' dir='ltr'>τοῦ</span> <span class='ocrx_word' id='word_1_176' title='bbox 793 1484 890 1557; x_wconf 87' lang='grc' dir='ltr'>Ἰησοῦ.</span> <span class='ocrx_word' id='word_1_177' title='bbox 924 1486 1044 1557; x_wconf 85' lang='grc' dir='ltr'>Ἐκληθη</span> <span class='ocrx_word' id='word_1_178' title='bbox 1061 1489 1091 1544; x_wconf 69' lang='lat' dir='ltr'>uk</span> <span class='ocrx_word' id='word_1_179' title='bbox 1105 1483 1210 1558; x_wconf 87' lang='grc' dir='ltr'>Ἰησοῦς</span> <span class='ocrx_word' id='word_1_180' title='bbox 1230 1489 1278 1546; x_wconf 81' lang='grc' dir='ltr'>καλ</span> <span class='ocrx_word' id='word_1_181' title='bbox 1294 1491 1322 1544; x_wconf 76' lang='grc' dir='ltr'>οἱ</span> <span class='ocrx_word' id='word_1_182' title='bbox 1339 1491 1453 1558; x_wconf 71' lang='grc' dir='ltr'>μαθηταὶ</span> 
     </span>
     <span class='ocr_line' id='line_1_16' title="bbox 278 1568 1453 1674; baseline -0.001 -44"><span class='ocrx_word' id='word_1_183' title='bbox 278 1572 358 1630; x_wconf 83' lang='grc' dir='ltr'>αύτοῦ</span> <span class='ocrx_word' id='word_1_184' title='bbox 381 1575 418 1635; x_wconf 88' lang='grc' dir='ltr'>είς</span> <span class='ocrx_word' id='word_1_185' title='bbox 435 1573 478 1630; x_wconf 78' lang='grc' dir='ltr'>τόν</span> <span class='ocrx_word' id='word_1_186' title='bbox 502 1573 590 1674; x_wconf 82' lang='grc' dir='ltr'>γάμον.</span> <span class='ocrx_word' id='word_1_187' title='bbox 619 1569 697 1629; x_wconf 86' lang='grc' dir='ltr'>Ἔδει</span> <span class='ocrx_word' id='word_1_188' title='bbox 713 1571 763 1641; x_wconf 82' lang='grc' dir='ltr'>γάρ</span> <span class='ocrx_word' id='word_1_189' title='bbox 784 1574 829 1628; x_wconf 77' lang='grc' dir='ltr'>καὶ</span> <span class='ocrx_word' id='word_1_190' title='bbox 854 1573 879 1628; x_wconf 91' lang='grc' dir='ltr'>ἐν</span> <span class='ocrx_word' id='word_1_191' title='bbox 893 1575 931 1645; x_wconf 81' lang='grc' dir='ltr'>τῷ</span> <span class='ocrx_word' id='word_1_192' title='bbox 946 1569 1025 1644; x_wconf 85' lang='grc' dir='ltr'>γάμῳ</span> <span class='ocrx_word' id='word_1_193' title='bbox 1041 1568 1119 1629; x_wconf 80' lang='grc' dir='ltr'>αύτόν</span> <span class='ocrx_word' id='word_1_194' title='bbox 1141 1574 1272 1641; x_wconf 84' lang='grc' dir='ltr'>κληθέντα</span> <span class='ocrx_word' id='word_1_195' title='bbox 1291 1575 1453 1640; x_wconf 71' lang='grc' dir='ltr'>καταξιῶσπ</span> 
     </span>
     <span class='ocr_line' id='line_1_17' title="bbox 278 1654 1452 1743; baseline -0.005 -27"><span class='ocrx_word' id='word_1_196' title='bbox 278 1658 317 1716; x_wconf 85' lang='grc' dir='ltr'>ἐπ’</span> <span class='ocrx_word' id='word_1_197' title='bbox 333 1654 436 1730; x_wconf 82' lang='grc' dir='ltr'>εύλογίᾳ</span> <span class='ocrx_word' id='word_1_198' title='bbox 449 1659 495 1712; x_wconf 87' lang='grc' dir='ltr'>τοῦ</span> <span class='ocrx_word' id='word_1_199' title='bbox 510 1657 609 1743; x_wconf 89' lang='grc' dir='ltr'>γάμου·</span> <span class='ocrx_word' id='word_1_200' title='bbox 637 1655 714 1712; x_wconf 72' lang='grc' dir='ltr'>καῖ’</span> <span class='ocrx_word' id='word_1_201' title='bbox 700 1675 899 1726; x_wconf 89' lang='grc' dir='ltr'>υστερησαντος,</span> <span class='ocrx_word' id='word_1_202' title='bbox 924 1659 1006 1728; x_wconf 75' lang='grc' dir='ltr'>φησί,</span> <span class='ocrx_word' id='word_1_203' title='bbox 1030 1659 1095 1712; x_wconf 79' lang='grc' dir='ltr'>οἴνου</span> <span class='ocrx_word' id='word_1_204' title='bbox 1111 1656 1212 1727; x_wconf 89' lang='grc' dir='ltr'>λέγει</span> <span class='ocrx_word' id='word_1_205' title='bbox 1193 1680 1212 1726; x_wconf 90' lang='grc' dir='ltr'>η</span> <span class='ocrx_word' id='word_1_206' title='bbox 1230 1679 1323 1728; x_wconf 87' lang='grc' dir='ltr'>μητηρ</span> <span class='ocrx_word' id='word_1_207' title='bbox 1340 1664 1406 1711; x_wconf 77' lang='lat' dir='ltr'>ven.</span> <span class='ocrx_word' id='word_1_208' title='bbox 1424 1689 1452 1700; x_wconf 92' lang='lat'><em>-</em></span> 
     </span>
     <span class='ocr_line' id='line_1_18' title="bbox 278 1725 1452 1812; baseline -0.001 -12"><span class='ocrx_word' id='word_1_209' title='bbox 278 1745 296 1800; x_wconf 86' lang='grc' dir='ltr'>Ι.</span> <span class='ocrx_word' id='word_1_210' title='bbox 311 1746 348 1798; x_wconf 82' lang='grc'>11</span> <span class='ocrx_word' id='word_1_211' title='bbox 368 1743 451 1799; x_wconf 88' lang='grc' dir='ltr'>ἐλθεῖν</span> <span class='ocrx_word' id='word_1_212' title='bbox 467 1741 543 1798; x_wconf 85' lang='grc' dir='ltr'>αύτόν</span> <span class='ocrx_word' id='word_1_213' title='bbox 560 1725 611 1799; x_wconf 80' lang='grc' dir='ltr'>άπὸ</span> <span class='ocrx_word' id='word_1_214' title='bbox 625 1745 673 1809; x_wconf 81' lang='grc' dir='ltr'>τῆς</span> <span class='ocrx_word' id='word_1_215' title='bbox 686 1742 783 1812; x_wconf 79' lang='grc' dir='ltr'>έρήμσυ</span> <span class='ocrx_word' id='word_1_216' title='bbox 801 1761 867 1798; x_wconf 90' lang='grc' dir='ltr'>κατα</span> <span class='ocrx_word' id='word_1_217' title='bbox 857 1742 929 1812; x_wconf 74' lang='grc' dir='ltr'>’την</span> <span class='ocrx_word' id='word_1_218' title='bbox 945 1739 1095 1798; x_wconf 73' lang='grc' dir='ltr'>ἀκολουθίαν</span> <span class='ocrx_word' id='word_1_219' title='bbox 1107 1745 1151 1798; x_wconf 87' lang='grc' dir='ltr'>τοῦ</span> <span class='ocrx_word' id='word_1_220' title='bbox 1166 1747 1332 1812; x_wconf 74' lang='grc' dir='ltr'>πειρασμοῦ,</span> <span class='ocrx_word' id='word_1_221' title='bbox 1351 1746 1401 1799; x_wconf 83' lang='grc' dir='ltr'>καλ</span> <span class='ocrx_word' id='word_1_222' title='bbox 1411 1763 1452 1799; x_wconf 81' lang='grc' dir='ltr'>πιτ-</span> 
     </span>
     <span class='ocr_line' id='line_1_19' title="bbox 280 1825 1452 1898; baseline 0.003 -16"><span class='ocrx_word' id='word_1_223' title='bbox 280 1830 444 1898; x_wconf 78' lang='grc' dir='ltr'>ραληφθῆναι</span> <span class='ocrx_word' id='word_1_224' title='bbox 466 1829 503 1889; x_wconf 89' lang='grc' dir='ltr'>είς</span> <span class='ocrx_word' id='word_1_225' title='bbox 525 1825 696 1895; x_wconf 77' lang='grc' dir='ltr'>Ἰερουσαλήμ</span> <span class='ocrx_word' id='word_1_226' title='bbox 721 1828 765 1882; x_wconf 81' lang='grc' dir='ltr'>καὶ</span> <span class='ocrx_word' id='word_1_227' title='bbox 789 1829 880 1896; x_wconf 80' lang='grc' dir='ltr'>στῆναι</span> <span class='ocrx_word' id='word_1_228' title='bbox 901 1828 944 1882; x_wconf 79' lang='grc' dir='ltr'>ἐπὶ</span> <span class='ocrx_word' id='word_1_229' title='bbox 958 1829 996 1898; x_wconf 78' lang='grc' dir='ltr'>τῷ</span> <span class='ocrx_word' id='word_1_230' title='bbox 1018 1829 1143 1897; x_wconf 82' lang='grc' dir='ltr'>πτερυγέιρ</span> <span class='ocrx_word' id='word_1_231' title='bbox 1160 1830 1205 1884; x_wconf 89' lang='grc' dir='ltr'>τοῦ</span> <span class='ocrx_word' id='word_1_232' title='bbox 1223 1831 1312 1896; x_wconf 74' lang='grc' dir='ltr'>ἱεροῦ,</span> <span class='ocrx_word' id='word_1_233' title='bbox 1343 1827 1452 1886; x_wconf 51' lang='lat' dir='ltr'>mliv</span> 
     </span>
     <span class='ocr_line' id='line_1_20' title="bbox 278 1908 1454 1983; baseline 0 -15"><span class='ocrx_word' id='word_1_234' title='bbox 278 1911 463 1982; x_wconf 80' lang='grc' dir='ltr'>Ἱεροσολύμων</span> <span class='ocrx_word' id='word_1_235' title='bbox 477 1909 643 1983; x_wconf 76' lang='grc' dir='ltr'>ἀνενεχθῆναι</span> <span class='ocrx_word' id='word_1_236' title='bbox 658 1908 727 1974; x_wconf 82' lang='grc' dir='ltr'>είς”</span> <span class='ocrx_word' id='word_1_237' title='bbox 711 1931 770 1979; x_wconf 88' lang='grc' dir='ltr'>ορος</span> <span class='ocrx_word' id='word_1_238' title='bbox 785 1912 885 1981; x_wconf 84' lang='grc' dir='ltr'>ύψηλόν</span> <span class='ocrx_word' id='word_1_239' title='bbox 898 1908 1009 1980; x_wconf 81' lang='grc' dir='ltr'>λίαν,”</span> <span class='ocrx_word' id='word_1_240' title='bbox 993 1931 1055 1980; x_wconf 91' lang='grc' dir='ltr'>οπερ</span> <span class='ocrx_word' id='word_1_241' title='bbox 1071 1913 1140 1981; x_wconf 81' lang='grc' dir='ltr'>παρὰ</span> <span class='ocrx_word' id='word_1_242' title='bbox 1153 1917 1254 1974; x_wconf 83' lang='grc' dir='ltr'>πολλοῖς</span> <span class='ocrx_word' id='word_1_243' title='bbox 1269 1912 1418 1983; x_wconf 78' lang='grc' dir='ltr'>λέγεται“</span> <span class='ocrx_word' id='word_1_244' title='bbox 1397 1934 1454 1969; x_wconf 75' lang='grc' dir='ltr'>τινα</span> 
     </span>
     <span class='ocr_line' id='line_1_21' title="bbox 212 1993 1453 2071; baseline 0 -17"><span class='ocrx_word' id='word_1_245' title='bbox 212 2027 215 2042; x_wconf 57' lang='lat' dir='ltr'><em>s</em></span> <span class='ocrx_word' id='word_1_246' title='bbox 277 1997 307 2056; x_wconf 84' lang='grc' dir='ltr'>τό</span> <span class='ocrx_word' id='word_1_247' title='bbox 324 1997 421 2069; x_wconf 88' lang='grc' dir='ltr'>Θαβῶρ</span> <span class='ocrx_word' id='word_1_248' title='bbox 434 1993 509 2066; x_wconf 84' lang='grc' dir='ltr'>όρσς,</span> <span class='ocrx_word' id='word_1_249' title='bbox 528 1993 542 2053; x_wconf 73' lang='grc' dir='ltr'>δ’</span> <span class='ocrx_word' id='word_1_250' title='bbox 558 1996 725 2066; x_wconf 69' lang='grc' dir='ltr'>ἑρμηνεύεται</span> <span class='ocrx_word' id='word_1_251' title='bbox 740 1994 896 2068; x_wconf 88' lang='grc' dir='ltr'>Ἰταβύριον,</span> <span class='ocrx_word' id='word_1_252' title='bbox 913 1999 988 2052; x_wconf 85' lang='grc' dir='ltr'>τοῦτο</span> <span class='ocrx_word' id='word_1_253' title='bbox 1003 1997 1034 2052; x_wconf 87' lang='grc' dir='ltr'>δέ</span> <span class='ocrx_word' id='word_1_254' title='bbox 1049 1997 1117 2052; x_wconf 92' lang='grc' dir='ltr'>ἐστιν</span> <span class='ocrx_word' id='word_1_255' title='bbox 1132 1997 1157 2053; x_wconf 87' lang='grc' dir='ltr'>ἐν</span> <span class='ocrx_word' id='word_1_256' title='bbox 1172 1999 1206 2068; x_wconf 76' lang='grc' dir='ltr'>τῇ</span> <span class='ocrx_word' id='word_1_257' title='bbox 1223 2000 1376 2071; x_wconf 76' lang='grc' dir='ltr'>Γαλιλαίᾳ·</span> <span class='ocrx_word' id='word_1_258' title='bbox 1394 1999 1453 2054; x_wconf 81' lang='grc' dir='ltr'>τού-</span> 
     </span>
     <span class='ocr_line' id='line_1_22' title="bbox 278 2077 1453 2152; baseline 0.001 -13"><span class='ocrx_word' id='word_1_259' title='bbox 278 2103 325 2151; x_wconf 81' lang='grc' dir='ltr'>την</span> <span class='ocrx_word' id='word_1_260' title='bbox 341 2081 389 2151; x_wconf 83' lang='grc' dir='ltr'>γάρ</span> <span class='ocrx_word' id='word_1_261' title='bbox 405 2081 454 2150; x_wconf 78' lang='grc' dir='ltr'>τήν</span> <span class='ocrx_word' id='word_1_262' title='bbox 470 2078 620 2139; x_wconf 86' lang='grc' dir='ltr'>α’κολουθίαν</span> <span class='ocrx_word' id='word_1_263' title='bbox 636 2079 651 2137; x_wconf 83' lang='grc' dir='ltr'>ό</span> <span class='ocrx_word' id='word_1_264' title='bbox 667 2083 801 2144; x_wconf 84' lang='grc' dir='ltr'>Ματθαῖσς</span> <span class='ocrx_word' id='word_1_265' title='bbox 819 2080 942 2144; x_wconf 85' lang='grc' dir='ltr'>ῦπέθετο,</span> <span class='ocrx_word' id='word_1_266' title='bbox 960 2077 998 2144; x_wconf 88' lang='grc' dir='ltr'>ῶς</span> <span class='ocrx_word' id='word_1_267' title='bbox 1013 2100 1107 2151; x_wconf 88' lang='grc' dir='ltr'>φησιν,</span> <span class='ocrx_word' id='word_1_268' title='bbox 1125 2078 1252 2144; x_wconf 85' lang='grc' dir='ltr'>’Δκούσας</span> <span class='ocrx_word' id='word_1_269' title='bbox 1267 2084 1299 2140; x_wconf 78' lang='grc' dir='ltr'>δὶ</span> <span class='ocrx_word' id='word_1_270' title='bbox 1315 2083 1333 2140; x_wconf 82' lang='grc' dir='ltr'>ό</span> <span class='ocrx_word' id='word_1_271' title='bbox 1352 2083 1453 2152; x_wconf 78' lang='grc' dir='ltr'>Ἰησοῦς</span> 
     </span>
     <span class='ocr_line' id='line_1_23' title="bbox 279 2158 1452 2238; baseline 0.001 -14"><span class='ocrx_word' id='word_1_272' title='bbox 279 2165 319 2224; x_wconf 86' lang='grc' dir='ltr'>ότι</span> <span class='ocrx_word' id='word_1_273' title='bbox 334 2164 457 2236; x_wconf 76' lang='grc' dir='ltr'>Ἰωάννης</span> <span class='ocrx_word' id='word_1_274' title='bbox 471 2165 620 2237; x_wconf 86' lang='grc' dir='ltr'>παρεδόθη,</span> <span class='ocrx_word' id='word_1_275' title='bbox 646 2158 725 2234; x_wconf 77' lang='grc' dir='ltr'>ιῖλθεν</span> <span class='ocrx_word' id='word_1_276' title='bbox 748 2167 786 2228; x_wconf 86' lang='grc' dir='ltr'>είς</span> <span class='ocrx_word' id='word_1_277' title='bbox 811 2166 859 2235; x_wconf 76' lang='grc' dir='ltr'>την</span> <span class='ocrx_word' id='word_1_278' title='bbox 875 2167 1029 2222; x_wconf 67' lang='grc' dir='ltr'>Γαλιλαίαν</span> <span class='ocrx_word' id='word_1_279' title='bbox 1056 2165 1119 2224; x_wconf 83' lang='grc' dir='ltr'>όδὲ</span> <span class='ocrx_word' id='word_1_280' title='bbox 1134 2169 1237 2230; x_wconf 80' lang='grc' dir='ltr'>Λουκᾶς</span> <span class='ocrx_word' id='word_1_281' title='bbox 1259 2169 1307 2223; x_wconf 79' lang='grc' dir='ltr'>καὶ</span> <span class='ocrx_word' id='word_1_282' title='bbox 1334 2171 1390 2238; x_wconf 71' lang='grc' dir='ltr'>τήν</span> <span class='ocrx_word' id='word_1_283' title='bbox 1408 2167 1452 2225; x_wconf 74' lang='grc' dir='ltr'>α’τῦ</span> 
     </span>
     <span class='ocr_line' id='line_1_24' title="bbox 278 2247 1451 2326; baseline -0.003 -15"><span class='ocrx_word' id='word_1_284' title='bbox 278 2258 323 2311; x_wconf 86' lang='grc' dir='ltr'>τοῦ</span> <span class='ocrx_word' id='word_1_285' title='bbox 342 2251 416 2323; x_wconf 87' lang='grc' dir='ltr'>όρους</span> <span class='ocrx_word' id='word_1_286' title='bbox 433 2250 516 2321; x_wconf 72' lang='grc' dir='ltr'>ὁρμήν</span> <span class='ocrx_word' id='word_1_287' title='bbox 530 2248 646 2322; x_wconf 77' lang='grc' dir='ltr'>ἀκριβῶς</span> <span class='ocrx_word' id='word_1_288' title='bbox 661 2249 783 2319; x_wconf 78' lang='grc' dir='ltr'>δηλούσας</span> <span class='ocrx_word' id='word_1_289' title='bbox 797 2253 894 2318; x_wconf 85' lang='grc' dir='ltr'>πρῶτον</span> <span class='ocrx_word' id='word_1_290' title='bbox 908 2252 953 2321; x_wconf 73' lang='grc' dir='ltr'>μὲν</span> <span class='ocrx_word' id='word_1_291' title='bbox 967 2254 1025 2320; x_wconf 82' lang='grc' dir='ltr'>περί</span> <span class='ocrx_word' id='word_1_292' title='bbox 1040 2254 1085 2306; x_wconf 89' lang='grc' dir='ltr'>τοῦ</span> <span class='ocrx_word' id='word_1_293' title='bbox 1103 2247 1178 2320; x_wconf 86' lang='grc' dir='ltr'>όρους</span> <span class='ocrx_word' id='word_1_294' title='bbox 1193 2251 1288 2320; x_wconf 81' lang='grc' dir='ltr'>εἰπῶν,</span> <span class='ocrx_word' id='word_1_295' title='bbox 1314 2255 1366 2309; x_wconf 78' lang='grc' dir='ltr'>καί</span> <span class='ocrx_word' id='word_1_296' title='bbox 1382 2260 1451 2326; x_wconf 75' lang='grc' dir='ltr'>βασι-</span> 
     </span>
     <span class='ocr_line' id='line_1_25' title="bbox 279 2331 1451 2408; baseline -0.003 -13"><span class='ocrx_word' id='word_1_297' title='bbox 279 2343 352 2397; x_wconf 89' lang='grc' dir='ltr'>λειῶν</span> <span class='ocrx_word' id='word_1_298' title='bbox 368 2331 403 2395; x_wconf 87' lang='grc' dir='ltr'>ῶν</span> <span class='ocrx_word' id='word_1_299' title='bbox 420 2337 501 2401; x_wconf 81' lang='grc' dir='ltr'>ἐδειξε</span> <span class='ocrx_word' id='word_1_300' title='bbox 516 2338 554 2407; x_wconf 79' lang='grc' dir='ltr'>τῶ</span> <span class='ocrx_word' id='word_1_301' title='bbox 572 2339 652 2408; x_wconf 81' lang='grc' dir='ltr'>κυρίῳ</span> <span class='ocrx_word' id='word_1_302' title='bbox 668 2332 683 2392; x_wconf 88' lang='grc' dir='ltr'>ό</span> <span class='ocrx_word' id='word_1_303' title='bbox 700 2335 833 2407; x_wconf 88' lang='grc' dir='ltr'>διάβολος,</span> <span class='ocrx_word' id='word_1_304' title='bbox 852 2331 956 2404; x_wconf 72' lang='grc' dir='ltr'>ὕστερον</span> <span class='ocrx_word' id='word_1_305' title='bbox 972 2338 1039 2405; x_wconf 89' lang='grc' dir='ltr'>λέγει</span> <span class='ocrx_word' id='word_1_306' title='bbox 1054 2338 1113 2404; x_wconf 81' lang='grc' dir='ltr'>περὶ</span> <span class='ocrx_word' id='word_1_307' title='bbox 1128 2341 1172 2392; x_wconf 88' lang='grc' dir='ltr'>τοῦ</span> <span class='ocrx_word' id='word_1_308' title='bbox 1187 2339 1324 2406; x_wconf 80' lang='grc' dir='ltr'>πτερυγῖσυ</span> <span class='ocrx_word' id='word_1_309' title='bbox 1345 2337 1451 2394; x_wconf 83' lang='grc' dir='ltr'>καΙἸε·</span> 
     </span>
     <span class='ocr_line' id='line_1_26' title="bbox 279 2419 1452 2494; baseline -0.003 -14"><span class='ocrx_word' id='word_1_310' title='bbox 279 2423 428 2494; x_wconf 76' lang='grc' dir='ltr'>ρουσαλήμ,</span> <span class='ocrx_word' id='word_1_311' title='bbox 454 2423 508 2478; x_wconf 78' lang='grc' dir='ltr'>Καὶ</span> <span class='ocrx_word' id='word_1_312' title='bbox 523 2420 560 2483; x_wconf 84' lang='grc' dir='ltr'>ῶς</span> <span class='ocrx_word' id='word_1_313' title='bbox 578 2419 724 2490; x_wconf 70' lang='grc' dir='ltr'>ἀνέκαμψαν</span> <span class='ocrx_word' id='word_1_314' title='bbox 743 2423 780 2482; x_wconf 85' lang='grc' dir='ltr'>εἰς</span> <span class='ocrx_word' id='word_1_315' title='bbox 798 2419 846 2489; x_wconf 73' lang='grc' dir='ltr'>τήν</span> <span class='ocrx_word' id='word_1_316' title='bbox 859 2423 998 2477; x_wconf 88' lang='grc' dir='ltr'>Γαλιλαίαν</span> <span class='ocrx_word' id='word_1_317' title='bbox 1013 2421 1058 2476; x_wconf 77' lang='grc' dir='ltr'>καὶ</span> <span class='ocrx_word' id='word_1_318' title='bbox 1072 2422 1210 2490; x_wconf 71' lang='grc' dir='ltr'>Ναζαρὲθ·</span> <span class='ocrx_word' id='word_1_319' title='bbox 1238 2423 1349 2492; x_wconf 77' lang='grc' dir='ltr'>συνῳδὰ</span> <span class='ocrx_word' id='word_1_320' title='bbox 1366 2424 1399 2480; x_wconf 70' lang='grc' dir='ltr'>δὲ</span> <span class='ocrx_word' id='word_1_321' title='bbox 1412 2425 1452 2478; x_wconf 77' lang='grc' dir='ltr'>καὶ</span> 
     </span>
     <span class='ocr_line' id='line_1_27' title="bbox 279 2497 1450 2576; baseline -0.005 -11"><span class='ocrx_word' id='word_1_322' title='bbox 279 2508 293 2565; x_wconf 83' lang='lat'>0⁸</span> <span class='ocrx_word' id='word_1_323' title='bbox 309 2511 444 2570; x_wconf 85' lang='grc' dir='ltr'>Ματθαῐος</span> <span class='ocrx_word' id='word_1_324' title='bbox 460 2508 543 2576; x_wconf 90' lang='grc' dir='ltr'>λέγει,</span> <span class='ocrx_word' id='word_1_325' title='bbox 569 2505 735 2562; x_wconf 85' lang='grc' dir='ltr'>Καταλειπῶν</span> <span class='ocrx_word' id='word_1_326' title='bbox 759 2508 818 2576; x_wconf 75' lang='grc' dir='ltr'>(εἰσ)</span> <span class='ocrx_word' id='word_1_327' title='bbox 842 2506 890 2574; x_wconf 71' lang='grc' dir='ltr'>τὴν</span> <span class='ocrx_word' id='word_1_328' title='bbox 906 2507 1029 2574; x_wconf 74' lang='grc' dir='ltr'>Ναζαρέθ</span> <span class='ocrx_word' id='word_1_329' title='bbox 1049 2497 1129 2573; x_wconf 75' lang='grc' dir='ltr'>ἦλθεν</span> <span class='ocrx_word' id='word_1_330' title='bbox 1143 2507 1182 2568; x_wconf 85' lang='grc' dir='ltr'>εἰς</span> <span class='ocrx_word' id='word_1_331' title='bbox 1196 2506 1243 2574; x_wconf 83' lang='grc' dir='ltr'>τήν</span> <span class='ocrx_word' id='word_1_332' title='bbox 1259 2509 1450 2575; x_wconf 72' lang='grc' dir='ltr'>Καφαρναούμ</span> 
     </span>
     <span class='ocr_line' id='line_1_28' title="bbox 275 2585 1452 2661; baseline -0.002 -11"><span class='ocrx_word' id='word_1_333' title='bbox 275 2585 375 2650; x_wconf 81' lang='grc' dir='ltr'>Ἦλθεν</span> <span class='ocrx_word' id='word_1_334' title='bbox 386 2591 436 2661; x_wconf 81' lang='grc' dir='ltr'>γάρ</span> <span class='ocrx_word' id='word_1_335' title='bbox 451 2592 488 2654; x_wconf 87' lang='grc' dir='ltr'>είς</span> <span class='ocrx_word' id='word_1_336' title='bbox 502 2591 632 2660; x_wconf 82' lang='grc' dir='ltr'>Ναζαρὲθ,</span> <span class='ocrx_word' id='word_1_337' title='bbox 651 2588 774 2646; x_wconf 84' lang='grc' dir='ltr'>κάκεῐθεν</span> <span class='ocrx_word' id='word_1_338' title='bbox 787 2592 825 2654; x_wconf 87' lang='grc' dir='ltr'>είς</span> <span class='ocrx_word' id='word_1_339' title='bbox 838 2590 882 2647; x_wconf 85' lang='grc' dir='ltr'>τόν</span> <span class='ocrx_word' id='word_1_340' title='bbox 896 2587 1027 2660; x_wconf 76' lang='grc' dir='ltr'>Ἰορδάνην</span> <span class='ocrx_word' id='word_1_341' title='bbox 1041 2590 1105 2660; x_wconf 86' lang='grc' dir='ltr'>πρός</span> <span class='ocrx_word' id='word_1_342' title='bbox 1118 2590 1161 2646; x_wconf 83' lang='grc' dir='ltr'>τόν</span> <span class='ocrx_word' id='word_1_343' title='bbox 1173 2587 1306 2660; x_wconf 88' lang='grc' dir='ltr'>Ἰωάννην,</span> <span class='ocrx_word' id='word_1_344' title='bbox 1325 2595 1377 2648; x_wconf 77' lang='grc' dir='ltr'>καὶ</span> <span class='ocrx_word' id='word_1_345' title='bbox 1392 2593 1452 2660; x_wconf 60' lang='lat' dir='ltr'>&#39;mi</span> 
     </span>
     <span class='ocr_line' id='line_1_29' title="bbox 278 2673 1514 2748; baseline -0.002 -14"><span class='ocrx_word' id='word_1_346' title='bbox 278 2679 308 2734; x_wconf 87' lang='grc' dir='ltr'>τό</span> <span class='ocrx_word' id='word_1_347' title='bbox 326 2681 434 2735; x_wconf 81' lang='grc' dir='ltr'>διελθεῖν</span> <span class='ocrx_word' id='word_1_348' title='bbox 450 2676 551 2734; x_wconf 82' lang='grc' dir='ltr'>διάτοῦ</span> <span class='ocrx_word' id='word_1_349' title='bbox 566 2673 693 2744; x_wconf 87' lang='grc' dir='ltr'>Ἰορδάνου</span> <span class='ocrx_word' id='word_1_350' title='bbox 708 2675 782 2731; x_wconf 86' lang='grc' dir='ltr'>πάλιν</span> <span class='ocrx_word' id='word_1_351' title='bbox 807 2673 853 2744; x_wconf 79' lang='grc' dir='ltr'>τήν</span> <span class='ocrx_word' id='word_1_352' title='bbox 872 2674 955 2746; x_wconf 77' lang='grc' dir='ltr'>όρμην</span> <span class='ocrx_word' id='word_1_353' title='bbox 970 2676 1042 2748; x_wconf 82' lang='grc' dir='ltr'>έσγεν</span> <span class='ocrx_word' id='word_1_354' title='bbox 1058 2675 1147 2732; x_wconf 83' lang='grc' dir='ltr'>ἐπλτά</span> <span class='ocrx_word' id='word_1_355' title='bbox 1163 2675 1258 2738; x_wconf 81' lang='grc' dir='ltr'>οἰκεῖα,</span> <span class='ocrx_word' id='word_1_356' title='bbox 1286 2677 1354 2732; x_wconf 85' lang='grc' dir='ltr'>ἐνθα</span> <span class='ocrx_word' id='word_1_357' title='bbox 1371 2675 1451 2732; x_wconf 78' lang='grc' dir='ltr'>άνετί-</span> <span class='ocrx_word' id='word_1_358' title='bbox 1513 2673 1514 2700; x_wconf 69' lang='lat'>⁸</span> 
     </span>
     <span class='ocr_line' id='line_1_30' title="bbox 280 2759 1451 2832; baseline -0.003 -13"><span class='ocrx_word' id='word_1_359' title='bbox 280 2767 378 2832; x_wconf 89' lang='grc' dir='ltr'>θραπτο</span> <span class='ocrx_word' id='word_1_360' title='bbox 389 2763 455 2831; x_wconf 84' lang='grc' dir='ltr'>πρός</span> <span class='ocrx_word' id='word_1_361' title='bbox 469 2760 516 2830; x_wconf 77' lang='grc' dir='ltr'>την</span> <span class='ocrx_word' id='word_1_362' title='bbox 534 2761 634 2831; x_wconf 87' lang='grc' dir='ltr'>μητέρα</span> <span class='ocrx_word' id='word_1_363' title='bbox 651 2761 676 2815; x_wconf 87' lang='grc' dir='ltr'>έν</span> <span class='ocrx_word' id='word_1_364' title='bbox 693 2761 832 2829; x_wconf 73' lang='grc' dir='ltr'>Ναζαρὲθ,</span> <span class='ocrx_word' id='word_1_365' title='bbox 850 2761 908 2816; x_wconf 85' lang='grc' dir='ltr'>ἐκεῖ</span> <span class='ocrx_word' id='word_1_366' title='bbox 921 2780 949 2817; x_wconf 89' lang='grc' dir='ltr'>τε</span> <span class='ocrx_word' id='word_1_367' title='bbox 965 2762 1121 2829; x_wconf 82' lang='grc' dir='ltr'>παραμείνας</span> <span class='ocrx_word' id='word_1_368' title='bbox 1138 2759 1185 2818; x_wconf 88' lang='grc' dir='ltr'>δύο</span> <span class='ocrx_word' id='word_1_369' title='bbox 1199 2759 1316 2829; x_wconf 67' lang='grc' dir='ltr'>ἡμέρας.</span> <span class='ocrx_word' id='word_1_370' title='bbox 1346 2759 1395 2819; x_wconf 73' lang='grc' dir='ltr'>ὅτε</span> <span class='ocrx_word' id='word_1_371' title='bbox 1411 2765 1451 2816; x_wconf 77' lang='grc' dir='ltr'>νεά.</span> 
     </span>
     <span class='ocr_line' id='line_1_31' title="bbox 281 2842 1451 2917; baseline -0.002 -12"><span class='ocrx_word' id='word_1_372' title='bbox 281 2851 304 2906; x_wconf 76' lang='lat' dir='ltr'>ol</span> <span class='ocrx_word' id='word_1_373' title='bbox 319 2849 377 2917; x_wconf 78' lang='grc' dir='ltr'>περὶ</span> <span class='ocrx_word' id='word_1_374' title='bbox 389 2845 510 2916; x_wconf 80' lang='grc' dir='ltr'>Ἀνδρέαν</span> <span class='ocrx_word' id='word_1_375' title='bbox 526 2843 584 2913; x_wconf 89' lang='grc' dir='ltr'>παρ’</span> <span class='ocrx_word' id='word_1_376' title='bbox 598 2842 669 2916; x_wconf 82' lang='grc' dir='ltr'>αύτῷ</span> <span class='ocrx_word' id='word_1_377' title='bbox 687 2845 802 2914; x_wconf 87' lang='grc' dir='ltr'>ἐμειναν,</span> <span class='ocrx_word' id='word_1_378' title='bbox 827 2847 910 2902; x_wconf 86' lang='grc' dir='ltr'>λοιπόν</span> <span class='ocrx_word' id='word_1_379' title='bbox 926 2842 1050 2916; x_wconf 89' lang='grc' dir='ltr'>η’πείγετο</span> <span class='ocrx_word' id='word_1_380' title='bbox 1064 2848 1113 2914; x_wconf 80' lang='grc' dir='ltr'>τῆς</span> <span class='ocrx_word' id='word_1_381' title='bbox 1129 2848 1257 2914; x_wconf 82' lang='grc' dir='ltr'>σωτηρίας</span> <span class='ocrx_word' id='word_1_382' title='bbox 1278 2850 1332 2902; x_wconf 84' lang='grc' dir='ltr'>τῶν</span> <span class='ocrx_word' id='word_1_383' title='bbox 1350 2845 1451 2916; x_wconf 62' lang='grc' dir='ltr'>άνθρῶ</span> 
     </span>
     <span class='ocr_line' id='line_1_32' title="bbox 278 2926 1450 3000; baseline -0.003 -11"><span class='ocrx_word' id='word_1_384' title='bbox 278 2952 332 2989; x_wconf 90' lang='grc' dir='ltr'>πων</span> <span class='ocrx_word' id='word_1_385' title='bbox 353 2933 436 2989; x_wconf 71' lang='grc' dir='ltr'>ἕνεκεν</span> <span class='ocrx_word' id='word_1_386' title='bbox 450 2935 495 2987; x_wconf 86' lang='grc' dir='ltr'>τοῦ</span> <span class='ocrx_word' id='word_1_387' title='bbox 513 2928 677 3000; x_wconf 83' lang='grc' dir='ltr'>κηρύγματος</span> <span class='ocrx_word' id='word_1_388' title='bbox 696 2926 838 2997; x_wconf 84' lang='grc' dir='ltr'>ἄρξασθαι,</span> <span class='ocrx_word' id='word_1_389' title='bbox 865 2931 911 2986; x_wconf 87' lang='grc' dir='ltr'>καλ</span> <span class='ocrx_word' id='word_1_390' title='bbox 931 2931 1014 3000; x_wconf 81' lang='grc' dir='ltr'>ἐμεινε</span> <span class='ocrx_word' id='word_1_391' title='bbox 1038 2930 1082 3000; x_wconf 76' lang='grc' dir='ltr'>μὲν</span> <span class='ocrx_word' id='word_1_392' title='bbox 1105 2930 1152 2987; x_wconf 88' lang='grc' dir='ltr'>δύο</span> <span class='ocrx_word' id='word_1_393' title='bbox 1175 2929 1277 3000; x_wconf 68' lang='grc' dir='ltr'>η’μέρας</span> <span class='ocrx_word' id='word_1_394' title='bbox 1297 2931 1345 2988; x_wconf 78' lang='grc' dir='ltr'>διά</span> <span class='ocrx_word' id='word_1_395' title='bbox 1363 2933 1395 2990; x_wconf 75' lang='grc' dir='ltr'>τά</span> <span class='ocrx_word' id='word_1_396' title='bbox 1412 2932 1450 2990; x_wconf 79' lang='grc' dir='ltr'>διό</span> 
     </span>
     <span class='ocr_line' id='line_1_33' title="bbox 278 3010 1452 3088; baseline -0.001 -15"><span class='ocrx_word' id='word_1_397' title='bbox 278 3015 369 3088; x_wconf 78' lang='grc' dir='ltr'>χρόνου</span> <span class='ocrx_word' id='word_1_398' title='bbox 386 3013 463 3072; x_wconf 85' lang='grc' dir='ltr'>αύτόν</span> <span class='ocrx_word' id='word_1_399' title='bbox 482 3017 580 3084; x_wconf 83' lang='grc' dir='ltr'>ἐλθεῖν,</span> <span class='ocrx_word' id='word_1_400' title='bbox 599 3016 687 3086; x_wconf 79' lang='grc' dir='ltr'>ἐγσντα</span> <span class='ocrx_word' id='word_1_401' title='bbox 703 3011 761 3083; x_wconf 85' lang='grc' dir='ltr'>μεθ’</span> <span class='ocrx_word' id='word_1_402' title='bbox 778 3015 869 3070; x_wconf 70' lang='grc' dir='ltr'>ἑαυτοῦ</span> <span class='ocrx_word' id='word_1_403' title='bbox 887 3010 931 3078; x_wconf 78' lang='grc' dir='ltr'>οῦς</span> <span class='ocrx_word' id='word_1_404' title='bbox 944 3017 1087 3085; x_wconf 88' lang='grc' dir='ltr'>παρείληφε</span> <span class='ocrx_word' id='word_1_405' title='bbox 1103 3015 1240 3084; x_wconf 84' lang='grc' dir='ltr'>μαθητάς,</span> <span class='ocrx_word' id='word_1_406' title='bbox 1258 3018 1305 3071; x_wconf 81' lang='grc' dir='ltr'>καί</span> <span class='ocrx_word' id='word_1_407' title='bbox 1320 3015 1452 3078; x_wconf 81' lang='grc' dir='ltr'>α’νοολύσσς</span> 
     </span>
     <span class='ocr_line' id='line_1_34' title="bbox 280 3095 1450 3176; baseline -0.002 -19"><span class='ocrx_word' id='word_1_408' title='bbox 280 3101 339 3164; x_wconf 86' lang='grc' dir='ltr'>τούς</span> <span class='ocrx_word' id='word_1_409' title='bbox 363 3098 592 3176; x_wconf 64' lang='grc' dir='ltr'>ἀκολουθήσαντας1</span> <span class='ocrx_word' id='word_1_410' title='bbox 612 3096 684 3172; x_wconf 79' lang='grc' dir='ltr'>αύτῷ</span> <span class='ocrx_word' id='word_1_411' title='bbox 710 3095 789 3162; x_wconf 84' lang='grc' dir='ltr'>εύθύς</span> <span class='ocrx_word' id='word_1_412' title='bbox 812 3100 920 3168; x_wconf 81' lang='grc' dir='ltr'>ἐξῆλθεν</span> <span class='ocrx_word' id='word_1_413' title='bbox 938 3101 980 3156; x_wconf 86' lang='grc' dir='ltr'>ἐπλ</span> <span class='ocrx_word' id='word_1_414' title='bbox 995 3100 1044 3168; x_wconf 72' lang='grc' dir='ltr'>τόν</span> <span class='ocrx_word' id='word_1_415' title='bbox 1059 3102 1197 3156; x_wconf 89' lang='grc' dir='ltr'>Γαλιλαίαν</span> <span class='ocrx_word' id='word_1_416' title='bbox 1213 3099 1257 3156; x_wconf 87' lang='grc' dir='ltr'>διιὶ</span> <span class='ocrx_word' id='word_1_417' title='bbox 1279 3101 1310 3156; x_wconf 84' lang='grc' dir='ltr'>τό</span> <span class='ocrx_word' id='word_1_418' title='bbox 1329 3101 1450 3172; x_wconf 71' lang='grc' dir='ltr'>κηρυγμα</span> 
     </span>
    </p>

    <p class='ocr_par' dir='ltr' id='par_1_4' title="bbox 189 3183 1448 4624">
     <span class='ocr_line' id='line_1_35' title="bbox 280 3183 1448 3254; baseline -0.001 -11"><span class='ocrx_word' id='word_1_419' title='bbox 280 3187 325 3243; x_wconf 78' lang='grc' dir='ltr'>καί</span> <span class='ocrx_word' id='word_1_420' title='bbox 340 3185 384 3243; x_wconf 83' lang='grc' dir='ltr'>διά</span> <span class='ocrx_word' id='word_1_421' title='bbox 400 3185 428 3241; x_wconf 80' lang='grc' dir='ltr'>τό</span> <span class='ocrx_word' id='word_1_422' title='bbox 448 3186 581 3254; x_wconf 80' lang='grc' dir='ltr'>ἔργοντοῦ</span> <span class='ocrx_word' id='word_1_423' title='bbox 598 3186 751 3254; x_wconf 86' lang='grc' dir='ltr'>θεοσημείου</span> <span class='ocrx_word' id='word_1_424' title='bbox 768 3189 833 3237; x_wconf 79' lang='lat' dir='ltr'>Ven.</span> <span class='ocrx_word' id='word_1_425' title='bbox 852 3216 885 3228; x_wconf 90' lang='grc'>-</span> <span class='ocrx_word' id='word_1_426' title='bbox 919 3186 988 3239; x_wconf 79' lang='lat'>1.19.</span> <span class='ocrx_word' id='word_1_427' title='bbox 1007 3183 1044 3248; x_wconf 86' lang='grc' dir='ltr'>ῶς</span> <span class='ocrx_word' id='word_1_428' title='bbox 1059 3185 1074 3242; x_wconf 86' lang='grc' dir='ltr'>ό</span> <span class='ocrx_word' id='word_1_429' title='bbox 1091 3183 1215 3254; x_wconf 83' lang='grc' dir='ltr'>Ἰωάννης</span> <span class='ocrx_word' id='word_1_430' title='bbox 1230 3189 1296 3238; x_wconf 78' lang='grc' dir='ltr'>λὀο.</span> <span class='ocrx_word' id='word_1_431' title='bbox 1315 3217 1350 3228; x_wconf 92' lang='lat'><em>-</em></span> <span class='ocrx_word' id='word_1_432' title='bbox 1387 3191 1448 3242; x_wconf 64' lang='grc' dir='ltr'>ΙῊΙ</span> 
     </span>
     <span class='ocr_line' id='line_1_36' title="bbox 189 3255 1448 3342; baseline -0.001 -16"><span class='ocrx_word' id='word_1_433' title='bbox 189 3255 195 3268; x_wconf 56' lang='lat'>⁸</span> <span class='ocrx_word' id='word_1_434' title='bbox 279 3267 334 3340; x_wconf 71' lang='grc' dir='ltr'>ἤδη</span> <span class='ocrx_word' id='word_1_435' title='bbox 352 3273 397 3326; x_wconf 87' lang='grc' dir='ltr'>τοῦ</span> <span class='ocrx_word' id='word_1_436' title='bbox 412 3270 494 3339; x_wconf 87' lang='grc' dir='ltr'>έργου,</span> <span class='ocrx_word' id='word_1_437' title='bbox 512 3265 553 3326; x_wconf 81' lang='grc' dir='ltr'>ότι</span> <span class='ocrx_word' id='word_1_438' title='bbox 568 3273 629 3322; x_wconf 72' lang='lat' dir='ltr'>ven.</span> <span class='ocrx_word' id='word_1_439' title='bbox 646 3271 732 3322; x_wconf 78' lang='lat' dir='ltr'>Recte.</span> <span class='ocrx_word' id='word_1_440' title='bbox 748 3301 779 3310; x_wconf 97' lang='lat'>-</span> <span class='ocrx_word' id='word_1_441' title='bbox 814 3272 881 3323; x_wconf 70' lang='grc' dir='ltr'>ΙΙΙ.</span> <span class='ocrx_word' id='word_1_442' title='bbox 901 3271 965 3323; x_wconf 77' lang='lat' dir='ltr'>Dele</span> <span class='ocrx_word' id='word_1_443' title='bbox 982 3289 1078 3324; x_wconf 84' lang='grc' dir='ltr'>σοοιιοιι</span> <span class='ocrx_word' id='word_1_444' title='bbox 1094 3283 1152 3342; x_wconf 68' lang='lat' dir='ltr'>post</span> <span class='ocrx_word' id='word_1_445' title='bbox 1166 3272 1305 3342; x_wconf 77' lang='grc' dir='ltr'>βαπτίζειν.</span> <span class='ocrx_word' id='word_1_446' title='bbox 1323 3301 1361 3312; x_wconf 91' lang='grc'>-</span> <span class='ocrx_word' id='word_1_447' title='bbox 1385 3275 1448 3326; x_wconf 66' lang='grc' dir='ltr'>λ’Ζι</span> 
     </span>
     <span class='ocr_line' id='line_1_37' title="bbox 278 3350 1448 3425; baseline -0.002 -13"><span class='ocrx_word' id='word_1_448' title='bbox 278 3358 379 3424; x_wconf 88' lang='grc' dir='ltr'>πνεῦμα</span> <span class='ocrx_word' id='word_1_449' title='bbox 400 3350 550 3425; x_wconf 75' lang='grc' dir='ltr'>καταβαῖνον</span> <span class='ocrx_word' id='word_1_450' title='bbox 575 3355 600 3410; x_wconf 84' lang='grc' dir='ltr'>ἐν</span> <span class='ocrx_word' id='word_1_451' title='bbox 622 3357 686 3411; x_wconf 85' lang='grc' dir='ltr'>εῖδει</span> <span class='ocrx_word' id='word_1_452' title='bbox 710 3358 772 3408; x_wconf 78' lang='lat' dir='ltr'>ven.</span> <span class='ocrx_word' id='word_1_453' title='bbox 793 3388 826 3400; x_wconf 91' lang='lat'><em>-</em></span> <span class='ocrx_word' id='word_1_454' title='bbox 862 3355 931 3410; x_wconf 76' lang='lat'>1.24.</span> <span class='ocrx_word' id='word_1_455' title='bbox 956 3357 998 3411; x_wconf 79' lang='grc' dir='ltr'>ἵνα</span> <span class='ocrx_word' id='word_1_456' title='bbox 1019 3351 1079 3410; x_wconf 83' lang='grc' dir='ltr'>όταν</span> <span class='ocrx_word' id='word_1_457' title='bbox 1100 3358 1161 3408; x_wconf 76' lang='lat' dir='ltr'><strong>ven.</strong></span> <span class='ocrx_word' id='word_1_458' title='bbox 1198 3355 1266 3408; x_wconf 80' lang='grc' dir='ltr'>λόεον</span> <span class='ocrx_word' id='word_1_459' title='bbox 1284 3357 1385 3410; x_wconf 77' lang='lat' dir='ltr'><strong>ibid·-</strong></span> <span class='ocrx_word' id='word_1_460' title='bbox 1403 3377 1448 3410; x_wconf 88' lang='grc' dir='ltr'>ιιο</span> 
     </span>
     <span class='ocr_line' id='line_1_38' title="bbox 278 3435 1448 3509; baseline 0.003 -15"><span class='ocrx_word' id='word_1_461' title='bbox 278 3443 355 3494; x_wconf 76' lang='lat' dir='ltr'>habet</span> <span class='ocrx_word' id='word_1_462' title='bbox 371 3439 396 3496; x_wconf 90' lang='grc' dir='ltr'>ἐν</span> <span class='ocrx_word' id='word_1_463' title='bbox 411 3453 469 3509; x_wconf 81' lang='grc' dir='ltr'>μοστ</span> <span class='ocrx_word' id='word_1_464' title='bbox 483 3435 588 3496; x_wconf 85' lang='grc' dir='ltr'>άνωθεν.</span> <span class='ocrx_word' id='word_1_465' title='bbox 611 3469 641 3480; x_wconf 88' lang='lat'>-</span> <span class='ocrx_word' id='word_1_466' title='bbox 676 3441 746 3494; x_wconf 66' lang='lat' dir='ltr'>me.</span> <span class='ocrx_word' id='word_1_467' title='bbox 771 3443 794 3496; x_wconf 86' lang='grc' dir='ltr'>οἱ</span> <span class='ocrx_word' id='word_1_468' title='bbox 811 3442 918 3498; x_wconf 88' lang='grc' dir='ltr'>τοιοῦτοι</span> <span class='ocrx_word' id='word_1_469' title='bbox 934 3442 1082 3509; x_wconf 86' lang='grc' dir='ltr'>αἱρεσιιῦται</span> <span class='ocrx_word' id='word_1_470' title='bbox 1098 3436 1151 3496; x_wconf 83' lang='grc' dir='ltr'>άπό</span> <span class='ocrx_word' id='word_1_471' title='bbox 1166 3443 1229 3492; x_wconf 81' lang='lat' dir='ltr'>Ven.</span> <span class='ocrx_word' id='word_1_472' title='bbox 1248 3470 1283 3482; x_wconf 92' lang='lat'>-</span> <span class='ocrx_word' id='word_1_473' title='bbox 1319 3443 1396 3497; x_wconf 68' lang='grc' dir='ltr'>λθὲ.</span> <span class='ocrx_word' id='word_1_474' title='bbox 1412 3440 1448 3496; x_wconf 72' lang='grc' dir='ltr'>Ου’</span> 
     </span>
     <span class='ocr_line' id='line_1_39' title="bbox 278 3522 1447 3596; baseline 0 -16"><span class='ocrx_word' id='word_1_475' title='bbox 278 3525 327 3596; x_wconf 83' lang='grc' dir='ltr'>γάρ</span> <span class='ocrx_word' id='word_1_476' title='bbox 340 3527 436 3581; x_wconf 80' lang='grc' dir='ltr'>πιστῶν</span> <span class='ocrx_word' id='word_1_477' title='bbox 454 3525 493 3588; x_wconf 81' lang='grc' dir='ltr'>τίς</span> <span class='ocrx_word' id='word_1_478' title='bbox 507 3524 663 3595; x_wconf 77' lang='grc' dir='ltr'>φρονούντων</span> <span class='ocrx_word' id='word_1_479' title='bbox 679 3522 845 3596; x_wconf 86' lang='grc' dir='ltr'>όπσβάλλοιτο</span> <span class='ocrx_word' id='word_1_480' title='bbox 859 3524 891 3582; x_wconf 87' lang='grc' dir='ltr'>τά</span> <span class='ocrx_word' id='word_1_481' title='bbox 908 3527 946 3596; x_wconf 76' lang='grc' dir='ltr'>τῷ</span> <span class='ocrx_word' id='word_1_482' title='bbox 963 3524 1028 3596; x_wconf 80' lang='grc' dir='ltr'>οἶγίῳ</span> <span class='ocrx_word' id='word_1_483' title='bbox 1047 3524 1171 3594; x_wconf 85' lang='grc' dir='ltr'>πνεύματι</span> <span class='ocrx_word' id='word_1_484' title='bbox 1186 3524 1230 3581; x_wconf 87' lang='grc' dir='ltr'>διά</span> <span class='ocrx_word' id='word_1_485' title='bbox 1245 3528 1299 3581; x_wconf 87' lang='grc' dir='ltr'>τῶν</span> <span class='ocrx_word' id='word_1_486' title='bbox 1317 3529 1398 3582; x_wconf 74' lang='grc' dir='ltr'>θείων</span> <span class='ocrx_word' id='word_1_487' title='bbox 1411 3524 1447 3582; x_wconf 72' lang='grc' dir='ltr'>εύ-</span> 
     </span>
     <span class='ocr_line' id='line_1_40' title="bbox 279 3606 1446 3682; baseline -0.001 -15"><span class='ocrx_word' id='word_1_488' title='bbox 279 3612 403 3682; x_wconf 87' lang='grc' dir='ltr'>αγγελίων</span> <span class='ocrx_word' id='word_1_489' title='bbox 420 3606 537 3680; x_wconf 85' lang='grc' dir='ltr'>άκριβῶς</span> <span class='ocrx_word' id='word_1_490' title='bbox 554 3611 683 3679; x_wconf 79' lang='grc' dir='ltr'>εἰρημένα</span> <span class='ocrx_word' id='word_1_491' title='bbox 718 3608 804 3666; x_wconf 79' lang='grc' dir='ltr'>Κύντε</span> <span class='ocrx_word' id='word_1_492' title='bbox 820 3611 869 3680; x_wconf 78' lang='grc' dir='ltr'>γάρ</span> <span class='ocrx_word' id='word_1_493' title='bbox 887 3612 994 3680; x_wconf 88' lang='grc' dir='ltr'>λέγωσιν</span> <span class='ocrx_word' id='word_1_494' title='bbox 1010 3608 1079 3667; x_wconf 83' lang='grc' dir='ltr'>ότιό</span> <span class='ocrx_word' id='word_1_495' title='bbox 1099 3610 1143 3680; x_wconf 76' lang='grc' dir='ltr'>μὲν</span> <span class='ocrx_word' id='word_1_496' title='bbox 1159 3613 1296 3674; x_wconf 86' lang='grc' dir='ltr'>Ματθαῖος</span> <span class='ocrx_word' id='word_1_497' title='bbox 1312 3615 1360 3668; x_wconf 85' lang='grc' dir='ltr'>κοΙ</span> <span class='ocrx_word' id='word_1_498' title='bbox 1375 3612 1446 3676; x_wconf 72' lang='grc' dir='ltr'>Πόρ-</span> 
     </span>
     <span class='ocr_line' id='line_1_41' title="bbox 279 3691 1446 3766; baseline -0.003 -12"><span class='ocrx_word' id='word_1_499' title='bbox 279 3716 324 3759; x_wconf 84' lang='grc' dir='ltr'>κος</span> <span class='ocrx_word' id='word_1_500' title='bbox 341 3698 386 3752; x_wconf 85' lang='grc' dir='ltr'>καλ</span> <span class='ocrx_word' id='word_1_501' title='bbox 403 3697 506 3754; x_wconf 85' lang='grc' dir='ltr'>Λουκᾶς</span> <span class='ocrx_word' id='word_1_502' title='bbox 530 3697 554 3750; x_wconf 81' lang='grc' dir='ltr'>οἱ</span> <span class='ocrx_word' id='word_1_503' title='bbox 578 3691 757 3764; x_wconf 85' lang='grc' dir='ltr'>εύοιγγελισταλ</span> <span class='ocrx_word' id='word_1_504' title='bbox 780 3696 937 3766; x_wconf 74' lang='grc' dir='ltr'>διηγήσαντο</span> <span class='ocrx_word' id='word_1_505' title='bbox 960 3696 1019 3764; x_wconf 77' lang='grc' dir='ltr'>περὶ</span> <span class='ocrx_word' id='word_1_506' title='bbox 1042 3697 1087 3750; x_wconf 86' lang='grc' dir='ltr'>τοῦ</span> <span class='ocrx_word' id='word_1_507' title='bbox 1114 3698 1230 3766; x_wconf 83' lang='grc' dir='ltr'>σωτῆρος</span> <span class='ocrx_word' id='word_1_508' title='bbox 1259 3693 1302 3752; x_wconf 84' lang='grc' dir='ltr'>ότι</span> <span class='ocrx_word' id='word_1_509' title='bbox 1328 3697 1396 3766; x_wconf 69' lang='grc' dir='ltr'>μετα·</span> <span class='ocrx_word' id='word_1_510' title='bbox 1421 3695 1446 3750; x_wconf 81' lang='grc' dir='ltr'>τό</span> 
     </span>
     <span class='ocr_line' id='line_1_42' title="bbox 280 3777 1444 3852; baseline -0.002 -14"><span class='ocrx_word' id='word_1_511' title='bbox 280 3779 412 3852; x_wconf 83' lang='grc' dir='ltr'>βάπτισμα</span> <span class='ocrx_word' id='word_1_512' title='bbox 433 3777 536 3851; x_wconf 74' lang='grc' dir='ltr'>άνηγθη</span> <span class='ocrx_word' id='word_1_513' title='bbox 561 3781 599 3842; x_wconf 77' lang='grc' dir='ltr'>εἰς</span> <span class='ocrx_word' id='word_1_514' title='bbox 620 3779 667 3848; x_wconf 71' lang='grc' dir='ltr'>τόν</span> <span class='ocrx_word' id='word_1_515' title='bbox 692 3780 785 3849; x_wconf 86' lang='grc' dir='ltr'>ἐρημον</span> <span class='ocrx_word' id='word_1_516' title='bbox 811 3782 856 3837; x_wconf 79' lang='grc' dir='ltr'>καὶ</span> <span class='ocrx_word' id='word_1_517' title='bbox 880 3781 997 3850; x_wconf 87' lang='grc' dir='ltr'>ἐποίησεν</span> <span class='ocrx_word' id='word_1_518' title='bbox 1021 3779 1123 3850; x_wconf 72' lang='grc' dir='ltr'>η’μέρας</span> <span class='ocrx_word' id='word_1_519' title='bbox 1146 3781 1341 3849; x_wconf 83' lang='grc' dir='ltr'>τεσσαράκοντα</span> <span class='ocrx_word' id='word_1_520' title='bbox 1360 3801 1444 3850; x_wconf 80' lang='grc' dir='ltr'>πειρο-</span> 
     </span>
     <span class='ocr_line' id='line_1_43' title="bbox 281 3861 1444 3936; baseline 0 -14"><span class='ocrx_word' id='word_1_521' title='bbox 281 3865 399 3935; x_wconf 79' lang='grc' dir='ltr'>ίόμενσς,</span> <span class='ocrx_word' id='word_1_522' title='bbox 426 3866 471 3921; x_wconf 87' lang='grc' dir='ltr'>καλ</span> <span class='ocrx_word' id='word_1_523' title='bbox 484 3865 551 3935; x_wconf 83' lang='grc' dir='ltr'>μετά</span> <span class='ocrx_word' id='word_1_524' title='bbox 566 3865 609 3921; x_wconf 88' lang='grc' dir='ltr'>τόν</span> <span class='ocrx_word' id='word_1_525' title='bbox 624 3865 764 3934; x_wconf 86' lang='grc' dir='ltr'>πειρασμόν</span> <span class='ocrx_word' id='word_1_526' title='bbox 789 3864 903 3929; x_wconf 82' lang='grc' dir='ltr'>οἰκούσας</span> <span class='ocrx_word' id='word_1_527' title='bbox 917 3862 957 3921; x_wconf 84' lang='grc' dir='ltr'>ότι</span> <span class='ocrx_word' id='word_1_528' title='bbox 971 3861 1094 3934; x_wconf 85' lang='grc' dir='ltr'>Ἰωάννης</span> <span class='ocrx_word' id='word_1_529' title='bbox 1108 3861 1243 3934; x_wconf 87' lang='grc' dir='ltr'>παρεδόθη</span> <span class='ocrx_word' id='word_1_530' title='bbox 1260 3867 1346 3923; x_wconf 85' lang='grc' dir='ltr'>ἐλθῶν</span> <span class='ocrx_word' id='word_1_531' title='bbox 1360 3867 1444 3936; x_wconf 69' lang='grc' dir='ltr'>κατᾴ-</span> 
     </span>
     <span class='ocr_line' id='line_1_44' title="bbox 278 3946 1445 4022; baseline 0 -16"><span class='ocrx_word' id='word_1_532' title='bbox 278 3969 358 4019; x_wconf 89' lang='grc' dir='ltr'>κησεν</span> <span class='ocrx_word' id='word_1_533' title='bbox 375 3951 412 4013; x_wconf 83' lang='grc' dir='ltr'>είς</span> <span class='ocrx_word' id='word_1_534' title='bbox 427 3949 605 4022; x_wconf 83' lang='grc' dir='ltr'>Καφαρναούμ</span> <span class='ocrx_word' id='word_1_535' title='bbox 621 3950 669 4019; x_wconf 77' lang='grc' dir='ltr'>την</span> <span class='ocrx_word' id='word_1_536' title='bbox 691 3950 760 4020; x_wconf 83' lang='grc' dir='ltr'>παρά</span> <span class='ocrx_word' id='word_1_537' title='bbox 778 3951 927 4019; x_wconf 86' lang='grc' dir='ltr'>θάλασσαν,</span> <span class='ocrx_word' id='word_1_538' title='bbox 953 3949 967 4007; x_wconf 85' lang='grc' dir='ltr'>ό</span> <span class='ocrx_word' id='word_1_539' title='bbox 985 3949 1015 4008; x_wconf 72' lang='grc' dir='ltr'>δέ</span> <span class='ocrx_word' id='word_1_540' title='bbox 1031 3946 1153 4019; x_wconf 88' lang='grc' dir='ltr'>Ἰωάννης</span> <span class='ocrx_word' id='word_1_541' title='bbox 1169 3949 1297 4018; x_wconf 75' lang='grc' dir='ltr'>ψεύδεται</span> <span class='ocrx_word' id='word_1_542' title='bbox 1313 3951 1352 4020; x_wconf 74' lang='grc' dir='ltr'>μη</span> <span class='ocrx_word' id='word_1_543' title='bbox 1373 3953 1445 4006; x_wconf 57' lang='lat' dir='ltr'>ck&amp;</span> 
     </span>
     <span class='ocr_line' id='line_1_45' title="bbox 278 4027 1444 4106; baseline 0.003 -16"><span class='ocrx_word' id='word_1_544' title='bbox 278 4036 336 4104; x_wconf 80' lang='grc' dir='ltr'>περὶ</span> <span class='ocrx_word' id='word_1_545' title='bbox 358 4034 470 4104; x_wconf 88' lang='grc' dir='ltr'>τούτων,</span> <span class='ocrx_word' id='word_1_546' title='bbox 497 4033 551 4091; x_wconf 78' lang='grc' dir='ltr'>ἀλλ’</span> <span class='ocrx_word' id='word_1_547' title='bbox 567 4031 647 4099; x_wconf 83' lang='grc' dir='ltr'>εύθῦς</span> <span class='ocrx_word' id='word_1_548' title='bbox 670 4032 719 4092; x_wconf 86' lang='grc' dir='ltr'>άπό</span> <span class='ocrx_word' id='word_1_549' title='bbox 738 4037 858 4105; x_wconf 87' lang='grc' dir='ltr'>πρῶτης,</span> <span class='ocrx_word' id='word_1_550' title='bbox 886 4033 930 4092; x_wconf 79' lang='grc' dir='ltr'>ότι</span> <span class='ocrx_word' id='word_1_551' title='bbox 945 4027 1054 4104; x_wconf 74' lang='grc' dir='ltr'>ἦλθενό</span> <span class='ocrx_word' id='word_1_552' title='bbox 1073 4035 1161 4104; x_wconf 71' lang='grc' dir='ltr'>σωτήρ</span> <span class='ocrx_word' id='word_1_553' title='bbox 1177 4037 1242 4106; x_wconf 80' lang='grc' dir='ltr'>πρός</span> <span class='ocrx_word' id='word_1_554' title='bbox 1258 4037 1303 4094; x_wconf 86' lang='grc' dir='ltr'>τόν</span> <span class='ocrx_word' id='word_1_555' title='bbox 1319 4036 1444 4106; x_wconf 77' lang='grc' dir='ltr'>Ἰωάννην,</span> 
     </span>
     <span class='ocr_line' id='line_1_46' title="bbox 278 4115 1444 4191; baseline 0.007 -18"><span class='ocrx_word' id='word_1_556' title='bbox 278 4119 368 4175; x_wconf 74' lang='grc' dir='ltr'>καὶτὰ</span> <span class='ocrx_word' id='word_1_557' title='bbox 384 4115 450 4176; x_wconf 77' lang='grc' dir='ltr'>ἄλλα</span> <span class='ocrx_word' id='word_1_558' title='bbox 472 4115 522 4176; x_wconf 80' lang='grc' dir='ltr'>όσοι</span> <span class='ocrx_word' id='word_1_559' title='bbox 544 4123 612 4191; x_wconf 85' lang='grc' dir='ltr'>λέγει</span> <span class='ocrx_word' id='word_1_560' title='bbox 634 4123 692 4190; x_wconf 75' lang='grc' dir='ltr'>περὶ</span> <span class='ocrx_word' id='word_1_561' title='bbox 714 4118 793 4178; x_wconf 84' lang='grc' dir='ltr'>αύτοῦ</span> <span class='ocrx_word' id='word_1_562' title='bbox 809 4122 988 4190; x_wconf 87' lang='grc' dir='ltr'>πεποιηκέναι,</span> <span class='ocrx_word' id='word_1_563' title='bbox 1012 4121 1169 4190; x_wconf 74' lang='grc' dir='ltr'>φανήσονται</span> <span class='ocrx_word' id='word_1_564' title='bbox 1191 4122 1260 4178; x_wconf 81' lang='grc' dir='ltr'>κατά</span> <span class='ocrx_word' id='word_1_565' title='bbox 1275 4123 1359 4180; x_wconf 83' lang='grc' dir='ltr'>πάντα</span> <span class='ocrx_word' id='word_1_566' title='bbox 1382 4125 1444 4180; x_wconf 68' lang='grc' dir='ltr'>κατά</span> 
     </span>
     <span class='ocr_line' id='line_1_47' title="bbox 277 4200 1442 4278; baseline 0.003 -19"><span class='ocrx_word' id='word_1_567' title='bbox 277 4203 325 4273; x_wconf 74' lang='grc' dir='ltr'>την</span> <span class='ocrx_word' id='word_1_568' title='bbox 347 4200 477 4276; x_wconf 73' lang='grc' dir='ltr'>ἀκρίβειαν</span> <span class='ocrx_word' id='word_1_569' title='bbox 499 4210 549 4262; x_wconf 90' lang='grc' dir='ltr'>τῶν</span> <span class='ocrx_word' id='word_1_570' title='bbox 566 4204 720 4276; x_wconf 76' lang='grc' dir='ltr'>εὐαγγελίων</span> <span class='ocrx_word' id='word_1_571' title='bbox 743 4203 908 4276; x_wconf 67' lang='grc' dir='ltr'>ἠγνοηκότες.</span> <span class='ocrx_word' id='word_1_572' title='bbox 944 4203 1067 4274; x_wconf 85' lang='grc' dir='ltr'>Ἰωάννης</span> <span class='ocrx_word' id='word_1_573' title='bbox 1092 4206 1140 4276; x_wconf 81' lang='grc' dir='ltr'>γὰρ</span> <span class='ocrx_word' id='word_1_574' title='bbox 1161 4205 1174 4263; x_wconf 86' lang='grc' dir='ltr'>ό</span> <span class='ocrx_word' id='word_1_575' title='bbox 1193 4203 1383 4278; x_wconf 73' lang='grc' dir='ltr'>εύαγγελιστιὶς</span> <span class='ocrx_word' id='word_1_576' title='bbox 1400 4208 1442 4276; x_wconf 80' lang='grc' dir='ltr'>πρό</span> 
     </span>
     <span class='ocr_line' id='line_1_48' title="bbox 277 4289 1444 4363; baseline 0.006 -20"><span class='ocrx_word' id='word_1_577' title='bbox 277 4292 321 4344; x_wconf 89' lang='grc' dir='ltr'>τοῦ</span> <span class='ocrx_word' id='word_1_578' title='bbox 344 4293 521 4359; x_wconf 81' lang='grc' dir='ltr'>παραδοθῆναι</span> <span class='ocrx_word' id='word_1_579' title='bbox 541 4290 585 4348; x_wconf 83' lang='grc' dir='ltr'>τόν</span> <span class='ocrx_word' id='word_1_580' title='bbox 609 4291 749 4363; x_wconf 69' lang='grc' dir='ltr'>βαπτιστήν</span> <span class='ocrx_word' id='word_1_581' title='bbox 765 4289 887 4361; x_wconf 86' lang='grc' dir='ltr'>Ἰωάννην</span> <span class='ocrx_word' id='word_1_582' title='bbox 905 4293 1024 4361; x_wconf 89' lang='grc' dir='ltr'>σημαίνει</span> <span class='ocrx_word' id='word_1_583' title='bbox 1035 4291 1079 4346; x_wconf 87' lang='grc' dir='ltr'>τόν</span> <span class='ocrx_word' id='word_1_584' title='bbox 1095 4289 1180 4360; x_wconf 85' lang='grc' dir='ltr'>κύριον</span> <span class='ocrx_word' id='word_1_585' title='bbox 1198 4293 1266 4362; x_wconf 79' lang='grc' dir='ltr'>μετὰ</span> <span class='ocrx_word' id='word_1_586' title='bbox 1285 4293 1335 4356; x_wconf 78' lang='grc' dir='ltr'>τὰς</span> <span class='ocrx_word' id='word_1_587' title='bbox 1349 4293 1444 4362; x_wconf 72' lang='grc' dir='ltr'>ημέρος</span> 
     </span>
     <span class='ocr_line' id='line_1_49' title="bbox 277 4374 1441 4446; baseline 0.007 -18"><span class='ocrx_word' id='word_1_588' title='bbox 277 4375 322 4430; x_wconf 89' lang='grc' dir='ltr'>τοῦ</span> <span class='ocrx_word' id='word_1_589' title='bbox 342 4377 483 4442; x_wconf 86' lang='grc' dir='ltr'>πειρασμοῦ</span> <span class='ocrx_word' id='word_1_590' title='bbox 502 4375 565 4444; x_wconf 86' lang='grc' dir='ltr'>πρός</span> <span class='ocrx_word' id='word_1_591' title='bbox 584 4374 660 4432; x_wconf 84' lang='grc' dir='ltr'>αύτόν</span> <span class='ocrx_word' id='word_1_592' title='bbox 677 4378 833 4445; x_wconf 88' lang='grc' dir='ltr'>ἐληλυθέναι.</span> <span class='ocrx_word' id='word_1_593' title='bbox 868 4379 934 4440; x_wconf 89' lang='grc' dir='ltr'>Πῶς</span> <span class='ocrx_word' id='word_1_594' title='bbox 949 4377 998 4446; x_wconf 80' lang='grc' dir='ltr'>γάρ</span> <span class='ocrx_word' id='word_1_595' title='bbox 1015 4374 1135 4434; x_wconf 88' lang='grc' dir='ltr'>Ἰωάννου</span> <span class='ocrx_word' id='word_1_596' title='bbox 1159 4381 1350 4446; x_wconf 84' lang='grc' dir='ltr'>παραδοθέντος</span> <span class='ocrx_word' id='word_1_597' title='bbox 1366 4381 1441 4436; x_wconf 65' lang='grc' dir='ltr'>ένεδέ</span> 
     </span>
     <span class='ocr_line' id='line_1_50' title="bbox 278 4457 1440 4532; baseline 0.009 -21"><span class='ocrx_word' id='word_1_598' title='bbox 278 4475 336 4527; x_wconf 83' lang='grc' dir='ltr'>γετο</span> <span class='ocrx_word' id='word_1_599' title='bbox 352 4457 389 4512; x_wconf 86' lang='grc' dir='ltr'>ἐτι</span> <span class='ocrx_word' id='word_1_600' title='bbox 404 4457 447 4512; x_wconf 87' lang='grc' dir='ltr'>τόν</span> <span class='ocrx_word' id='word_1_601' title='bbox 463 4463 569 4528; x_wconf 74' lang='grc' dir='ltr'>σωτῆρα</span> <span class='ocrx_word' id='word_1_602' title='bbox 585 4461 648 4530; x_wconf 88' lang='grc' dir='ltr'>πρός</span> <span class='ocrx_word' id='word_1_603' title='bbox 664 4461 742 4520; x_wconf 85' lang='grc' dir='ltr'>αύτόν</span> <span class='ocrx_word' id='word_1_604' title='bbox 762 4462 835 4520; x_wconf 83' lang='grc' dir='ltr'>πάλιν</span> <span class='ocrx_word' id='word_1_605' title='bbox 856 4464 939 4520; x_wconf 88' lang='grc' dir='ltr'>ἐλθεῖν</span> <span class='ocrx_word' id='word_1_606' title='bbox 963 4463 1005 4517; x_wconf 86' lang='grc' dir='ltr'>ἐπλ</span> <span class='ocrx_word' id='word_1_607' title='bbox 1022 4459 1064 4519; x_wconf 86' lang='grc' dir='ltr'>τόν</span> <span class='ocrx_word' id='word_1_608' title='bbox 1082 4457 1223 4530; x_wconf 84' lang='grc' dir='ltr'>Ἰορδάνην.</span> <span class='ocrx_word' id='word_1_609' title='bbox 1260 4461 1321 4521; x_wconf 87' lang='grc' dir='ltr'>Ούκ</span> <span class='ocrx_word' id='word_1_610' title='bbox 1337 4466 1440 4532; x_wconf 56' lang='lat' dir='ltr'>&amp;rum</span> 
     </span>
     <span class='ocr_line' id='line_1_51' title="bbox 242 4535 1438 4624; baseline 0.002 -26"><span class='ocrx_word' id='word_1_611' title='bbox 242 4590 248 4598; x_wconf 94' lang='lat'>.</span> <span class='ocrx_word' id='word_1_612' title='bbox 278 4540 308 4598; x_wconf 70' lang='grc' dir='ltr'>δέ</span> <span class='ocrx_word' id='word_1_613' title='bbox 324 4535 403 4596; x_wconf 82' lang='grc' dir='ltr'>ότισί</span> <span class='ocrx_word' id='word_1_614' title='bbox 426 4537 498 4598; x_wconf 79' lang='grc' dir='ltr'>ἄλλοι</span> <span class='ocrx_word' id='word_1_615' title='bbox 519 4552 587 4612; x_wconf 85' lang='grc' dir='ltr'>τρεῖς</span> <span class='ocrx_word' id='word_1_616' title='bbox 610 4543 788 4617; x_wconf 82' lang='grc' dir='ltr'>εύοιγγελιστοιλ</span> <span class='ocrx_word' id='word_1_617' title='bbox 812 4547 855 4606; x_wconf 84' lang='grc' dir='ltr'>τόν</span> <span class='ocrx_word' id='word_1_618' title='bbox 879 4548 967 4624; x_wconf 69' lang='grc' dir='ltr'>χρόνον</span> <span class='ocrx_word' id='word_1_619' title='bbox 991 4547 1033 4608; x_wconf 88' lang='grc' dir='ltr'>τόν</span> <span class='ocrx_word' id='word_1_620' title='bbox 1056 4546 1122 4620; x_wconf 82' lang='grc' dir='ltr'>μετά</span> <span class='ocrx_word' id='word_1_621' title='bbox 1150 4547 1179 4604; x_wconf 86' lang='grc' dir='ltr'>τό</span> <span class='ocrx_word' id='word_1_622' title='bbox 1197 4553 1383 4620; x_wconf 81' lang='grc' dir='ltr'>’παραδοθῆναι</span> <span class='ocrx_word' id='word_1_623' title='bbox 1402 4549 1438 4604; x_wconf 78' lang='grc' dir='ltr'>τόν</span> 
     </span>
    </p>
   </div>
   <div class='ocr_carea' id='block_1_3' title="bbox 0 0 1526 5015">
    <p class='ocr_par' dir='ltr' id='par_1_5' title="bbox 0 0 1526 5015">
     <span class='ocr_line' id='line_1_52' title="bbox 0 0 1526 5015; baseline 0 0"><span class='ocrx_word' id='word_1_624' title='bbox 0 0 1526 5015; x_wconf 95' lang='lat' dir='ltr'> </span> 
     </span>
    </p>
   </div>
  </div>
 </body>
</html>
