3042 5016
281 235 686 292 raneanma.1n.ron.1.
703 236 802 290 aare.
822 236 942 289 nxxvn.
1130 224 1192 288 273

41 377 149 422 omnem
166 355 361 422 serationem
383 357 613 442 corruptibilium
631 357 804 443 praesertim
824 356 973 419 bominum
991 367 1129 442 superat,
1163 367 1195 420 ιιι

39 459 81 524 vel
102 459 212 526 invitus
234 459 298 547 ipse
321 459 623 540 continuateurs,
648 459 790 524 stultitiae
813 479 871 523 uon
894 459 1075 523 adscribunt.

115 664 197 730 Aetli
216 661 314 750 Caput
328 661 421 728 XlX.
468 661 504 730 si
520 665 643 749 ingeniti
666 687 728 730 vox
752 664 945 748 privationum
964 665 994 727 iu
1010 665 1066 728 deo
1082 663 1195 749 signiti-

35 779 96 848 eat,
122 767 250 853 nihilque
270 768 356 853 plane
373 767 412 832 sit
427 766 607 851 ingenitam,
639 787 781 852 quaenam
800 767 877 831 ratio
897 765 935 830 ab
954 787 1007 844 eo,
1040 767 1115 851 qnod
1135 789 1194 830 nnn

36 881 93 948 est,
124 870 196 934 nibil
220 870 314 955 possit
339 870 479 934 anferre?
522 867 578 934 Sin
602 871 737 934 existens
761 868 905 955 quispiam
928 871 1043 947 sonat?
1065 869 1130 954 quis
1158 867 1195 931 ab

35 993 85 1053 eu,
110 973 189 1058 quod
212 984 259 1037 est
281 973 404 1058 idipsam
428 971 504 1058 quod
528 984 593 1051 est,
627 973 682 1036 boo
710 982 757 1036 est
777 971 871 1056 ipsum
894 994 911 1036 u
934 970 1113 1057 semetipso,
1147 991 1195 1034 ae·

36 1076 158 1139 seruati

116 1175 241 1242 Conlut.
265 1173 359 1241 xix.
406 1174 432 1240 l.
457 1174 542 1259 Quae
566 1176 712 1264 privantia
737 1177 899 1242 dieleotiois
926 1177 1131 1254 nominantur,
1164 1177 1195 1239 in

34 1280 160 1344 medium
175 1279 260 1343 nobis
279 1279 368 1344 affert
386 1278 512 1358 Aenus,
543 1291 575 1344 et
592 1281 628 1344 ad
644 1281 691 1346 dei
707 1279 861 1344 seientiam
877 1289 964 1364 atque
981 1277 1196 1362 intelligentiae

33 1383 159 1446 irnetom
187 1382 312 1467 aliquem
343 1383 506 1446 transferre
533 1394 667 1446 oooatur.
722 1379 782 1446 Sed
808 1382 878 1446 illud
905 1382 1037 1468 inprimis
1064 1381 1193 1465 ignorat,

33 1486 136 1568 quibus
164 1484 253 1549 rebus
283 1484 484 1570 signiboandis
513 1485 687 1570 privationis
708 1483 884 1548 vocabulum
908 1484 1122 1571 aphilosopbis
1141 1484 1196 1547 im-

31 1588 158 1671 positum
184 1587 235 1651 sit.
281 1584 388 1671 Neque
411 1587 488 1650 eninr
512 1586 678 1672 privatione
703 1587 808 1650 alieota
832 1587 998 1672 promissae
1017 1586 1074 1652 dioi
1098 1586 1196 1652 omnia

32 1689 253 1755 dialecticorum
275 1689 395 1773 regulae
415 1687 582 1775 patiuntur,
616 1690 668 1754 sed
686 1709 721 1754 ea
739 1689 833 1753 solum
858 1709 933 1774 quae
949 1700 1055 1754 natura
1072 1711 1124 1754 sua
1142 1690 1196 1752 ali·

31 1813 85 1876 que
101 1812 138 1855 re
161 1792 295 1877 praedita
320 1801 401 1856 sunt.
447 1790 530 1856 llaee
549 1794 626 1856 enim
645 1814 710 1857 eum
731 1803 853 1856 naturae
877 1813 949 1857 snae
965 1793 1148 1857 eontrarium
1165 1792 1194 1854 ia

28 1905 137 1958 statum
157 1893 315 1979 aliquando
332 1894 520 1979 redigantur,
544 1905 604 1960 tom
625 1895 740 1959 dearum
761 1895 871 1980 privari
894 1895 1047 1977 dicuntur,
1071 1914 1195 1978 querum

29 2017 101 2060 sero
118 1996 264 2062 naturalis
280 1995 330 2060 illa
346 1997 476 2060 conditio
491 1997 597 2061 mutari
616 2019 674 2061 nou
691 2008 807 2082 potest,
831 1997 866 2060 ud
884 2018 920 2060 ea
935 2019 997 2060 vox
1012 1997 1068 2060 isto
1088 2018 1197 2080 nequa·

28 2120 119 2183 qaam
136 2098 288 2162 convenit.
336 2095 380 2162 lta
401 2099 524 2185 lapidem
543 2121 629 2164 uerno
644 2119 764 2163 oaeoum
783 2097 986 2186 appellaverit.
1033 2096 1101 2162 lino
1117 2097 1195 2161 enim

28 2202 209 2266 vocabulum
235 2201 262 2264 ei
282 2201 337 2264 soli
365 2201 502 2266 tribuitur
526 2201 573 2287 qni
593 2223 678 2287 quem
699 2223 716 2265 a
737 2211 841 2265 natura
865 2201 987 2266 sortitus
1011 2211 1057 2264 est
1078 2199 1197 2263 videndi

27 2325 156 2370 sensum
187 2303 338 2402 pmiserit,
373 2304 415 2368 uti
450 2305 606 2384 volueres,
641 2304 794 2384 homines,
830 2304 974 2389 pecudes,
1011 2321 1086 2387 quae
1116 2301 1195 2380 visu,

28 2427 116 2490 quem
146 2405 289 2471 habente
308 2417 430 2487 natura,
463 2407 585 2492 spoliata
610 2405 754 2493 privativa
782 2427 858 2470 vooe
884 2428 973 2471 oaeoa
995 2404 1195 2470 nominantur.

27 2505 80 2573 Sie
107 2521 144 2573 et
164 2509 355 2588 iracundiae,
387 2509 435 2572 vel
457 2509 604 2589 malitiae,
634 2510 683 2573 vel
705 2509 834 2573 invidiae
858 2509 982 2595 lapidem
1009 2529 1096 2573 nemo
1119 2507 1199 2572 dieat

27 2621 209 2698 expertem,
245 2609 382 2695 quoniam
405 2613 441 2675 ad
469 2611 540 2675 liaeo
568 2622 673 2676 natura
695 2612 814 2677 minime
836 2622 1022 2698 eomparatos
1044 2621 1103 2676 est.
1148 2609 1198 2673 Ad

25 2713 184 2780 bominem
202 2735 295 2793 vero,
325 2715 390 2778 sive
412 2714 569 2800 pecudem,
602 2735 677 2800 quae
694 2713 864 2780 iracundiae
881 2715 998 2802 capania
1014 2723 1100 2792 suut,
1131 2732 1198 2776 euuu

25 2837 59 2880 ea
78 2817 250 2896 carebunt,
285 2816 432 2901 privantia
451 2817 500 2881 illa
525 2818 645 2882 nomina
668 2818 824 2882 mansierri
847 2827 1004 2903 poterunt,
1039 2819 1075 2882 ed
1097 2828 1198 2882 cetera

23 2939 84 2984 oon
110 2919 203 2984 item.

115 3019 165 3086 ll.
212 3019 326 3092 Eodem
351 3022 438 3086 modo
455 3031 486 3086 et
503 3021 532 3086 in
548 3022 603 3086 deo
627 3023 704 3087 istud
722 3023 924 3108 aonipiendnm
945 3033 1002 3086 est.
1047 3022 1147 3108 Atque
1166 3034 1200 3087 ut

23 3125 57 3187 ad
76 3123 212 3190 Aiitiom
232 3137 332 3190 nostra
352 3135 544 3190 eonvertatur
565 3125 678 3206 oratio,
708 3125 780 3189 libet
797 3124 873 3188 boue
889 3125 919 3188 io
937 3125 1053 3188 modom
1070 3127 1199 3190 interro·

20 3247 109 3310 gare.
166 3225 225 3291 Dio
242 3227 350 3307 sodes,
383 3226 472 3305 Aen,
496 3224 670 3294 Utrumnam
689 3227 769 3291 illum
785 3249 850 3290 oum
869 3226 977 3290 ueteris
996 3226 1131 3292 omuibus
1150 3227 1197 3313 qui

22 3331 132 3394 eadem
155 3349 174 3394 e
192 3329 356 3394 substantia
373 3351 431 3393 non
450 3339 520 3394 sont
538 3329 701 3416 comparari
718 3338 803 3415 putas
822 3349 928 3415 posse,
953 3347 991 3392 an
1009 3349 1074 3393 oum
1090 3330 1128 3394 iis
1147 3351 1200 3394 au·

20 3453 195 3498 numerare
221 3455 280 3496 non
297 3431 435 3496 dubites?
479 3428 512 3496 Si
531 3431 560 3495 in
581 3432 704 3496 aliorum
727 3443 842 3496 eoetum
860 3451 1071 3517 numerumque
1089 3433 1199 3497 retule-

19 3537 60 3599 ris
77 3535 135 3622 qoi
161 3556 224 3598 non
242 3555 281 3599 ex
299 3535 391 3622 ipsius
415 3534 580 3598 substantia
601 3545 689 3614 sunt,
707 3523 773 3598 ¹sed
790 3553 807 3596 e
825 3532 916 3598 nihilo
937 3554 990 3620 per
1013 3555 1080 3599 eum
1096 3536 1145 3621 qni
1162 3535 1199 3600 ab

18 3636 163 3724 ipsomet
184 3639 345 3702 seeundum
368 3637 561 3702 substantiam
585 3647 668 3701 ortos
693 3646 740 3701 est
763 3635 799 3700 ab
821 3635 871 3700 illo
894 3636 1042 3720 procreati
1065 3648 1150 3716 sunt,
1181 3656 1200 3700 a

20 3743 132 3824 quibus
154 3740 243 3805 solus
263 3740 438 3804 eximendus
452 3751 499 3803 est
516 3739 592 3803 lilius
611 3761 675 3803 nam
695 3739 800 3824 spiritu
818 3749 940 3817 saneto,
964 3739 1014 3826 qai
1030 3759 1071 3804 ex
1088 3740 1200 3803 innom-

20 3842 179 3928 parabilis
198 3843 290 3929 patris
307 3854 337 3908 ot
354 3841 496 3926 unigeniti
515 3842 586 3906 eins
610 3842 659 3906 lilii
676 3841 838 3907 substantia
857 3843 1018 3927 prooessit:
1051 3842 1077 3905 si
1098 3843 1133 3904 ad
1150 3861 1199 3904 oe·

19 3957 190 4026 tororum,
213 3947 349 4031 iuquam,
374 3944 571 4009 conditionem
588 3943 751 4024 abieratis,
777 3944 848 4008 nibil
866 3944 932 4007 bdei
949 3943 1133 4029 professione
1150 3953 1199 4008 tua

20 4071 88 4116 esse
107 4059 222 4137 potest
237 4049 404 4112 absurdius.
451 4044 512 4129 Qui
526 4048 604 4112 enim
622 4069 696 4111 anus
714 4069 753 4111 ex
770 4047 905 4112 omnibns
922 4045 996 4124 erit,
1021 4065 1038 4108 a
1056 4065 1114 4132 quo
1132 4057 1202 4110 sunt

21 4153 161 4217 euibilo
182 4161 290 4216 ennete
306 4151 468 4236 prodootai
510 4146 591 4213 Fieri
608 4150 677 4214 illud
694 4150 793 4233 utique
812 4157 1000 4234 nonpotea13
1025 4167 1121 4232 oeque
1139 4159 1201 4212 tote

20 4361 163 4421 Paeneo,
198 4361 239 4406 oto
258 4352 455 4423 dvnpebpn'osane
472 4369 518 4418 pro
535 4349 607 4420 deab-
675 4353 697 4406 7.
716 4348 793 4406 αὑτοῦ
817 4357 900 4403 obium
918 4359 950 4404 est
966 4355 1002 4404 ed.
1021 4353 1104 4407 Petne.
1121 4357 1202 4416 Geton.

20 4423 160 4494 μήπως,
184 4425 250 4488 Μ
265 4427 321 4487 pori
337 4427 388 4474 ivre
407 4425 489 4474 tinebit
641 4427 711 4484 repet.

676 4491 700 4541 e.
722 4487 870 4556 γεγέννηται
885 4491 935 4542 eod.
953 4491 1049 4554 Rmdtp.

71 4580 179 4636 corpu
195 4571 335 4618 mussent.
348 4571 377 4616 ιι.
392 4573 412 4616 a.
959 4581 997 4642 ¹8
