3066 5016
305 327 444 382 ananau
462 327 731 382 alamuosan.
748 327 988 380 nannum.
1164 316 1224 380 451

74 449 109 514 ad
127 445 224 514 lasum
251 467 387 533 maguam
410 449 594 514 sacerdotem
619 460 651 513 et
673 445 799 514 Esdram
824 449 1027 527 sacerdotem,
1057 456 1116 511 etc.
1161 445 1229 512 Nec

74 572 196 636 unquam
218 551 325 616 mulier
346 551 513 616 sacerdotio
537 552 637 616 lancta
659 551 778 635 legitur.

155 653 255 739 Atque
280 664 311 717 ιιι
336 653 372 716 ad
397 674 504 718 uorum
527 663 733 716 testamentum
762 654 953 731 accedamus,
986 653 1011 716 si
1030 652 1227 718 sacerdotium
1247 653 1307 722 cap.
1324 655 1365 704 ¹¹¹·

74 755 242 820 mulieribus
266 755 431 819 mandatnm
457 757 551 836 louet,
589 767 640 819 aut
665 757 837 820 canonicum
864 756 998 840 quiddam
1023 769 1175 841 praestare
1199 755 1231 820 in

74 859 198 924 ecclesia
220 859 339 937 liceret,
371 857 441 922 nulli
466 858 663 944 potiusquam
681 855 799 923 Mariae
818 857 886 922 illud
906 858 936 921 iu
957 879 1035 923 novo
1053 869 1231 922 testamento

74 959 213 1028 committi
236 960 399 1026 sacerdotis
421 961 546 1025 officium
563 960 679 1038 dehnit,
710 961 756 1024 cui
771 971 870 1026 tantam
892 960 988 1024 honor
1006 971 1052 1025 est
1068 960 1183 1026 habitus
1200 971 1233 1024 ut

74 1064 184 1146 gremio
199 1063 323 1148 sinuque
340 1085 395 1128 suo
416 1083 516 1147 regem
536 1061 663 1128 omnium
683 1084 718 1127 ac
734 1063 894 1127 coelestem
913 1064 1000 1126 deuon
1019 1063 1124 1148 deique
1143 1063 1231 1128 lilium

74 1167 238 1252 exciperet.
284 1163 378 1232 Gaios
407 1175 509 1231 uteros
531 1166 612 1230 velut
635 1166 771 1251 templum
792 1187 826 1231 aa
844 1166 1020 1230 domicilium
1039 1165 1129 1230 divini
1149 1165 1232 1230 verhi

74 1268 303 1333 incarnationem
329 1267 472 1352 singulari
497 1279 543 1333 est
559 1266 740 1351 benignitate
755 1269 801 1331 dei
824 1289 931 1352 magno
946 1289 981 1332 ac
1002 1269 1147 1353 stupendo
1169 1290 1233 1353 my·
1306 1263 1308 1268 ’

75 1371 165 1436 sterio
183 1382 386 1456 praeparatus.
433 1368 544 1434 Verum
563 1370 651 1454 longe
670 1371 725 1434 deo
739 1371 824 1434 aliter
840 1381 886 1434 est
901 1370 1010 1449 visum,
1034 1391 1069 1434 ac
1087 1391 1123 1434 na
1139 1370 1234 1456 bapti·

76 1474 160 1538 candi
182 1474 297 1557 quidem
320 1483 451 1559 potestas
473 1483 520 1538 est
540 1473 582 1536 illi
598 1475 691 1551 lach,
722 1493 788 1536 cnm
805 1473 914 1557 alioqui
932 1472 1003 1558 tingi
1021 1473 1057 1536 ah
1078 1469 1234 1537 illaChri·

76 1584 136 1640 stoa
159 1575 257 1661 potins
282 1596 368 1660 qnam
393 1575 431 1638 ah
456 1573 567 1639 loaone
590 1575 745 1660 potuisset.
792 1573 904 1639 Verum
924 1572 1052 1641 loannes
1067 1573 1233 1640 Zachariae
1266 1575 1322 1621 ¹¹¹⁶·
1337 1577 1355 1620 ¹·

76 1677 150 1742 ilius
174 1689 242 1763 post
261 1678 448 1742 commissum
471 1677 527 1740 sihi
544 1677 711 1763 haptizandi
731 1699 836 1743 munus
853 1679 889 1742 ad
914 1688 1101 1762 peecatorum
1124 1678 1234 1742 condo-

77 1781 224 1846 nationem
244 1782 334 1844 vitom
351 1781 381 1844 in
397 1779 556 1844 solitudine
575 1779 723 1862 traduxit,
755 1781 838 1845 coins
857 1790 940 1865 pater
953 1781 1149 1845 sacerdotium
1166 1799 1234 1864 ges·
1308 1819 1315 1836 ι

77 1881 124 1962 sit,
150 1894 181 1947 ct
194 1882 249 1948 suh
264 1882 365 1946 horam
380 1883 493 1947 suffitus
508 1883 605 1946 vinnm
621 1881 688 1947 huie
703 1881 831 1946 ohlatnm
848 1894 904 1946 est.
951 1879 1025 1948 Post
1039 1883 1111 1948 hacc
1127 1880 1235 1947 Petrus

76 1994 105 2049 et
131 1985 289 2064 Andreas,
322 1982 466 2063 laaohns,
498 1995 530 2048 et
553 1982 702 2061 loannes,
736 1982 904 2069 Philippus,
938 1996 970 2049 et
994 1983 1234 2067 Bartholomaeus,

78 2087 269 2167 'l'haddaeoa,
287 2098 316 2152 ct
327 2085 600 2172 laoohnsAlphaci,
618 2097 648 2150 et
659 2083 745 2150 ludas
757 2084 867 2166 lacohi,
886 2098 914 2150 ct
926 2085 1030 2152 Simon
1043 2084 1233 2170 Cananaens,

76 2201 105 2254 et
118 2188 261 2256 Matthias
276 2191 311 2253 ad
328 2190 506 2276 supplendos
523 2188 675 2252 duodecim
692 2189 852 2268 sulleotusa
875 2188 929 2269 illi,
953 2191 1089 2275 inquam,
1114 2212 1230 2272 omues,
1268 2211 1316 2254 aar.
1330 2213 1349 2256 ι.

77 2305 106 2356 et
117 2293 242 2377 apostoli
258 2293 363 2356 delecti
381 2303 468 2373 snut,
498 2313 534 2356 ao
547 2302 609 2354 tcto
624 2303 770 2356 terrarum
783 2291 856 2355 urhe
870 2314 981 2354 scoram
1003 2297 1147 2374 coongeh'r'
1165 2297 1234 2378 sun·
1246 2313 1388 2371 namnam.

76 2401 195 2460 edonem
212 2400 467 2470 emesenorum,
492 2416 557 2459 cnm
576 2392 667 2458 Panlo
683 2404 713 2457 et
731 2391 886 2474 Barnuha,
910 2416 944 2459 aa
961 2396 1070 2460 ceteris
1087 2397 1234 2482 iidemque

77 2501 286 2584 mysteriorum
302 2509 440 2562 auctores
457 2507 544 2582 atque
562 2497 731 2561 conditores
747 2498 877 2576 luerunt,
901 2518 958 2562 nna
976 2519 1042 2562 cnon
1059 2496 1169 2566 laccho
1184 2501 1235 2564 du·

77 2601 147 2666 mini
166 2603 275 2679 tratre,
307 2599 401 2686 primo
422 2597 697 2686 Hierosolymorum
718 2598 873 2685 episcop03
904 2621 998 2684 aquo
1017 2611 1048 2664 ιιι
1069 2612 1100 2664 et
1117 2601 1154 2666 ah
1170 2601 1236 2667 aliis

76 2723 150 2787 qnos
162 2701 381 2768 numeravimus
391 2703 545 2787 apostolis,
561 2702 765 2788 episcopcrum
777 2723 812 2764 ac
822 2701 1061 2787 presbyterorum
1072 2705 1237 2768 successio·

76 2825 129 2870 nes
145 2816 216 2870 sont
231 2805 263 2868 in
280 2805 367 2868 domo
384 2805 430 2868 dai
447 2805 635 2868 constitutae.
680 2801 748 2868 Nec
764 2804 922 2868 interillos
940 2815 1038 2869 tameo
1057 2806 1162 2870 mulier
1178 2807 1237 2874 nlla

75 2917 213 2994 cooptata
229 2908 347 2990 legitur.
390 2905 487 2970 Erant
499 2907 627 2992 quidem,
651 2917 682 2970 nt
698 2906 842 2992 scriptura
857 2917 970 2986 narrat,
993 2905 1129 2993 Philippo
1143 2929 1235 2972 evan·
1248 2931 1297 2974 nar.
1309 2928 1344 2984 ιι,
1357 2929 1377 2973 a.

75 3011 201 3093 gelistae
217 3009 292 3074 hliae
312 3007 354 3074 lV
375 3010 594 3095 prophetissae,
620 3031 678 3072 uon
698 3019 795 3072 tameo
815 3010 998 3074 sacerdotes.
1045 3007 1191 3076 Similiter
1208 3023 1238 3076 et

75 3113 165 3176 Anna
192 3112 374 3198 prophetissa
399 3111 452 3176 luit
469 3109 628 3177 Phanuelis
654 3111 729 3190 lilia,
760 3133 819 3175 non
846 3122 942 3176 mmeo
961 3113 1128 3178 sacerdotio
1151 3135 1377 3200 prae-nunnae.

76 3214 148 3278 dita.
196 3211 311 3300 Quippe
329 3214 441 3298 impleri
463 3215 540 3279 istud
561 3214 715 3301 oportebat
731 3214 806 3298 quod
830 3225 875 3278 est
893 3213 1052 3300 scriptume
1083 3221 1238 3298 Propheta·
1251 3237 1379 3291 ronam.

76 3319 150 3379 hunt
162 3319 230 3398 filii
249 3323 352 3392 oestn',
386 3329 418 3378 ct
429 3319 516 3398 fidiae
534 3329 643 3380 umorue
660 3321 768 3378 somnio
783 3319 977 3393 somniabunt,
1002 3331 1032 3381 et
1046 3324 1237 3384 adolescentes
1250 3296 1333 3398 neth,
1347 3341 1379 3387 tt.

76 3425 168 3482 castri
182 3425 302 3482 ohahnes
319 3423 461 3484 uridcdnct.
509 3417 693 3503 Quamquam
713 3439 786 3482 vero
809 3419 1041 3486 diaconissarum
1059 3423 1088 3486 in
1112 3424 1239 3489 ecelesia

77 3523 152 3586 ordo
169 3522 225 3601 sit,
259 3543 317 3586 nun
341 3533 437 3586 umen
458 3523 494 3586 ad
513 3521 671 3586 sacerdotii
690 3521 888 3601 lunationem,
921 3535 971 3589 ant
990 3525 1077 3590 ullam
1096 3526 1240 3591 eiusmodi

76 3625 362 3691 administrationem
387 3625 538 3690 institutus
566 3633 629 3702 est,
664 3626 716 3688 sed
741 3634 773 3688 nt
795 3625 944 3690 muliehris
971 3647 1064 3693 sexus
1093 3628 1240 3694 honestati

77 3729 268 3805 consulatur,
293 3728 405 3798 sire.nt
420 3727 555 3814 baptismi
574 3737 706 3812 tempore
727 3727 822 3806 adsit,
846 3727 911 3792 sive
927 3740 960 3792 nt
976 3729 1112 3816 inspiciat
1129 3730 1154 3793 si
1171 3730 1240 3814 quid

77 3851 168 3916 passa
183 3831 223 3894 sit
238 3840 290 3894 aut
305 3830 459 3894 molestiae
476 3829 645 3914 pertulerit,
677 3829 741 3894 sive
756 3840 790 3894 ut
804 3851 868 3894 cum
888 3833 1052 3898 nudandum
1074 3843 1120 3897 est
1138 3833 1241 3898 molie-

76 3936 120 3997 ris
138 3953 246 4018 eorpus
261 3931 457 4012 interveniat,
490 3953 529 3996 na
545 3933 676 3996 virorum
697 3931 746 4016 qui
770 3933 848 3995 sacri
866 3945 1027 4018 operantur
1048 3937 1179 4020 aspectui
1202 3936 1242 4000 sit

78 4035 236 4122 exposita,
266 4035 319 4100 sed
342 4035 438 4100 esula
457 4034 621 4098 diaconissa
639 4033 791 4113 uideatur,
823 4055 898 4118 quae
918 4037 1082 4102 sacerdotis
1103 4039 1240 4103 mandato

78 4135 215 4202 mulieris
240 4157 340 4202 euram
368 4137 461 4222 gerit,
493 4159 550 4222 quo
575 4147 706 4222 temporo
733 4135 865 4202 vestibus
890 4138 1021 4201 exuitur.
1068 4136 1135 4223 Qua
1155 4139 1184 4203 in
1208 4160 1241 4204 re

78 4261 149 4305 cum
167 4239 278 4305 ordinis
296 4239 374 4304 illins
393 4239 574 4318 modestiae,
607 4251 667 4304 tum
687 4238 906 4303 ecclesiastieae
927 4239 1098 4326 disciplinae
1116 4243 1242 4328 pruden-

78 4405 94 4416 -
114 4405 131 4418 ·
152 4373 349 4445 ἠσφαλισμέιοιι.
393 4379 520 4428 Comuntur
544 4377 648 4428 reddidit
680 4373 957 4426 ecclesiastieaehouaa
972 4375 1156 4430 constitutionis
1170 4378 1244 4431 raldo

78 4449 270 4499 heremita
284 4443 317 4494 ad
330 4453 430 4511 tempus
444 4443 578 4524 indigentis
592 4461 646 4494 nau·
680 4443 814 4494 scientifice
839 4443 948 4494 munitas
970 4445 1003 4496 sit
1026 4445 1051 4496 in
1069 4465 1183 4499 mensura
1201 4467 1243 4500 re-

78 4515 161 4572 lisa-ir,
177 4514 203 4565 iu
217 4525 330 4581 tenpore
346 4511 520 4563 denudatiours
537 4513 649 4580 corporis
681 4513 762 4580 gulae.

79 4583 176 4651 ipsius,
199 4583 236 4634 ita
253 4593 281 4631 ιιι
294 4579 357 4633 ordo
374 4580 443 4632 bouo
460 4580 606 4648 disciplinae
623 4594 648 4632 et

957 4653 1028 4720 29*
