3072 5002
275 238 415 294 ransart
431 239 496 294 nun.
507 239 554 294 ru.
570 239 941 310 nominassemus.
978 231 981 246 '
1129 229 1190 294 129

50 360 146 426 illorum
168 379 221 426 ore
246 380 347 428 serum
372 360 510 426 veritatis
532 361 683 443 solentur,
714 371 747 427 ut
764 361 874 426 nullum
891 361 918 426 is
936 362 1061 426 fructum
1083 362 1195 426 sentiat

49 463 88 548 qui
105 465 144 530 sic
163 473 319 552 precatore
342 467 389 528 lle
408 466 526 546 nescius
546 465 660 527 uerbum
682 469 811 528 oerum
830 487 870 528 ec
890 487 940 528 ore
960 472 1040 528 meo!

116 563 307 651 Quandonsm
326 588 400 634 vero
413 566 483 632 illud
500 568 626 632 oceidit?
671 563 746 633 Cum
767 569 862 652 legem
886 568 1028 654 quispiam
1047 576 1191 654 perpetuo
1235 568 1296 658 Pru·

48 691 95 734 nou
107 671 260 751 observat,
291 691 357 735 cum
377 669 408 736 in
425 670 578 734 latitudine
598 691 657 735 nou
673 671 813 736 ambulat.
860 667 976 756 Quippe
991 671 1124 736 collaturi
1140 692 1193 735 eor
1221 637 1311 688 ΗΧ·

46 791 151 838 neceam
175 785 223 838 est
247 773 313 838 cius
335 773 386 857 qoi
407 773 637 839 inambulantem
657 769 810 838 Christum
831 772 965 858 recipere
987 773 1076 854 velit,
1111 775 1196 838 euius

46 874 150 957 gloriam
175 897 234 941 nou
258 875 412 954 bomiues,
444 876 496 940 sed
523 873 599 940 coeli
622 875 806 961 praedicant.
860 881 942 940 Coeli
962 882 1035 940 ππππ
1058 887 1349 960 enarrentpfflrfflpnp,

43 980 150 1057 goren
166 983 232 1055 ded,
255 978 304 1042 vrl
324 978 451 1064 ipsemet
467 977 564 1064 potius
582 991 667 1063 pater
684 979 803 1057 dicens,
834 981 1350 1062 lle'cestfilr'raesneurdr2q1222qq12,

16 1137 17 1140 ,
46 1083 134 1156 lectus,
167 1086 199 1144 ἰπ
223 1103 278 1164 quo
300 1084 372 1144 ms'ds'
389 1083 500 1162 plural.
554 1077 651 1163 Quem
674 1082 791 1166 quidem
816 1083 949 1146 conliteri
975 1101 1062 1146 nemo
1087 1090 1196 1167 potest,

44 1183 82 1265 qui
95 1187 122 1246 dr
135 1185 255 1248 subditae
267 1187 402 1266 loquatur
420 1187 595 1267 rirr'pm'tolem
610 1187 650 1246 od
659 1189 820 1265 prorunum
835 1207 936 1262 auum,
960 1185 985 1248 si
1003 1185 1032 1248 in
1050 1183 1191 1248 antichri-
1201 1213 1349 1266 mmm,

45 1294 139 1350 storum
155 1287 236 1352 illum
255 1297 372 1351 coetum
389 1285 672 1372 appellationumque
690 1287 834 1372 pelliciat,
858 1309 876 1352 e
894 1284 1129 1353 Christianorum
1149 1309 1197 1352 or-

45 1385 100 1452 line
114 1399 144 1452 et
155 1389 352 1474 appellatione
370 1389 548 1468 distractusq
581 1389 739 1474 dequibus
762 1390 902 1476 scriptum
922 1400 987 1470 cst,
1020 1393 1118 1454 lllolr'te
1133 1402 1196 1452 lon·
1222 1411 1307 1458 rusum·

42 1509 100 1568 μιν
113 1495 243 1554 Cdrr'stos
257 1513 344 1556 meos.
391 1495 461 1571 (luds
477 1496 551 1554 enlin
566 1503 626 1567 est,
661 1492 773 1577 inquit,
806 1498 943 1568 menduc,
974 1497 1035 1556 πὶπ·
1047 1499 1198 1575 qm'nsgot
1220 1464 1324 1562 linit.

43 1597 120 1656 lerum
136 1617 199 1658 esse
220 1597 388 1658 Christum?
428 1598 484 1656 Hic
501 1606 561 1669 est,
597 1594 708 1679 inquit,
739 1600 947 1659 Antichristus.
994 1599 1069 1658 Nom
1086 1601 1198 1677 quine·
1221 1569 1291 1624 η’

41 1699 207 1778 grtfibicm,
229 1719 319 1780 neque
339 1708 450 1779 polrern
467 1697 568 1772 dubet,
593 1709 623 1759 et
638 1699 791 1780 pm'filr‘um
807 1700 977 1780 confitetur,
1008 1719 1065 1760 πππ
1081 1699 1198 1779 confile-

44 1810 83 1860 ur
95 1812 122 1863 et
132 1812 257 1882 putrem.
300 1803 382 1879 Quod
395 1805 504 1881 r‘gr'tur,
528 1798 641 1886 inquit,
664 1802 701 1862 ob
717 1805 799 1864 π’ππῖἰπ
814 1805 947 1877 ππάἰπτίε,
972 1812 1085 1864 moneo!
1099 1804 1153 1864 too
1167 1805 1198 1864 s'n

43 1903 123 1966 colb.-
145 1908 220 1966 etsi
232 1915 359 1980 munt,
384 1902 496 1987 inquit,
520 1907 550 1965 ἐπ
563 1905 641 1966 uobu's
654 1907 731 1986 pund
745 1905 782 1967 ab
800 1909 881 1967 rirr'trb
897 1907 1035 1978 audem,
1059 1917 1091 1966 et
1102 1925 1151 1966 cor
1168 1911 1198 1966 ππ

38 2005 95 2083 fillo
110 2007 260 2070 manebitis
274 2017 305 2068 et
318 2011 349 2070 r'n
361 2018 456 2088 putre.
503 2006 595 2090 Atqui
615 2016 675 2070 tum
700 2007 816 2070 demum
839 2005 1040 2086 manebimus,
1063 2028 1129 2072 eum
1148 2027 1199 2069 eo·

42 2127 93 2172 rrm
108 2109 165 2174 deo
184 2120 216 2173 et
231 2107 335 2174 clectis
351 2108 477 2194 angelis,
499 2109 552 2174 sed
567 2119 599 2174 et
613 2129 712 2174 curam
731 2105 910 2196 principibus
926 2109 992 2174 siue
1009 2107 1069 2172 ullo
1086 2108 1197 2194 pudore

42 2211 249 2276 uetusti-ur.
294 2213 445 2294 loquetur
458 2217 547 2288 ensis,
572 2212 678 2298 inquit,
702 2217 737 2276 de
750 2217 915 2276 testimoniis
930 2219 988 2274 turis
1000 2215 1030 2274 dn
1044 2222 1195 2291 conspectu
1228 2239 1314 2285 m„

42 2333 145 2394 qum,
181 2327 283 2377 eleon
303 2315 507 2397 mnsundebor.
556 2313 591 2382 Si
609 2317 664 2381 boc
683 2317 844 2394 fateamur,
875 2315 1010 2400 iuquam,
1042 2313 1089 2378 dei
1111 2313 1200 2377 lilium
1227 2293 1320 2348 ΠΗ·

43 2415 118 2482 deum
132 2437 204 2482 esse
221 2417 258 2482 de
275 2417 350 2496 deo,
374 2439 464 2482 uuum
480 2439 520 2483 cx
536 2440 607 2497 uno,
632 2418 870 2502 unigenitumex
886 2418 1037 2502 ingenito,
1061 2415 1201 2482 eximiam

42 2521 178 2600 quandum
205 2520 376 2603 generantis
398 2520 552 2601 sobolem,
583 2521 759 2606 dignumque
781 2521 911 2586 carentis
938 2519 1081 2607 principio
1097 2518 1199 2599 lilium,

43 2619 191 2688 ineffabilis
217 2622 395 2687 iueliabilem
417 2623 627 2709 interpretem,
661 2623 782 2688 uerbum
809 2625 982 2708 sapientiam
1007 2644 1044 2688 nc
1061 2622 1200 2686 virtutem

42 2721 96 2788 rins
111 2725 161 2810 qui
178 2725 353 2809 sapientiem
369 2747 404 2790 ac
420 2725 559 2790 virtutem
577 2747 693 2790 omnem
710 2727 847 2804 excellit,
871 2747 959 2812 supra
976 2726 1004 2790 id
1021 2745 1108 2790 omne
1124 2723 1201 2808 quod

42 2827 84 2890 uel
98 2829 199 2914 eloqui
215 2829 333 2912 lingua,
355 2826 402 2894 vel
419 2827 533 2914 agitare
551 2828 658 2894 meotis
675 2829 869 2913 intelligentia
887 2838 1001 2914 potest,
1026 2828 1198 2914 perlectum,

42 2927 171 3014 inquom,
194 2929 347 3009 sobolem,
380 2941 410 2996 et
426 2931 563 2996 stsbilem
582 2951 623 2995 ex
642 2933 794 3017 perlecto,
825 2941 856 2996 et
872 2931 900 2995 in
918 2932 1022 2996 eodem
1038 2940 1117 2994 stetu
1136 2949 1202 3015 per·

42 3045 189 3115 monenteq
221 3053 296 3118 quae
316 3031 433 3118 quidem
451 3033 570 3098 soboles
589 3055 685 3120 neque
706 3056 724 3099 a
744 3044 827 3120 patre
848 3035 1006 3119 produxit,
1041 3053 1096 3096 nec
1112 3051 1201 3096 exse·

41 3146 81 3199 cta
94 3148 159 3217 est,
185 3137 235 3202 uel
252 3135 398 3202 divisione
417 3147 599 3222 propagata,
623 3138 676 3202 sed
692 3137 766 3202 citra
788 3138 954 3223 passionem
974 3137 1148 3220 integreque
1165 3134 1202 3199 ab

42 3257 72 3302 eo
86 3238 236 3326 processit
257 3239 307 3324 qui
325 3239 396 3304 nibil
413 3259 514 3304 eorum
533 3238 639 3324 quibus
656 3240 806 3325 praeditus
831 3250 913 3305 esset
931 3237 1075 3302 amiserit.
1123 3237 1202 3302 Tum

40 3343 158 3408 eundem
177 3342 258 3418 illum
274 3342 366 3407 fllium
389 3340 510 3407 verbum
530 3361 599 3406 esse
617 3340 748 3427 dicique,
780 3363 840 3406 non
856 3362 960 3409 vocem
976 3351 1027 3404 aut
1044 3339 1203 3406 dictionem

40 3447 144 3529 patris,
178 3443 329 3528 iutelligit.
382 3441 534 3529 Siquidem
560 3464 614 3529 per
637 3465 672 3509 se
697 3445 746 3509 illc
769 3444 904 3509 subsistit
928 3454 958 3507 et
981 3442 1060 3527 agit,
1093 3463 1129 3506 ae
1151 3458 1349 3524 pereanem

39 3551 122 3626 ἰρπιπ
137 3551 251 3624 omnio,
284 3559 314 3610 rt
329 3552 360 3610 ἐπ
376 3551 437 3629 ipro
449 3560 521 3614 sunt
533 3553 637 3612 omnm.
686 3544 938 3631 Quemadmodum
958 3547 997 3610 its
1018 3545 1069 3610 illc
1087 3546 1205 3631 sapien·

41 3647 74 3714 lia
89 3661 136 3716 est
150 3661 184 3716 ut
199 3649 292 3736 patris
307 3649 462 3736 cogitatio,
497 3651 545 3716 vel
562 3651 652 3715 motio
671 3650 798 3728 mentis,
829 3650 946 3714 actione
962 3648 1082 3713 minime
1098 3649 1137 3712 sit
1154 3667 1205 3733 pu-

41 3753 158 3834 tandos,
192 3753 246 3818 sed
263 3751 368 3818 similis
390 3751 482 3838 petria
505 3753 641 3831 soboles,
674 3764 705 3818 et
721 3763 887 3818 accuratam
907 3753 937 3816 in
953 3771 1022 3816 sese
1038 3749 1131 3836 patris
1146 3750 1205 3812 effi-

40 3853 111 3937 giem
136 3855 323 3943 exprimens.
378 3853 457 3922 Nam
489 3855 566 3920 buno
591 3856 664 3921 deos
685 3865 769 3942 pater
792 3855 890 3940 sigillo
915 3854 997 3918 velot
1024 3848 1203 3938 obsignarit.

40 3953 142 4044 Neque
168 3958 216 4023 sio
233 3957 384 4024 existitis
401 3959 497 4023 altero
514 3968 545 4022 ut
565 3978 619 4044 per
637 3977 706 4024 scae
725 3957 844 4023 minime
862 3957 1017 4022 subsistet.
1065 3949 1125 4020 Sed
1146 3953 1207 4016 effi-

40 4080 93 4124 cax
109 4061 228 4146 quidam
246 4060 296 4124 illc
313 4061 410 4126 doetus
425 4072 484 4142 eet,
508 4059 557 4145 qui
573 4070 664 4124 totum
682 4060 738 4126 boc
755 4057 943 4137 uuiversum,
968 4054 1046 4142 quod
1063 4053 1205 4133 condidit,

41 4175 181 4250 perpetuo
200 4173 372 4228 conservat.
417 4159 502 4228 llaec
516 4163 621 4227 idonea
638 4172 708 4228 sunt
721 4175 753 4228 ut
772 4183 826 4226 uos
843 4173 873 4224 et
888 4183 906 4224 a
923 4158 1106 4224 Graecorum
1124 4177 1208 4221 erro·

40 4285 82 4344 re,
99 4277 163 4331 cta
180 4262 356 4331 ludaeorum
371 4264 595 4352 superstitione,
614 4275 644 4330 et
658 4263 695 4329 ab
707 4263 923 4328 baereticorum
939 4259 1053 4326 nelarie
1069 4260 1208 4346 opiuiooe

41 4366 203 4433 vindicent.

40 4503 95 4606 pur,
114 4487 310 4622 ‘adfictam
352 4480 532 4558 ὅμολογήσειεπ
556 4489 608 4542 oud
677 4486 701 4540 5.
718 4483 763 4540 καὶ
777 4501 823 4537 om.
839 4489 864 4538 ln
877 4487 932 4537 edtl.
948 4485 1030 4539 Pttov.
1047 4485 1125 4537 Gelon.
1140 4485 1212 4546 repet.

49 4571 82 4608 πι
101 4573 113 4609 r
250 4573 270 4608 c

86 4638 182 4698 Gonu
194 4637 333 4685 llonml.
346 4637 377 4683 11.
390 4637 413 4683 ⁸.
979 4641 1000 4704 9
