3072 5002
301 331 361 394 168
725 339 848 393 ελωοτι
865 337 1036 396 ινιειτλοιι

300 460 352 524 καί
370 453 459 544 άγίον
472 455 641 539 πνεύματος
655 453 821 543 γράφοντες
838 453 913 522 κατά
928 453 961 524 τά
978 454 1165 541 βραχύτατον
1179 453 1266 540 ημτῦν
1280 461 1334 539 τῆς
1350 451 1456 539 μετριά-

302 588 391 646 τηαος
410 557 633 646 ἐξηγησάμεθα,
663 561 715 624 καὶ
733 561 766 625 ἐκ
782 563 841 624 τῶν
859 561 1092 645 προρρηθέντων
1108 562 1313 646 παρεθέμεθα.
1350 555 1418 622 Ἔτι
1431 556 1458 620 θὲ

305 669 498 748 ἐπιμενοῦμεν
514 666 557 738 είς
574 660 713 727 σύστασιν
735 669 790 744 τῆς
806 663 920 728 ἐαυτοῦν
937 668 1013 746 ζωῆς
1032 659 1160 746 εύσεβῦς
1178 665 1341 749 μαρτυρίας
1357 663 1458 748 φέρον-
1507 686 1508 728 ι

304 790 367 848 τες,
397 767 449 832 καί
468 768 498 843 ἐξ
516 762 614 850 ὀρθοῦ
634 771 777 851 λογισμοῦ
802 761 930 847 εύσεβῦς
954 767 1021 850 περὶ
1042 763 1187 849 θεότητος
1205 762 1459 849 διαλαμβάνοντες.
1508 768 1509 818 ¹

296 870 366 938 Ὅτι
383 869 437 952 μὲν
453 866 510 956 γάρ
528 870 640 944 ἐντοῖς
659 865 738 953 ιπρδ
755 865 863 934 τούτου
881 864 1042 951 άπεδείγθη
1062 867 1112 934 διά
1129 875 1245 935 πολλῶν
1261 863 1460 953 μαρτοριῶνδ
1509 858 1510 928 ¹

307 970 468 1058 μονογενὴς
484 969 682 1055 συμπράττων
698 977 739 1058 τῷ
756 971 856 1055 πατρί,
878 971 929 1036 καλ
943 969 980 1035 τά
997 973 1047 1036 ίσα
1061 973 1094 1037 ἐν
1111 970 1202 1038 άπασι
1218 978 1335 1038 τελετῶν
1351 971 1462 1052 »11¹2oe-
1510 944 1511 1014 ¹

306 1075 472 1162 ριζάμενος,
502 1070 543 1151 τίς
567 1076 596 1152 ἐξ
621 1070 715 1138 αύτσῦ
738 1071 794 1152 νῦν,
823 1074 875 1140 ταί
900 1070 957 1138 σύν
976 1070 1092 1150 άλλοῖος
1110 1071 1192 1160 παρά
1211 1073 1266 1158 την
1283 1080 1338 1140 τοῦ
1355 1071 1463 1156 πατρὸς
1511 1099 1513 1164 ¹

307 1176 436 1261 δύναμιν
459 1178 511 1242 καί
526 1178 672 1258 θεύτηαα,
702 1173 773 1240 άλλά
798 1172 959 1260 ύμοοιίσισς
980 1180 1077 1258 πατρί.
1124 1174 1171 1242 Ού
1194 1176 1287 1260 μόνον
1304 1177 1337 1243 δί
1357 1173 1376 1242 δ
1393 1175 1462 1254 νίδς,
1513 1214 1514 1270 ρ

308 1279 379 1346 άλλά
402 1281 452 1346 καί
476 1277 509 1346 τδ
536 1276 622 1363 άγισν
643 1285 762 1362 πνεῦμα
784 1278 974 1364 σνμπράττον
1000 1283 1058 1369 υἱῷ
1081 1281 1132 1344 καί
1153 1280 1257 1364 πατρί,
1288 1281 1338 1346 τιαί
1362 1278 1399 1345 τά
1420 1283 1464 1344 ίσα
1514 1304 1515 1342 ι

309 1380 519 1469 ἐργαζόμενον,
548 1379 738 1468 δωρούμενόν
758 1406 789 1446 τε
815 1383 866 1446 ταί
890 1379 1079 1466 χαριζόμενον
1106 1378 1148 1459 νίς
1170 1381 1321 1465 βούλεται,
1355 1379 1398 1458 ύς
1419 1383 1465 1446 καί
1515 1394 1516 1444 ¹

309 1484 383 1552 αύτδ
400 1484 493 1561 ὅντως
511 1487 544 1550 ἐκ
560 1491 637 1550 θεοῦ
653 1483 698 1564 δν,
720 1485 771 1548 καί
786 1482 842 1550 ούιι
858 1483 1012 1570 ἀλλότριον
1027 1483 1139 1568 πατρδς
1155 1487 1205 1551 παὶ
1220 1488 1300 1564 νίοῦ,
1322 1482 1384 1552 ἄλλ’
1401 1481 1467 1566 ὄμο-
1516 1482 1517 1538 ¹

309 1589 414 1656 ούσιον
428 1589 516 1672 πατρί
533 1589 583 1652 καί
599 1589 673 1675 νίρῦ,
702 1591 792 1652 παντί
813 1614 855 1677 τῳ
870 1589 965 1668 σαφὲς
980 1585 1055 1654 κατά
1072 1589 1170 1653 πάντα
1188 1590 1220 1654 ἐτι
1241 1595 1301 1652 τῦν
1321 1586 1467 1654 τοσούτων
1517 1572 1518 1634 ¹

312 1697 481 1776 μαρτυροῦν
503 1689 666 1772 ἀπεδείχθη
684 1714 714 1754 τε
731 1691 781 1754 καί
799 1686 1054 1774 άποδειχθήσεται.
1100 1697 1169 1756 Νῦν
1186 1691 1219 1756 δέ
1234 1689 1286 1756 διά
1302 1689 1376 1766 τούς
1393 1687 1467 1754 άντι·
1518 1662 1519 1718 ¹

312 1795 424 1870 θίτους
437 1794 486 1858 καί
501 1790 630 1877 ἐχθρούς
641 1799 695 1859 τοῦ
712 1789 800 1880 άγίον
815 1792 983 1876 πνεύματος
999 1795 1086 1877 ’περὶ
1102 1795 1198 1878 μόνον
1210 1801 1265 1859 τοῦ
1282 1789 1371 1879 άγίον
1384 1791 1468 1856 νενεύ·

314 1921 406 1980 ματος
420 1891 456 1960 τά
472 1892 580 1978 εὐσεβῆ
594 1902 647 1960 τοῦ
663 1894 763 1980 ὀρθοῦ
777 1903 918 1982 λογισμοῦ
935 1898 985 1961 καί
1001 1892 1037 1962 τά
1051 1895 1111 1962 άπδ
1125 1902 1296 1981 μαρταριοῦν
1310 1902 1364 1978 τῆς
1381 1894 1470 1976 αὐτῆς
1521 1930 1522 1961 ι

312 2003 400 2074 θείας
427 2005 546 2084 γραφῆς
567 1995 777 2083 διηγησάμενοι
795 2001 1009 2084 περισσοτέρως
1029 2008 1116 2075 ιταῖς
1136 1997 1280 2084 πρότερον
1296 1995 1471 2083 ποραθησδ-
1522 2020 1523 2046 ³

314 2111 394 2185 μεθα
409 2105 602 2187 μαρτυρίαις,
625 2098 803 2178 ἀκολούθως
816 2109 852 2191 τῇ
870 2105 938 2184 περὶ
960 2099 1047 2188 άγίον
1066 2100 1233 2184 πνεύματος
1248 2099 1379 2191 άληθινῇ
1396 2099 1471 2165 εύσε-
1523 2115 1524 2120 ’

314 2209 389 2292 βείμ.
431 2201 484 2280 Ὡς
510 2205 566 2288 ἔχει
587 2201 671 2290 4γάρ
695 2207 745 2269 καί
770 2207 831 2270 ἐστι
855 2212 971 2288 πνεῦμα
992 2203 1079 2290 άγιον
1102 2203 1239 2288 θένττιδν,
1269 2200 1330 2270 ύπδ
1352 2204 1472 2269 πάντων
1524 2205 1525 2210 '

315 2308 594 2393 προςκσνούμενον,
623 2314 714 2372 πᾶσιν
740 2305 930 2391 ἐπιπύθητον
951 2316 1013 2385 τοῖς
1032 2313 1169 2392 κτίσμασί
1185 2333 1214 2372 τε
1231 2309 1283 2372 καί
1300 2305 1472 2388 ποιήμασιν,

316 2409 414 2476 ούδενλ
445 2406 648 2491 ἐξισούμενον,
678 2409 736 2474 ούιι
757 2407 882 2498 άγγέλςο,
906 2409 942 2476 ού
972 2409 1116 2492 πνεύματι
1147 2411 1252 2499 ἑτέρρτ,
1286 2407 1342 2474 ἄλλ’
1368 2405 1473 2474 ἐνιαύν.

313 2509 435 2593 Ἐπειδή
453 2509 508 2596 γάρ
523 2513 573 2576 τιαλ
585 2511 677 2576 πολλά
693 2511 844 2595 πνεύματά
859 2516 929 2592 ἐστι,
940 2521 1028 2579 τοῦτο
1043 2515 1075 2578 δέ
1089 2512 1240 2580 άνοίτατον
1252 2510 1375 2578 πάντων
1390 2535 1475 2576 πνεν-

317 2613 429 2697 μάτων,
452 2609 494 2689 ιδς
509 2611 545 2678 δν
558 2612 605 2679 άεὶ
618 2617 652 2680 ἐιι
667 2613 789 2700 πατρδς,
811 2619 862 2681 καί
877 2615 919 2700 μή
936 2615 997 2682 άπδ
1013 2623 1072 2682 τῶν
1084 2614 1180 2682 άλλων
1192 2622 1252 2681 τῶν
1266 2618 1296 2692 ἐξ
1310 2613 1369 2680 ούιι
1383 2613 1476 2680 ὄντων

322 2717 511 2802 ογενομένων
528 2713 572 2781 ὅν.
620 2715 720 2782 Πολλά
742 2717 798 2802 γάρ
815 2721 875 2784 ἐστι
889 2718 1058 2802 πνεύματα,
1088 2723 1123 2784 ἓν
1145 2719 1177 2784 δέ
1192 2715 1225 2784 vo*
1244 2717 1332 2804 άγισν
1348 2724 1476 2797 πνεῦμα,

320 2920 405 3006 ἅγιον
421 2928 513 3000 θεοῦ,
543 2919 603 2988 α’πδ
624 2923 657 2988 δέ
674 2929 751 2989 θεοῦ
767 2927 816 2990 καί
839 2927 870 2990 ἐν
884 2930 957 3013 θεῷ.
998 2922 1086 2990 Ἀλλά
1103 2920 1148 2989 'o‘
1165 2924 1218 3007 μέν
1235 2919 1399 3008 μονογενὴς
1413 2919 1479 2996 νίδς

320 3021 543 3107 άνατάληπτος,
572 3023 606 3090 τδ
622 3026 655 3090 δέ
669 3034 785 3111 πνεῦμα
801 3025 1022 3110 άκατάληπτον,
1046 3028 1079 3093 ἐκ
1094 3033 1171 3092 θεοῦ
1187 3025 1233 3104 δέ,
1256 3028 1307 3090 καί
1320 3024 1378 3091 οῦν
1395 3023 1479 3089 ἄλλο’-

320 3151 402 3211 τριαν
419 3123 534 3213 πατρδς
553 3130 604 3194 καί
619 3131 697 3195 νίοῦ.
744 3127 789 3195 Ού
805 3137 977 3220 ίσνναλιφῇ
992 3132 1026 3195 δέ
1041 3131 1101 3196 ἐστι
1117 3131 1207 3214 πατρί
1223 3133 1272 3194 καί
1289 3131 1354 3216 ”¹9⁵-
1397 3125 1480 3192 Ἀλλά

321 3225 404 3311 τριάς
425 3229 472 3294 άεί
496 3222 573 3295 οδσα
594 3239 646 3313 τῆς
670 3229 763 3316 αύτῦγς
787 3233 905 3312 οὐσίας,
938 3231 991 3316 σύγ
1006 3234 1107 3316 ἓτέριις
1121 3231 1225 3308 ούσίας
1242 3229 1324 3315 παρά
1339 3229 1394 3316 τὴν
1411 3229 1480 3296 θεά·

322 3356 409 3412 τητα,
432 3329 486 3414 οὐχ
499 3334 583 3418 ἐτέρα
599 3333 709 3417 θεότης
724 3335 806 3420 παρά
824 3334 879 3417 τὴν
898 3335 1020 3414 οὐσίαν,
1045 3331 1141 3400 9σίλλδι
1159 3331 1361 3416 αύτοθτάτης,
1383 3336 1434 3398 καὶ
1450 3335 1480 3397 ίτ

322 3439 375 3512 τῆς
388 3433 481 3516 αὐτῆς
495 3435 641 3518 θεότητος
661 3436 729 3514 υίδς
753 3441 803 3503 καί
820 3437 852 3504 τδ
872 3435 960 3523 άγισν
985 3446 1108 3521 πνεῦμα.
1153 3439 1215 3502 Καί
1234 3435 1266 3502 vo*
1291 3437 1345 3518 μὲν
1365 3443 1482 3516 πνεῦμα

322 3541 439 3616 πνεῦμα
454 3535 548 3624 άγισν,
571 3537 589 3604 δ
604 3541 635 3604 δέ
650 3541 715 3616 νίδς
729 3541 802 3618 υίός.
852 3540 892 3607 T&
907 3542 939 3606 δὲ
954 3548 1070 3622 πνεῦμα
1092 3537 1173 3624 παρά
1189 3537 1302 3622 πατρδς
1323 3535 1483 3620 ἐκπορευό-

195 3673 247 3718 pag.
259 3663 304 3708 σοι.
323 3663 413 3721 μενον
426 3639 477 3703 καλ
491 3647 544 3706 τοῦ
557 3645 626 3706 υίοῦ
641 3643 808 3726 λαμβάνον,
832 3647 960 3728 ἐρεννολν
975 3642 1012 3708 τά
1026 3643 1110 3727 βάθη
1125 3649 1179 3709 τοῦ
1195 3647 1282 3721 θεοῦ,
1307 3641 1484 3726 άναγγέλλον

324 3738 359 3805 τά
379 3745 449 3806 υἱοῦ
473 3743 503 3806 ἐν
518 3741 635 3833 κόσμῳ,
668 3742 804 3830 άγτάζσν,
828 3745 931 3831 άγίσνς
952 3753 1104 3812 10ποιοῦν
1120 3743 1170 3811 διδ
1187 3752 1241 3827 τῆς
1258 3742 1393 3828 τριάδος·
1425 3745 1481 3823 τρί·

323 3869 377 3908 τσν
400 3851 437 3934 τῇ
460 3842 603 3934 ὀνομασίᾳ
631 3847 745 3933 (ἐπειδη
766 3848 787 3933 ἦ
808 3849 890 3933 τριάς
912 3854 971 3917 ἐστι
995 3847 1109 3933 πατὴρ,
1138 3851 1190 3913 καὶ
1212 3846 1293 3927 νὶδς,
1324 3847 1375 3910 ιιαλ
1401 3843 1483 3930 άγιον

325 3951 459 4029 πνεῦμα»
480 3943 675 4027 Ἆθῑδθόνῐῑς
691 3951 758 4038 γᾶρ,
781 3955 866 4036 φησί,
889 3959 1049 4036 βαπτίσατε
1064 3955 1106 4028 εἰς
1121 3948 1153 4016 τδ
1172 3947 1267 4031 ὄνομα
1285 3955 1341 4014 τοῦ
1363 3944 1482 4032 πατρδς,

362 4153 419 4203 θεν.
438 4155 483 4206 XI.
501 4185 534 4195 -
572 4158 591 4208 ί.
617 4154 666 4212 ῦπδ
683 4163 720 4210 εδ.
741 4163 823 4214 Ριίον.
844 4165 888 4216 οο-
957 4157 981 4212 4.
1001 4157 1184 4227 „Expunxerim
1203 4153 1273 4224 γάρ’(
1298 4159 1381 4209 Ρτλσσ.
1413 4157 1483 4204 Vocu-

326 4223 372 4271 ίωι
389 4229 469 4286 προσ,
486 4227 573 4274 αἰτίαιν.
922 4235 970 4282 lam
984 4229 1029 4282 καὶ
1041 4235 1093 4292 pou
1107 4225 1157 4294 γάρ
1171 4243 1218 4278 non
1236 4229 1303 4276 λσδτῑ
1321 4227 1374 4276 wd-
1391 4224 1484 4284 θδθδῑλ·

362 4307 386 4354 ‘2-
403 4306 462 4369 περὶ
484 4306 559 4373 μα’νον
582 4313 626 4363 τοῦ
652 4308 725 4380 άγίοσ
746 4311 888 4382 πνεύματος
957 4317 981 4366 5.
999 4309 1079 4366 ίνικδν
1093 4318 1126 4364 est
1141 4314 1251 4362 Οοεοσείι·
1265 4312 1399 4361 emendatio
1425 4309 1486 4358 λλδτί

327 4376 399 4422 verba
420 4377 554 4427 τταίδετιοιί
578 4382 608 4428 σὺ
630 4383 660 4430 εδ
691 4383 766 4433 Ρελον
810 4387 888 4438 σολον.
923 4387 984 4435 em'm
1001 4385 1085 4432 λοδεοί
1104 4377 1206 4433 emam
1249 4382 1360 4430 Ρελονίιιι
1380 4379 1486 4428 mmm

327 4447 398 4502 repet.
923 4457 984 4503 ίιιίει·
998 4445 1079 4503 λνικδν
1096 4455 1118 4500 τί
1135 4445 1252 4502 ἐνοικοῦν.

362 4525 386 4580 δ.
404 4525 455 4578 τῶν
473 4529 508 4578 εδ
526 4533 608 4582 Ρτίαν.
627 4536 706 4586 colon.
722 4543 793 4602 νερτλ
958 4533 983 4588 6.
1000 4532 1140 4600 γινομένων
1164 4535 1247 4596 ιωλμιί
1269 4533 1414 4585 Cornum
1438 4527 1487 4596 (λιίί
