3068 5008
448 313 775 370 suscsrflsuuuoats
1133 303 1194 364 545

39 456 90 500 nes
112 445 143 499 et
160 431 268 500 Nohmi
292 445 425 520 tempora
451 435 666 521 perseveravit.
721 432 780 517 Qui
806 430 1014 499 barbarismus
1039 443 1196 520 propterea

38 538 142 602 dicitur
158 539 234 621 quod
252 537 445 603 vetustissimi
461 537 502 601 illi
519 536 684 602 mortalium
703 557 798 623 neque
818 549 930 602 certum
950 536 1075 621 aliquem
1094 547 1196 600 aucto·

37 661 98 704 rem
116 640 279 720 habebant,
304 661 360 703 nec
376 638 455 704 inter
474 661 508 703 sc
527 640 763 718 consentiebant,
787 641 839 703 sed
857 639 1057 724 unusquisque
1074 659 1127 724 pro
1143 657 1196 702 sua

36 743 187 807 voluntate
212 743 301 806 vitam
322 742 511 822 instituebat,
544 764 581 807 ac
594 765 649 829 pro
664 743 730 827 lege
746 763 830 808 suum
851 745 973 827 quisque
990 751 1091 804 nutum
1108 750 1196 824 atque

35 846 188 910 arbitrium
210 844 266 910 sihi
289 846 483 930 proponebat.

120 945 308 1030 Scythismus
323 968 341 1010 a
359 945 468 1012 Noe'mi
497 947 677 1034 temporibus
695 949 731 1011 ad
759 969 851 1033 usque
876 946 966 1010 turris
987 955 1017 1010 et
1035 943 1197 1030 Babylonis

37 1050 330 1128 exaedificationena,
361 1071 397 1113 ac
416 1059 483 1135 post
505 1050 607 1114 turrim
634 1051 734 1135 paucis
749 1051 842 1113 adhuc
859 1049 945 1114 annis
963 1048 1108 1126 obtinuit,
1143 1047 1197 1110 hoc

35 1165 82 1218 cst
100 1154 245 1238 usquead
262 1149 373 1216 Pholec
386 1164 417 1216 et
431 1151 566 1236 Rhagau‚
592 1151 640 1237 qui
657 1153 693 1216 ad
710 1150 858 1236 Europum
875 1161 1062 1216 transeuntes
1075 1150 1105 1212 in
1121 1145 1199 1234 Scy·

34 1257 125 1320 thiam
151 1277 185 1321 ac
205 1256 341 1321 nationes
358 1255 501 1319 eiusmodi
520 1264 713 1340 penetrarunt
731 1255 766 1318 ab
783 1254 887 1320 There
907 1252 1086 1339 temporibus
1106 1263 1136 1316 et
1155 1251 1198 1315 nl·

36 1369 101 1438 tra,
125 1380 142 1421 a
165 1379 223 1444 quo
244 1355 380 1422 Thraces
403 1357 517 1422 oriundi
541 1368 621 1422 suut.

123 1561 324 1628 llellenismus
343 1563 440 1650 coepit
455 1585 472 1626 a
490 1561 616 1628 Seruchi
634 1562 825 1648 temporibus.
872 1559 957 1627 Unde
976 1561 1121 1626 idolorum
1138 1557 1200 1623 cul·

35 1679 86 1730 tus
112 1666 224 1731 initium
250 1665 361 1729 hahuit.
408 1661 541 1750 Cumque
568 1675 636 1729 tunc
660 1667 801 1752 temporis
821 1665 893 1729 lalsa
912 1665 1036 1750 quisquc
1057 1661 1200 1747 supersti-

35 1770 120 1834 tione
136 1770 310 1846 duceretur,
342 1768 481 1854 deinceps
508 1768 672 1832 civiliorem
696 1771 731 1834 ad
757 1791 860 1847 usum,
891 1779 921 1831 et
944 1769 981 1832 ad
999 1778 1098 1831 certas
1118 1766 1200 1849 leges

34 1872 320 1955 simulacrorumque
349 1871 424 1935 ritus
455 1871 588 1935 homines
618 1892 686 1936 sese
719 1873 945 1936 transtulerunt.
996 1866 1130 1953 Quorum
1161 1889 1201 1930 ex

35 1975 222 2060 praescripto
245 1973 303 2037 sihi
328 1975 399 2038 deos
424 1973 585 2038 tinxerunt.
638 1974 686 2038 lle
710 1975 833 2060 primum
859 1995 911 2038 eos
937 1995 1010 2058 quos
1035 1971 1201 2035 inhonore

35 2076 185 2162 qnondam
203 2075 391 2155 habuissent,
415 2077 479 2140 sive
500 2087 654 2162 tyrannos,
679 2087 730 2140 ant
746 2076 997 2162 praestigiatores,
1022 2075 1071 2160 qui
1091 2093 1202 2136 memo-

33 2179 132 2243 rabile
150 2179 284 2263 quiddam
300 2179 329 2242 in
345 2178 405 2242 vita
425 2181 555 2244 lecerunt
573 2200 608 2243 ac
627 2179 806 2242 fortitudinis
823 2191 852 2242 ct
868 2179 984 2242 roboris
1002 2177 1117 2242 illustre
1135 2195 1203 2260 spe-

34 2282 136 2346 cimen
151 2280 313 2360 ediderant,
339 2282 498 2366 depingere
513 2281 662 2346 coloribus
674 2293 704 2346 et
720 2273 885 2346 assimilare
901 2281 1048 2346 solebant.
1092 2275 1202 2342 Postea

34 2405 116 2448 vero
132 2384 168 2446 ab
186 2380 286 2447 Thare
303 2385 395 2470 patris
413 2384 554 2448 Abraanai
572 2396 703 2470 tempore
720 2385 885 2449 simulacris
901 2406 937 2448 ac
955 2382 1060 2449 statuis
1078 2381 1202 2446 eundem

34 2506 176 2551 errorem
200 2485 384 2550 idololatriae
409 2498 619 2573 propagarunt.
665 2486 783 2574 Quippe
805 2486 932 2552 maiores
949 2507 1020 2552 suos
1038 2483 1204 2550 simulacris

33 2591 235 2652 honestantes
250 2609 285 2652 ac
299 2599 434 2653 mortuos
447 2589 570 2675 primum
588 2600 652 2654 arte
673 2591 771 2675 figlina
790 2600 903 2654 statuas
922 2591 1117 2668 effinxerunt,
1141 2598 1202 2650 tum

34 2693 77 2756 ad
94 2713 199 2756 omnes
212 2701 292 2755 artes
307 2691 439 2756 imitandi
453 2693 589 2778 pervenit
605 2693 761 2758 industria.
806 2691 885 2758 Nam
898 2704 928 2758 et
944 2692 1096 2758 architecti
1113 2687 1203 2755 sectis

32 2792 206 2880 lapidibus,
238 2793 401 2878 argentarii
425 2805 456 2858 et
478 2796 614 2860 aurifices
630 2817 685 2860 nec
703 2819 761 2860 non
778 2807 808 2860 et
824 2796 900 2860 labri
915 2817 969 2860 sua
984 2794 1091 2880 quique
1112 2803 1204 2857 mate·

33 2900 100 2976 ria,
126 2917 161 2960 ac
176 2896 281 2982 reliqui
295 2898 433 2982 deinceps
449 2899 559 2982 effigies
574 2900 664 2963 moliti
682 2911 761 2964 sunt.
809 2897 898 2963 Primi
916 2899 1044 2963 omnium
1063 2894 1205 2980 Aegyptii

32 3023 76 3066 sc
93 2997 271 3086 babylonii,
302 3020 357 3063 neo
375 3021 433 3063 non
459 3012 488 3064 et
504 2999 640 3088 Phryges
660 3023 695 3066 ac
711 3000 876 3066 Phoenices
894 2999 1092 3088 superstitiosi
1109 2999 1205 3062 cultus

33 3117 72 3170 et
89 3103 315 3168 simulacrorum
333 3124 368 3165 ac
386 3103 592 3189 mysteriorum
610 3116 748 3170 auctores
766 3105 941 3169 extiterunt.
978 3107 1007 3168 Α
1023 3102 1128 3188 quihus
1144 3101 1205 3185 ple·

33 3226 137 3291 raquo
156 3215 226 3269 suot
247 3207 282 3270 ad
299 3202 433 3270 Graecos
455 3207 612 3288 translata,
644 3211 703 3274 iam
729 3219 788 3272 tum
807 3207 844 3271 ab
866 3218 964 3272 aetate
981 3203 1144 3290 Cecropis,
1176 3214 1206 3267 et

33 3311 198 3394 deinceps.
243 3305 354 3372 Postea
371 3329 445 3372 vero
464 3310 552 3395 louge
571 3311 686 3376 demum
704 3310 862 3375 intervallo
877 3308 1052 3392 Saturnum,
1065 3307 1204 3396 Rhesum,

35 3413 172 3492 lovem,
196 3410 415 3496 Apollinemne
432 3410 563 3497 reliquos
579 3413 651 3479 deos
668 3413 819 3479 celebrare
834 3423 1007 3499 coeperunt.

135 3597 244 3665 Graeci
268 3620 375 3664 nomen
393 3599 429 3664 ab
447 3599 572 3664 llelleue
592 3601 716 3684 quodam
735 3601 831 3666 sortiti
848 3611 934 3680 sunt,
967 3601 1015 3686 qui
1032 3599 1062 3664 iu
1078 3597 1208 3665 Graecia

35 3707 163 3788 degens
178 3703 205 3767 ei
219 3702 333 3788 regioni
352 3704 575 3787 appellationem
589 3703 703 3767 indidit.
751 3701 828 3769 Sunt
844 3703 893 3790 qui
913 3703 949 3768 ah
966 3704 1066 3780 elaea,
1090 3701 1147 3766 hoc
1162 3711 1209 3764 cst

35 3809 145 3884 oliva,
169 3825 244 3889 qnae
259 3806 386 3874 Athenis
404 3819 509 3872 exorta
526 3818 588 3886 est,
612 3818 795 3892 nuncupatos
809 3826 877 3872 esse
895 3807 999 3872 velint.
1046 3803 1140 3869 liuius
1156 3821 1208 3886 ge-

36 3910 132 3977 neris
156 3920 294 3974 auctores
317 3930 350 3973 ac
374 3911 542 3975 conditores
563 3909 653 3974 lones
677 3911 811 3988 luerunt,
846 3920 878 3973 nt
901 3931 939 3974 ex
961 3907 1146 3974 accuratiore
1165 3904 1209 3968 hi-

36 4013 145 4080 storia
159 4020 293 4092 constat,
323 4013 371 4097 qui
391 4011 428 4075 ah
446 4009 520 4078 lone
536 4013 659 4097 quodam
681 4011 816 4099 appellati
836 4024 905 4076 sunt
921 4011 1008 4078 unius
1027 4029 1128 4076 eorum
1149 4006 1209 4072 lilio

40 4116 102 4202 qui
121 4116 225 4179 turrim
244 4125 468 4180 exstruxerunt.
515 4112 610 4198 Quam
626 4115 662 4178 oh
677 4136 811 4180 caussam
830 4111 971 4199 Meropes
990 4112 1125 4198 appellati
1141 4122 1210 4176 sunt

37 4243 68 4288 tm
91 4250 141 4298 quo
160 4249 222 4284 om.
238 4249 276 4297 pr.
297 4236 390 4284 videtur
408 4237 479 4298 [abac
502 4228 615 4300 ἄμυντη·
647 4233 824 4300 παριλομένου.

39 4305 122 4374 planu,
139 4317 212 4366 muna
229 4305 371 4364 sculptarum
385 4308 462 4354 tuettsr
476 4306 547 4354 ulum
563 4303 616 4352 eod.
684 4302 725 4353 4‘2.
750 4302 804 4356 υἱοῦ
828 4305 882 4353 sdtt.
899 4303 980 4353 Petcu.
1015 4303 1064 4352 Sed
1084 4305 1139 4351 tutet
1161 4302 1210 4363 soa-

38 4374 141 4434 Pam's,
157 4376 211 4420 teste
228 4371 330 4421 Petuolo.
648 4376 709 4422 mare
727 4385 812 4422 nmen
832 4365 944 4422 ’luduin
982 4371 1017 4433 Cf.
1038 4372 1113 4432 Epist.
1130 4371 1164 4418 ud
1179 4373 1210 4418 A·

79 4437 127 4492 39.
145 4428 166 4500 ri
181 4431 231 4490 atat
246 4439 314 4488 codd
329 4453 384 4490 msa.
401 4441 491 4491 cludit.
506 4443 580 4504 palae
648 4453 699 4490 ecc.
714 4455 739 4504 p.
752 4439 788 4492 te.
803 4453 869 4488 meua
883 4439 936 4488 edit
957 4439 1084 4489 Gornurius
1096 4441 1163 4489 ucrtll
1179 4436 1211 4486 ab

81 4505 129 4560 40.
149 4503 252 4572 ἱλλήνου
268 4507 336 4557 codd.
349 4521 404 4558 mas.
420 4511 441 4556 ct
456 4511 492 4559 ed.
507 4511 583 4572 palae.
653 4509 722 4570 lone,
741 4522 790 4557 uno
806 4505 917 4574 quodam
932 4507 985 4557 ciro
1001 4523 1032 4556 ex
1046 4505 1083 4557 his
1099 4505 1141 4574 qui
1157 4515 1211 4555 tur-

82 4573 132 4628 41.
148 4576 216 4625 La'bri
230 4580 280 4624 wta
296 4577 377 4638 sama
391 4589 464 4638 quum
480 4577 536 4628 sdtla'
550 4579 622 4640 culpo
655 4577 703 4628 rim
720 4573 922 4627 aedificaverunt.

104 4659 197 4715 corpo·
220 4655 427 4704 moenalus.
966 4665 1007 4730 35
