3060 5026
279 299 419 355 rtnnnn
436 302 556 354 nunno.
573 300 657 360 non.
670 305 701 356 n.
718 302 819 356 nnnn.
831 303 964 356 cxxvn.
1140 291 1204 358 377
1330 273 1334 283 ’

65 418 158 484 tionem
179 419 266 484 uiimn
291 423 439 486 extricare
465 433 612 508 poterent.
658 420 707 487 Ex
730 423 766 488 iis
784 425 871 508 longe
891 422 1080 490 noerbissinno
1102 425 1204 490 dolore

64 541 92 584 uc
107 523 234 587 molestie
257 545 359 588 smnus
375 524 490 605 adecti,
526 527 601 610 quod
621 525 699 590 inter
725 527 893 612 praeclaros
917 527 983 591 illos
1001 549 1037 592 nc
1056 529 1141 593 leude
1161 530 1204 593 di-

62 645 127 708 gnoe
145 627 247 691 trntrcs
267 637 385 692 nostros
400 613 506 692 tnntne'
518 629 722 694 contentiones
736 651 772 695 nc
789 630 954 695 simultates
971 630 1202 710 intercederent,

60 737 88 790 nt
101 740 250 814 perpetuus
269 729 298 792 in
316 751 371 794 nos
388 730 589 796 dissensiones
611 732 877 816 importunissimus
896 732 945 797 ille
969 733 1088 797 bumnni
1112 753 1204 817 geue-

61 830 96 892 ris
118 830 205 895 hostis
231 832 363 896 dinboius
385 833 531 897 immittet.
586 831 625 897 m
650 855 722 898 vero
746 834 797 898 tuti
822 835 850 896 in
878 835 990 898 erroris
1014 845 1201 920 argumento,

60 932 172 1012 iratres,
206 934 361 1022 praecipue
381 937 521 1020 quaedum
543 937 623 998 treus
641 936 905 1000 circumveniendis
928 937 1078 1002 huminum
1098 938 1203 1002 monti·

58 1032 105 1098 hus
121 1036 302 1101 versnbntur.
349 1036 417 1101 Nisi
436 1038 513 1102 enim
530 1038 566 1102 de
585 1059 618 1101 ee
635 1059 668 1103 re
687 1039 770 1103 initio
789 1041 866 1102 iuret
884 1042 1013 1104 excitate
1032 1040 1201 1126 disputatio,

59 1137 290 1222 simplicissimum
316 1141 450 1225 quiddam
473 1151 549 1204 erat.
602 1139 733 1226 Ecquem
757 1141 834 1205 enirn
859 1143 967 1206 mundo
989 1143 1105 1206 novitus
1130 1143 1203 1208 hoen

59 1240 199 1306 utilitatem
216 1243 378 1307 conscivit?
401 1255 452 1308 unt
470 1243 537 1327 quid
553 1244 698 1308 ecciesiae
713 1245 842 1330 profuiti
883 1242 995 1309 Nonne
1013 1243 1204 1311 vehementer

57 1344 157 1421 nocuit,
181 1367 246 1410 cnm
266 1345 436 1409 intestinum
453 1346 549 1410 odium
567 1347 801 1430 simuttetemque
816 1347 972 1412 conducit?
1014 1345 1073 1413 Sed
1092 1347 1139 1411 ubi
1155 1369 1204 1412 se-

57 1443 105 1507 mel
122 1448 226 1530 dogma
241 1447 311 1511 ittnt
330 1449 424 1534 coepit
448 1469 620 1533 emergere,
654 1449 1086 1530 formidolosissimum,estitit.
1131 1449 1203 1515 Non

57 1546 123 1609 enim
139 1551 173 1611 nd
193 1551 405 1635 expeditiorem
423 1551 549 1637 utiquam
566 1552 671 1616 scintis
695 1563 815 1616 nostroe
840 1552 918 1617 vium
937 1574 972 1616 sc
994 1552 1138 1617 rationem
1156 1573 1203 1617 re-

57 1649 150 1714 tertur.
197 1647 381 1738 Quicumque
397 1673 470 1718 reru
488 1677 547 1718 non
566 1654 595 1718 in
615 1655 670 1719 hnc
689 1657 774 1719 modo
795 1665 893 1739 perte,
927 1657 980 1720 sed
998 1654 1046 1720 rei
1069 1655 1203 1719 inieris·

55 1749 117 1814 sime
140 1755 237 1838 ntiqou
261 1757 416 1820 veritatem
434 1758 553 1822 minime
571 1759 740 1843 profitetur,
775 1759 859 1822 iidem
876 1757 902 1822 is
917 1758 1052 1838 eiurnsse
1069 1758 1204 1822 censebi-

55 1863 104 1916 tur.
148 1854 264 1944 Quippe
281 1881 317 1922 ne
333 1861 362 1923 in
379 1860 498 1924 minimo
514 1861 629 1944 quidem
647 1881 663 1923 n
679 1861 812 1924 veritatis
831 1859 877 1924 vin
897 1861 1053 1926 deflectere
1073 1871 1200 1948 oportet.

55 1952 235 2046 Quapropter
257 1962 343 2024 etimn
372 1963 516 2028 adversus
542 1963 709 2049 opinionem
725 1963 803 2028 iiinm
826 1964 1028 2049 disputemus,
1062 1985 1126 2027 cum
1148 1984 1202 2026 nec

53 2057 204 2124 abhorrere
223 2083 239 2125 a
255 2064 317 2127 uite
337 2076 459 2145 nostru,
491 2087 587 2150 neque
611 2076 733 2129 snnctne
751 2065 797 2128 dei
815 2066 977 2146 ecclesius,
1010 2065 1133 2150 fideiqne
1154 2086 1203 2128 re·
1230 2085 1234 2090 ·

53 2163 138 2242 guium
161 2165 304 2230 deserere
320 2157 409 2232 ¹omni
428 2189 482 2252 ope
500 2169 681 2232 studeamus.
726 2165 835 2232 Nullus
852 2169 929 2232 enim
953 2189 1078 2252 unqnnm
1095 2188 1136 2232 ex
1150 2187 1203 2233 vo·

53 2266 154 2331 teribus
169 2268 240 2334 iliud
258 2271 405 2348 asseruit,
439 2292 496 2334 non
519 2271 677 2358 prophete,
711 2292 770 2334 non
792 2271 960 2356 apostotus,
994 2290 1053 2334 nun
1073 2289 1202 2355 evenge-

53 2365 126 2447 listn,
150 2393 211 2436 non
228 2371 421 2457 interpretum
443 2374 565 2458 aliquis,
599 2375 647 2459 qni
672 2373 709 2436 nd
728 2385 860 2438 nostrum
880 2393 972 2459 usque
994 2384 1106 2458 tempus
1124 2371 1202 2437 exti-

53 2479 161 2551 terunt,
197 2495 290 2559 aquo
313 2474 473 2560 sophistice
497 2476 546 2540 itta
566 2475 806 2560 cerittutorinqne
826 2497 886 2540 vox
905 2496 944 2540 ex
961 2475 1152 2540 eruditissimi
1168 2475 1204 2539 it-

52 2569 101 2636 iim
118 2575 246 2640 huminis
263 2597 317 2640 ore
336 2579 493 2662 processit.
539 2576 609 2642 Non
634 2578 711 2643 enim
734 2577 912 2643 mediocrem
929 2579 1081 2644 literarum
1106 2577 1203 2642 scien·
1261 2597 1264 2602 ·

50 2673 110 2738 tienr
129 2679 226 2742 fueret
241 2679 291 2743 itte
315 2691 512 2758 consecutus,
544 2703 609 2745 cnm
627 2692 658 2745 et
677 2681 897 2746 hermeninribns
915 2679 1098 2766 Graecisque
1116 2680 1203 2746 disci-

49 2777 126 2859 plinis
148 2793 232 2845 esset
253 2783 408 2863 excultus,
443 2794 473 2848 et
491 2784 674 2848 dialecticem
692 2804 727 2847 uc
745 2783 931 2870 sophisticam
953 2794 1046 2847 artem
1070 2783 1203 2869 inprimis

51 2881 179 2963 calleret,
214 2895 295 2949 esset
319 2885 395 2949 idem
418 2906 507 2970 porro
524 2885 682 2972 praecipua
701 2887 732 2950 iu
750 2887 829 2950 omni
847 2887 907 2950 rite
925 2885 1072 2969 grunitnte
1089 2886 1203 2968 proedi-

50 2991 104 3062 tns,
137 2987 200 3050 imo
216 3007 289 3052 vero
305 2999 337 3051 et
353 2987 527 3054 orthodoxis
546 2989 698 3069 omnibns,
732 3001 888 3074 antequam
914 2988 1078 3052 istiusmodi
1098 2989 1205 3072 dogma

50 3101 238 3174 proponeret,
263 3091 351 3176 longe
367 3091 550 3156 carissimus.
598 3089 766 3175 Quinetiam
781 3103 811 3156 et
828 3091 948 3155 exitium
968 3088 1109 3154 sustinuit
1126 3091 1202 3176 qnod

49 3188 162 3256 Arianis
188 3193 327 3256 assentiri
352 3193 454 3256 nollet.
500 3190 560 3258 Sed
588 3194 655 3278 qnid
681 3194 788 3258 ottinet
814 3193 944 3280 pluribus
970 3192 1026 3257 iste
1045 3194 1203 3279 prosequi?

49 3287 183 3377 Magnum
208 3294 328 3358 omnino
350 3296 481 3359 dotorem
505 3316 540 3359 cu
563 3315 613 3358 res
636 3296 721 3360 nobis
743 3297 856 3378 uttntit,
893 3306 923 3360 et
945 3296 1081 3360 acerbum
1113 3295 1203 3360 vitam

48 3397 185 3478 reddidit,
211 3397 348 3483 quonium
372 3398 505 3462 diabotus
527 3399 662 3462 molestie
685 3420 758 3479 nos,
784 3411 816 3463 ut
836 3419 925 3485 saepe
948 3398 1040 3478 dixit,
1064 3399 1142 3464 solet
1159 3399 1203 3464 nf-

48 3496 138 3564 dcere.

122 3601 185 3670 Sed
207 3625 284 3668 nnnc
301 3605 337 3668 de
355 3604 410 3668 hoc
429 3612 603 3688 argumento
623 3603 771 3690 disputare
789 3603 965 3688 aggredior,
991 3626 1028 3668 ns
1047 3604 1146 3684 uilem,
1171 3613 1203 3668 ut
1252 3625 1313 3694 cap.

47 3701 121 3770 initio
135 3706 255 3785 monui,
280 3707 414 3771 veritatis
431 3718 541 3791 pentem
558 3707 801 3790 praetermittam.
847 3705 926 3791 Quid
944 3709 1033 3792 igitur
1049 3729 1104 3771 nos
1120 3706 1202 3773 udin·
1230 3695 1329 3748 XXVI·

47 3819 90 3871 rut
114 3811 193 3894 qnod
219 3809 254 3874 ub
274 3820 422 3894 assumpte
448 3810 573 3873 huminis
597 3809 627 3873 in
647 3805 767 3874 Christo
791 3820 896 3874 nutura
920 3821 1048 3874 ruentem
1071 3809 1203 3873 excindi·

48 3913 123 3974 nus?
167 3910 247 3977 Nem
266 3913 290 3976 si
309 3933 345 3974 eo
366 3912 506 3996 cogitatio
523 3922 624 3976 nostre
641 3913 810 3995 perducitur
827 3923 858 3978 ut
873 3913 991 3977 domino
1012 3901 1115 3975 nostro
1134 3909 1202 3976 iesu

48 4006 181 4095 Christo,
216 4035 250 4079 nc
270 4017 326 4079 deu
348 4016 458 4092 uerbo,
490 4015 594 4100 deique
618 4015 695 4095 titio,
730 4016 816 4080 ntitn
841 4015 985 4093 dixerim,
1016 4013 1200 4091 subveniret,

49 4112 86 4190 si,
110 4115 248 4201 ioqnern,
273 4129 400 4182 mentem
418 4117 485 4181 ideo
503 4118 583 4182 illum
603 4118 798 4203 assumpsisse
814 4137 973 4202 negemus,
999 4127 1030 4179 ut
1046 4137 1100 4194 ne,
1125 4117 1203 4201 qnod

46 4218 76 4279 td
97 4220 280 4284 divinitatem
305 4220 450 4305 pertinet,
482 4220 622 4284 interiore
649 4220 730 4284 ilium
753 4241 820 4284 esse
844 4221 909 4283 inco
932 4220 1080 4298 dicemus,
1114 4219 1202 4304 longe

73 4351 96 4405 t.
115 4349 145 4408 mi
159 4359 243 4408 uitium
259 4362 292 4408 est
307 4359 361 4409 edit
374 4359 455 4410 Petnu.
474 4360 553 4408 Coton.
567 4371 605 4408 re·
638 4359 701 4422 onon
724 4361 820 4408 vertum
842 4359 948 4409 stmtttter
969 4363 1109 4420 usurpatum
1132 4359 1203 4410 tetes

43 4429 96 4541 mm
123 4497 232 4544 Fortasse
251 4497 399 4546 contuendum
422 4501 605 4562 ouuxernuuum,
644 4423 849 4546 haginffltdtdgt.
869 4521 901 4533 -
937 4497 957 4545 t.
976 4493 1149 4562 προτιμότερα
1164 4499 1203 4550 ute

44 4561 76 4609 td
92 4561 319 4632 συγκαταβαίνειν,
345 4569 388 4614 not
405 4567 605 4635 ωγκαταβῆναι,
640 4567 721 4618 doctus
737 4567 762 4617 r'n
779 4577 856 4631 mnrp.
874 4565 975 4632 tcemptt
992 4565 1129 4620 Scitotttunt.
