3072 5002
319 206 458 260 raanan
475 204 539 262 ms.
550 209 595 260 ιιι.
612 209 694 274 ross.
713 209 732 259 ι.
751 207 850 260 nana.
863 208 983 261 marr.
1172 195 1233 260 125

72 321 204 407 Quorum
221 327 370 412 negotium
389 349 475 392 omne
491 329 602 394 fraudis
616 349 651 394 ac
666 326 815 414 nequitiae
830 328 1029 415 plenissimum
1048 327 1111 394 luit.
1154 327 1233 394 Nam

71 449 134 491 com
154 449 171 492 a
189 449 223 494 se
239 429 367 494 inuicem
382 431 521 516 opinione
543 452 601 496 non
627 432 845 518 discreparent,
881 429 1070 496 nihilominus
1087 443 1184 496 certas
1203 433 1233 496 in
1319 501 1323 510 ,

71 531 217 596 laedones
239 534 346 597 divulsi
365 545 450 611 suot,
483 535 550 598 dum
577 533 707 620 privatas
732 535 810 598 inter
832 555 865 598 se
887 534 1051 598 simultates
1072 545 1233 614 exercente

69 633 255 719 velutiquod
275 633 408 722 Cyrillus
430 635 737 723 Hierosolymitanus‚
772 633 1116 722 etEotycbiusmntuns
1139 636 1235 702 inimi·
1351 647 1354 652 '

69 735 153 800 sitias
183 739 336 817 loverent,
370 735 502 826 Cyrillns
530 761 602 804 vero
629 761 645 804 a
669 737 773 804 Basilii
799 735 941 818 Galatae,
974 752 1005 804 et
1026 741 1154 820 Asiani,
1185 742 1235 826 qni
1290 752 1295 766 ’

69 837 247 904 Antiochiae
266 841 418 906 ordinatos
437 852 502 907 erat
522 843 695 929 episcopus,
725 863 761 906 ae
777 838 900 927 Georgii
919 841 1079 908 Laodiceni
1104 843 1235 930 partibus

69 952 175 1006 staret.
222 940 301 1026 Quid
325 955 422 1008 autem
443 945 548 1009 attinet
563 946 593 1009 in
610 967 712 1009 corum
738 945 870 1010 coetibus
893 945 1036 1030 patientiis
1055 968 1089 1010 ac
1108 937 1236 1011 comme-

67 1046 218 1109 morandis
237 1056 352 1130 tcmpus
369 1050 490 1112 terere?
533 1045 631 1112 Venio
648 1048 739 1133 igitur
755 1048 791 1112 ad
808 1048 875 1112 illos
892 1069 995 1112 omnes
1012 1049 1189 1113 refellendos
1206 1061 1236 1115 et

68 1148 300 1235 uniuscuiusque
327 1151 492 1216 calliditatis
515 1153 705 1215 evertendam
731 1150 900 1236 nequitiam.
947 1147 1007 1215 Sed
1025 1151 1060 1214 de
1076 1151 1120 1216 bis
1138 1152 1231 1239 prins,

68 1271 141 1334 quae
174 1262 278 1337 postea
306 1253 510 1338 contigerunt,
545 1253 700 1318 dicendum
732 1253 860 1318 videtur.
916 1249 997 1317 lstnd
1029 1254 1107 1318 enim
1135 1253 1230 1340 ipsum

68 1354 218 1417 nonnullis
241 1357 276 1419 ad
300 1356 492 1442 probitatem,
516 1355 582 1420 aliis
605 1356 641 1419 sd
666 1353 838 1440 pravitatem
862 1357 963 1420 cessit.

152 1453 272 1520 Etenim
300 1455 441 1523 Meletius
471 1459 508 1522 ab
538 1458 652 1522 Acacio
680 1457 857 1522 Antiochiae
884 1459 1036 1522 ordinatus
1062 1459 1229 1545 episeopus.
1275 1475 1336 1546 cap.

67 1551 219 1644 Deinceps
238 1561 316 1624 enim
333 1561 389 1625 boc
410 1557 538 1626 Aeacius
557 1561 737 1647 propositum
762 1559 875 1641 babuit,
900 1562 1046 1646 paululum
1064 1571 1095 1626 ιιι
1111 1561 1148 1626 ab
1167 1563 1231 1626 illo·
1247 1547 1366 1600 xxvffl·

67 1677 128 1723 rum
145 1663 262 1726 nelarie
280 1665 415 1748 dogmate
431 1664 619 1742 deflecteret,
652 1673 681 1727 et
699 1685 786 1728 unum
804 1683 837 1728 se
860 1685 899 1728 ex
916 1664 1091 1729 orthodoxis
1108 1667 1230 1748 laceret,

67 1763 119 1827 boe
134 1763 201 1851 ipso
219 1766 296 1852 quod
311 1763 463 1832 Meletium
480 1766 509 1830 in
526 1767 574 1830 illa
593 1766 778 1830 ordinatione
791 1767 989 1831 confirmaret.
1037 1763 1152 1854 Quippe
1166 1765 1234 1834 ble-

68 1865 154 1930 letius
175 1867 223 1930 bic
247 1869 283 1931 ab
302 1867 461 1933 Aeacisnis
484 1868 616 1955 partibus
642 1868 819 1934 constitutus
842 1889 914 1936 suae
937 1869 974 1934 ab
992 1868 1064 1955 ipsis
1086 1869 1234 1956 opinionis

66 1987 132 2032 esse
151 1970 340 2036 medebatur.
387 1970 499 2037 Verum
518 1970 593 2035 alios
610 1982 656 2035 est
673 1982 827 2057 repertus,
860 1984 892 2036 nt
909 1973 944 2035 de
962 1992 1000 2034 eo
1017 1971 1147 2058 plerique
1165 1993 1234 2038 nar-

67 2081 143 2136 rant.
191 2070 281 2138 Nunc
304 2073 381 2137 euim
405 2073 452 2158 qui
475 2074 512 2138 ad
532 2073 614 2138 illum
632 2084 663 2137 et
684 2075 719 2138 ad
737 2074 800 2138 eius
818 2085 933 2139 coetum
952 2075 1066 2160 seipsos
1089 2074 1233 2140 adiunxe-

67 2186 152 2254 rant,
177 2197 219 2240 ex
237 2197 274 2240 eo
290 2177 366 2262 quod
384 2177 590 2263 persecutione
606 2175 655 2240 ille
672 2176 809 2258 iactatus,
835 2187 865 2241 et
879 2197 895 2242 e
908 2178 979 2241 aede
995 2197 1047 2240 sua
1063 2177 1232 2242 deturbatus

67 2290 128 2356 est,
154 2279 297 2365 temporis
313 2301 394 2343 mora
414 2291 443 2345 et
460 2279 675 2366 persecutionis
695 2279 907 2366 longinquitate
922 2300 956 2345 se
976 2280 1011 2342 ad
1030 2277 1109 2343 illum
1126 2299 1232 2365 appre-

68 2391 185 2464 gantes,
211 2381 258 2446 dci
274 2403 380 2448 caussa
396 2383 541 2447 sinceram
559 2383 643 2446 lidem
662 2383 905 2468 ιιιιμιιιιιιιιιιιιι.λ
934 2377 1086 2467 Siquidem
1105 2383 1233 2468 compla-

68 2503 115 2548 res
132 2504 173 2548 ex
193 2483 272 2549 illios
294 2485 410 2549 concilii
429 2497 517 2554 coetu
541 2484 638 2570 populi
654 2487 783 2550 'luserunt
802 2487 852 2571 qui
876 2483 1021 2571 episcopis
1044 2483 1233 2570 sibimetipsis

70 2587 228 2672 propositis
251 2587 402 2652 mirificam
427 2590 463 2651 de
484 2585 544 2652 lilio
562 2588 776 2672 professionem
801 2588 870 2652 lidei
894 2607 965 2674 prae
986 2607 1020 2650 se
1039 2587 1149 2668 lerunt,
1177 2607 1233 2652 neo

70 2689 320 2754 consubstantiale
337 2691 504 2776 repudiant,
529 2711 631 2754 rernm
649 2701 766 2778 paratos
787 2711 820 2756 se
838 2711 906 2754 esse
921 2691 1033 2770 dicunt,
1058 2690 1083 2755 si
1100 2690 1232 2776 perlecta

68 2793 198 2876 synodus
231 2802 371 2878 cogatur,
406 2793 483 2858 istud
514 2795 607 2878 ipsum
640 2792 794 2880 proliteri,
820 2813 883 2857 nec
909 2794 967 2858 ullo
991 2794 1079 2856 modo
1103 2811 1227 2877 negaret

69 2889 147 2958 Sane
162 2894 281 2979 quidem
298 2894 354 2958 boo
376 2895 538 2960 venerabili
561 2895 602 2961 illi
626 2894 750 2960 Meletio
772 2895 913 2981 contigit,
938 2895 988 2980 qui
1004 2895 1040 2961 ab
1061 2895 1182 2962 Arianis
1201 2908 1232 2962 et
1343 2946 1348 2959 .

69 2997 170 3061 Aeacii
186 2997 319 3083 partibus
338 2999 515 3063 constitutus
533 3010 578 3064 est
593 2999 716 3087 primum
735 3009 767 3062 ιιι
779 2997 955 3066 Antiochiae
974 2999 1003 3062 in
1019 2998 1148 3064 ccclesia
1165 3019 1230 3064 ser·

69 3119 181 3162 monem
198 3099 235 3164 ad
251 3100 387 3185 populum
410 3102 539 3182 laceret,
563 3123 598 3166 ac
617 3102 699 3166 velut
717 3101 856 3186 quasdam
876 3091 1007 3165 muneris
1022 3101 1068 3168 sui
1086 3101 1230 3186 primitias

69 3200 235 3266 exhiberet.
283 3201 379 3287 Quem
403 3204 517 3289 quidem
540 3225 707 3268 sermonem
731 3203 862 3289 plerique
886 3226 950 3268 eum
970 3215 1051 3268 recta
1079 3204 1136 3268 inde
1159 3223 1230 3268 eou-

68 3317 240 3369 sentanenm
270 3325 337 3370 esse
366 3305 555 3371 confirmant.
601 3305 677 3370 Eum
706 3326 762 3371 nos
793 3306 839 3370 bio
869 3305 1093 3372 adscribendum
1115 3305 1230 3391 putari·

68 3425 130 3471 mus
152 3408 202 3493 qui
225 3418 273 3472 est
295 3408 451 3476 eiusmodi.

289 3681 480 3738 BXEMPLUM
497 3685 663 3738 submonte
681 3688 702 3737 Δ
719 3683 869 3736 ausberto
886 3683 1008 3736 etnam.

150 3805 298 3867 uenena
315 3808 458 3887 pmbetpa'o
478 3809 616 3868 ammonia
637 3809 744 3868 ensium
765 3827 842 3880 esse,
873 3801 1109 3890 sapientissimus
1132 3801 1226 3868 eoele-
1271 3829 1331 3899 (qq,

70 3902 173 3972 siastes
189 3905 330 3972 asseruit.
374 3905 538 3993 Propterea
558 3907 635 3992 quod
651 3929 667 3972 a
685 3907 799 3973 dicendi
826 3906 1016 3972 contentione
1035 3925 1070 3970 ao
1087 3905 1228 3972 sollicita·
1245 3900 1350 3953 '‘ffl-

72 4007 136 4070 dine
164 4031 285 4076 cessare
308 4011 396 4095 longe
423 4021 471 4076 cst
499 4029 585 4095 quam
609 4009 688 4074 illam
711 4009 852 4076 incboare
882 4008 986 4074 melius
1015 4029 1049 4072 ao
1078 4007 1225 4076 securius·
1241 3965 1369 4023 mm

71 4103 246 4176 Praesertim
263 4135 328 4176 oum
347 4113 424 4178 idem
439 4112 485 4178 bio
503 4112 692 4178 ecclesiastes
706 4113 834 4192 dixerit,
865 4116 927 4176 Ista
937 4114 1073 4192 pauperat
1089 4115 1228 4193 amentio
1240 4121 1304 4169 seu.
1315 4122 1337 4179 ⁸,
1349 4119 1383 4170 1⁸·

104 4240 128 4296 4.
144 4244 240 4309 hunnis
254 4251 340 4312 scripsi
358 4263 388 4299 sa
404 4251 520 4300 emendet.
540 4251 629 4302 Corno-
696 4243 721 4299 6.
738 4251 827 4300 Nomen
849 4245 969 4300 Melissos
989 4249 1015 4298 ln
1031 4248 1068 4298 ed
1083 4249 1165 4300 Peleu.
1184 4251 1228 4302 Ga·

71 4316 102 4364 rit
117 4321 136 4365 st
150 4319 250 4370 scaen
284 4319 352 4368 bibet
366 4319 451 4368 bobes
467 4315 580 4378 ἱιιιποῦς.
655 4319 701 4370 ba.
718 4321 789 4380 repet.
806 4331 852 4368 non
869 4321 994 4379 rumpuat.

72 4382 280 4505 fflbqffigspnngo
305 4378 372 4446 aicf‘
404 4388 522 4440 israuca.
548 4388 626 4450 lisele,
692 4381 717 4437 7.
735 4380 897 4440 summisi
912 4384 962 4454 τῆς
977 4385 1103 4438 &lendum
1117 4391 1182 4450 pulo.

178 4469 214 4506 U·
