3066 5016
265 323 404 376 sennan
419 325 484 376 nro.
496 325 541 376 111.
556 325 640 378 nou.
653 325 686 376 n.
703 323 803 376 nasa.
817 323 930 376 uxxx.
1111 311 1172 377 481

27 463 197 530 nequaqnam
216 443 363 528 legitimae
380 443 458 523 sint,
489 444 541 508 sed
561 444 639 508 inter
656 454 797 509 externas
816 444 996 525 habeantur,
1030 444 1175 510 aceolum

26 548 75 612 sibi
90 545 290 612 Christianum
307 567 413 610 nomeu
429 547 598 610 vendicent.
644 544 730 629 Quae
747 569 813 612 coos
830 548 872 612 ita
890 547 968 628 siut,
992 548 1104 612 veritas
1124 570 1178 612 oo·

27 651 65 714 bis
79 649 140 735 ipsa
156 649 332 714 declaranda
349 659 496 735 superest,
521 660 609 734 alque
622 650 707 714 unica
725 649 861 715 nimirum
875 653 926 712 illo
938 653 1077 725 columbo,
1103 671 1177 736 quae

27 773 41 816 a
60 772 166 838 sponso
189 752 383 816 collaudatur.

102 852 252 939 Quocirca
269 875 334 918 oum
352 853 442 917 otium
462 854 541 918 oaoti
558 854 668 934 simus,
693 865 759 940 post
774 853 880 919 enixas
900 855 935 918 ad
955 855 1040 918 deum
1058 875 1174 940 preces,
1195 857 1255 925 cap.
1267 858 1315 910 xl.

26 968 54 1020 ut
69 956 263 1041 disputatione
283 955 423 1036 brevem,
457 958 500 1021 sio
517 957 658 1022 maiorum
677 957 834 1022 traditione
851 967 962 1022 certam
980 957 1115 1022 veritatis
1129 958 1179 1022 de-

26 1061 181 1123 fensionem
200 1060 339 1144 deinceps
356 1059 554 1124 instituemus.
602 1057 687 1142 Quae
712 1059 827 1144 quidam
848 1081 905 1124 noo
930 1071 1061 1145 tempore
1081 1071 1181 1146 posto·

26 1163 99 1240 rior,
133 1161 192 1224 imo
216 1182 289 1225 vero
315 1162 396 1246 prior
411 1161 547 1226 omnibus
572 1162 688 1242 estitit;
719 1181 832 1248 nosque
850 1163 886 1226 de
903 1183 938 1226 ea
954 1173 1022 1227 ante
1042 1165 1180 1228 haereses

27 1289 140 1347 omnes,
164 1286 230 1330 cum
246 1265 283 1327 dc
298 1259 411 1329 Christi
426 1265 631 1330 incarnatione
649 1265 875 1344 dissereremus,
900 1267 1079 1330 mentionem
1095 1265 1181 1330 initio

27 1371 156 1434 lecimus.
209 1364 320 1430 Eadem
344 1387 433 1452 porro
457 1387 535 1432 nune
557 1389 621 1433 eum
648 1389 750 1433 omnes
776 1367 941 1447 antecedit,
974 1378 1034 1432 turn
1059 1365 1182 1433 Christo

27 1473 137 1536 domino
161 1480 227 1557 post
247 1470 311 1534 eius
329 1469 579 1550 incarnationem,
610 1473 693 1536 velut
709 1491 817 1558 sponsa
837 1470 977 1555 quaedam
996 1471 1183 1536 sanctissima
1262 1515 1268 1530 .

26 1574 176 1638 coniuncte
200 1583 258 1637 est.
304 1569 391 1655 Quae
415 1582 445 1637 et
471 1573 539 1637 olim
562 1595 626 1638 cum
650 1573 766 1638 Adamo
792 1575 932 1653 lormata,
965 1573 1039 1637 etin
1057 1571 1182 1658 illisqui
1302 1617 1309 1638 -.

26 1663 201 1740 Abraamum
227 1686 456 1762 praecesserunt
480 1676 646 1761 praedicata
672 1675 820 1762 patribus,
857 1686 975 1758 etpost
1001 1676 1183 1742 Abraamum

26 1779 106 1843 fidem
129 1779 254 1858 merita,
286 1788 317 1841 ct
340 1797 392 1862 per
407 1775 545 1864 Moysem
564 1779 728 1863 patelacta,
759 1777 1003 1864 etopudlsaiam
1020 1779 1182 1866 praediola,

26 1892 53 1944 et
69 1882 99 1945 iu
121 1877 243 1947 Christo
265 1881 484 1960 demonstrata,
517 1901 582 1944 oum
607 1901 702 1966 eoque
726 1881 812 1945 simul
836 1881 990 1962 existens,
1020 1881 1185 1967 posteriore

26 2005 42 2048 a
57 1983 142 2048 uobis
156 1984 222 2048 loco
238 1982 501 2047 commendabitur.
534 1981 612 2048 Nam
628 1982 767 2046 athletam
786 1994 903 2067 oportet
918 1985 1042 2070 primum
1056 1984 1186 2048 omnium

24 2085 52 2150 io
69 2084 231 2151 certamine
250 2107 284 2150 ao
302 2085 404 2150 labore
422 2082 589 2169 ceterisque
606 2085 767 2171 perscribas
784 2088 940 2166 exerceri,
966 2097 996 2151 ot
1014 2097 1117 2172 postea
1137 2106 1186 2150 eo·

25 2210 126 2254 ronam
151 2189 291 2254 aulercos
313 2187 344 2252 iu
364 2187 474 2252 laetitia
498 2209 533 2251 ac
557 2187 706 2275 voluptate
732 2189 830 2272 degat.
876 2185 910 2252 ln
928 2208 986 2274 quo
1003 2187 1118 2274 quidem
1135 2209 1186 2251 co·

24 2312 95 2356 roua
110 2291 178 2378 ipsa
194 2311 252 2355 oon
267 2300 416 2376 postrema
434 2289 561 2354 omnium
582 2301 644 2369 est,
677 2293 730 2354 sed
745 2290 841 2355 luctae
859 2311 893 2354 ao
910 2291 1063 2355 certamini
1080 2312 1187 2377 propo-

26 2395 79 2458 sito
99 2405 251 2482 postremo
268 2393 295 2456 ei
316 2394 363 2478 qui
387 2393 415 2457 in
434 2413 553 2457 arenam
572 2393 775 2472 descenderit,
807 2395 842 2457 ad
863 2393 1040 2478 voluptatem
1060 2393 1188 2457 delecta·

25 2497 195 2584 tionemque
213 2495 360 2562 tribuitur.
385 2493 471 2579 Quae
487 2517 554 2560 eom
572 2494 611 2559 ita
626 2516 659 2560 se
678 2495 816 2576 babeant,
836 2496 871 2560 ad
890 2497 1055 2560 institutum
1073 2515 1186 2560 sermo·

26 2620 91 2663 oem
110 2600 285 2673 redeamus,
310 2599 396 2684 idque
415 2599 650 2664 demonstremus
663 2599 770 2685 ipsum,
793 2600 940 2683 quomodo
957 2619 1022 2662 eom
1037 2599 1188 2684 octogiuta

24 2703 147 2787 pellices
162 2702 223 2766 sint
238 2721 274 2764 ao
291 2702 448 2786 sexaginta
465 2701 604 2786 regione,
629 2701 716 2765 unica
730 2701 816 2785 virgo
831 2702 881 2782 sit,
906 2712 936 2765 et
951 2711 1045 2780 casta,
1070 2704 1188 2766 eadem·

25 2823 228 2890 qnesponsa,
259 2803 411 2884 colomba,
442 2824 538 2889 agna,
569 2813 672 2868 sancta
690 2805 737 2868 dei
756 2803 879 2883 civitas,
911 2805 1001 2885 lidos,
1031 2825 1066 2867 ne
1080 2806 1328 2886 firm-valona

23 2920 149 2970 mentum
167 2912 310 2982 onetatas,
325 2909 418 2987 firma
431 2919 530 2989 petro,
563 2919 663 2970 contra
680 2929 762 2989 quum
776 2917 878 2988 portae
895 2911 985 2991 insen'
998 2929 1054 2972 non
1065 2927 1187 2988 proeoc-
1216 2861 1303 2958 'blitih

24 3012 134 3072 blunt.
182 3007 260 3073 Nam
278 3009 333 3072 boc
353 3029 445 3093 usque
464 3009 579 3089 divina,
603 3031 688 3094 quam
708 3009 948 3096 imploravimus,
978 3031 1035 3097 ope
1051 3031 1086 3074 ac
1103 3031 1190 3097 prae·
1227 2967 1262 3020 η’
1275 2963 1306 3010 ¹⁸⁸

24 3112 102 3178 sidio
119 3113 191 3177 lreti
207 3112 262 3175 boo
279 3113 407 3176 assecuti
430 3133 531 3178 sumus
549 3123 580 3176 ut
601 3123 767 3198 susceptam
783 3135 800 3177 a
817 3113 902 3177 nobis
919 3113 954 3176 de
969 3113 1104 3176 cornibus
1121 3114 1191 3177 bae·
1289 3179 1293 3186 ,

24 3217 146 3280 resibus
163 3214 388 3301 disputationem
404 3214 642 3297 absolveremus3
667 3237 753 3299 quam
770 3217 806 3280 ad
822 3213 1070 3280 Massaliaoorum
1089 3215 1192 3280 baere-

23 3319 69 3382 sio
96 3339 194 3404 usque
218 3318 421 3403 perduximus.
468 3316 531 3382 llcc
554 3317 651 3402 itaque
672 3319 755 3382 velut
772 3319 895 3403 quodam
921 3319 1067 3402 evangelii
1090 3319 1192 3382 calceo

24 3422 220 3507 proculcata,
253 3421 374 3506 perinde
398 3441 433 3485 ao
460 3419 680 3484 chamaeleonte
703 3421 878 3506 multipede,
910 3421 986 3508 turpi
1002 3441 1038 3485 ac
1054 3420 1192 3501 deformi,

24 3537 53 3588 et
70 3525 213 3611 graviter
227 3523 343 3605 olente,
375 3523 412 3587 ob
429 3523 500 3590 baec
517 3522 613 3586 omnia
628 3523 674 3586 dei
689 3524 800 3607 gratias
815 3545 953 3608 agamus,
985 3544 1020 3588 ao
1036 3535 1148 3610 patrem
1161 3523 1193 3587 in

23 3629 103 3708 lilio,
131 3627 224 3692 lilium
239 3627 269 3690 in
286 3637 368 3712 patre
383 3647 447 3690 cam
465 3636 568 3690 sancto
582 3624 687 3709 spiritu
704 3625 887 3692 celebremus
903 3627 933 3690 in
951 3627 1072 3692 mocula
1090 3647 1192 3692 saeco·

24 3731 144 3810 lorum,
171 3730 281 3794 Amen.

57 3865 85 3921 4.
96 3863 263 3934 nnpdlbepsn
279 3867 411 3916 coddmss.
424 3872 446 3916 et
460 3867 597 3929 edttprlnc.
666 3863 689 3918 6.
709 3859 870 3933 ὖποδήγματι
886 3869 937 3917 eod.
955 3869 1052 3932 ltbedtp.

32 3999 39 4020 ,
57 3939 83 3988 5.
105 3933 138 4019 pti
159 3927 355 4003 κατισχύσουσιν
369 3935 420 4017 cod.
435 3936 536 4020 llbedlp3
551 3927 599 3988 ctist
652 3934 689 4020 ι7.
709 3936 854 4018 Spbsertptr'o
867 3939 893 3986 t'n
906 3939 974 4018 codd.
992 3949 1048 3986 mss.
1062 3931 1195 4016 eslqulnc

24 4004 281 4127 gxcffioiiwa'
296 4006 344 4054 len.
371 4019 418 4056 oux
433 4019 596 4072 αντισχυσου-
629 4005 934 4138 pgppopprpppplmsos
950 4004 1126 4072 (sepultores
1141 4003 1194 4054 eod.

79 4661 184 4718 corpus
194 4653 330 4700 merome
348 4653 377 4700 ll.
389 4655 409 4700 l.
