3068 5008
470 347 796 401 abacurnauusoara.
1153 337 1215 400 657

67 475 120 546 est,
142 487 243 531 manus
259 489 294 530 ac
312 468 401 552 pedes
418 479 449 531 et
464 470 631 534 confossum
646 469 722 534 latus
734 491 799 533 cum
817 467 934 533 ossibus
949 489 983 532 ac
999 469 1099 532 nervis
1116 479 1216 532 ustau-

66 569 120 647 dh,
143 570 213 633 adeo
232 582 383 654 quactum
401 571 577 636 videbuntur
592 571 685 635 solida
704 584 807 650 eraut,
840 593 895 636 uec
911 571 1009 656 specie
1025 582 1112 636 tenus
1128 583 1214 636 exla—
1326 611 1333 626 ·

64 671 141 734 bani.
184 669 298 755 Quibus
320 673 409 738 rebus
428 695 529 738 eorum
550 675 677 738 omnium
695 695 771 758 quae
787 675 853 739 fidei
867 673 989 759 speique
1013 685 1131 739 nostrae
1146 695 1214 759 prc-

64 773 151 859 posila
174 787 241 838 suut
266 776 476 860 promissurum
501 797 553 862 per
579 797 647 839 sese
670 777 826 840 veritatem
852 777 1037 840 confirmavi!
1061 774 1215 862 perliciens

64 880 172 957 omnia,
203 899 298 962 neque
323 877 389 942 licta
412 879 556 944 duntaxat
580 879 728 962 imagine,
764 881 816 942 sed
842 878 940 963 reipsa
965 899 1029 942 cum
1058 877 1119 941 suis
1144 899 1214 942 cun-

64 1001 181 1044 vescens
207 991 236 1044 el
260 980 404 1044 habitans.
452 978 532 1063 Quin
559 980 677 1044 eusdem
701 978 844 1058 instituit,
877 1003 911 1044 nc
937 981 1067 1044 coeleste
1090 1001 1214 1064 regnum

63 1105 125 1146 cum
150 1085 273 1146 veritate
299 1081 435 1146 nuntiare
463 1082 577 1160 ducuil,
614 1093 673 1146 lum
701 1105 766 1146 cum
794 1083 953 1147 maximum
978 1083 1048 1146 illud
1072 1082 1215 1169 longeque

62 1185 242 1270 praecipuum
263 1204 401 1249 areanum
418 1184 569 1270 discipulis
587 1185 718 1270 aperuit:
749 1191 869 1261 Durate,
895 1186 1004 1270 inquit,
1038 1207 1214 1267 umnesgen·
1248 1191 1335 1301 {¹⁸¹}

61 1299 111 1348 ter.
156 1285 299 1367 llucesl,
334 1286 583 1371 Abimprcbilaie
601 1289 666 1351 ilina
692 1287 727 1350 ad
751 1289 925 1366 veritatem,
958 1287 994 1350 ab
1013 1289 1103 1352 seclis
1122 1289 1213 1352 variis

60 1391 96 1453 ad
119 1391 239 1454 eandem
261 1389 442 1454 diuinitatem
469 1389 632 1454 traducite:
664 1395 814 1472 Euphane
833 1411 882 1453 cua
904 1396 934 1454 in
953 1397 1065 1454 humahc
1079 1396 1173 1473 putria
1187 1403 1217 1453 ee

49 1495 116 1572 fibi·
133 1497 292 1572 etrpin'ner
313 1497 422 1567 suncu',
459 1492 594 1556 nimirum
620 1493 648 1556 iu
675 1493 821 1556 dominica
842 1493 980 1557 trinitatis
1006 1493 1212 1579 appellatione,

58 1595 134 1678 quud
155 1595 248 1679 ipsum
271 1604 491 1658 sacrosanclum
512 1609 558 1660 est
575 1617 609 1658 ac
625 1596 738 1678 regium
762 1596 897 1680 siguum,
928 1617 986 1680 quo
1010 1597 1057 1660 vel
1074 1595 1138 1681 ipsc
1162 1617 1215 1659 nu-

60 1699 139 1761 mine
154 1697 350 1781 signiiiearet,
384 1696 455 1760 nibil
476 1717 543 1760 esse
566 1698 602 1760 ab
620 1697 732 1762 unitale
751 1698 913 1764 diversum.
960 1693 1036 1762 Cum
1062 1702 1140 1762 euim
1167 1698 1217 1762 ha·

56 1799 161 1885 plicari
176 1799 310 1864 homiues
328 1799 408 1864 iubet
427 1805 710 1881 bachabantur,
745 1802 831 1864 lirma
850 1822 885 1864 ae
905 1801 1019 1864 stabilis
1035 1811 1081 1864 eat
1102 1800 1215 1884 gloriae

55 1903 246 1989 praedicatio.
293 1901 381 1986 Quod
400 1923 474 1966 rere
490 1903 605 1966 additur
621 1907 650 1965 ιἰι
666 1909 777 1966 nomme
787 1907 867 1985 filii,
892 1903 969 1968 nulla
989 1923 1022 1966 re
1040 1903 1116 1966 huuc
1131 1925 1149 1971 a
1164 1925 1215 1988 pa-

54 2015 140 2070 tema
166 2005 306 2089 dignilale
334 2004 464 2068 deficere
488 2004 644 2089 appellatio
670 2005 732 2090 ipsa
760 2006 902 2070 declarat.
948 2001 1107 2069 Postremo
1125 2006 1162 2068 iis
1184 2005 1214 2069 iu

53 2107 175 2187 verbis,
204 2112 239 2170 In
262 2112 373 2170 nominc
393 2111 513 2187 uprbrlua
538 2112 648 2182 ruach,
683 2108 761 2170 uuila
787 2118 834 2171 ιιι
853 2107 1069 2171 coniunctionis
1095 2107 1212 2187 divisio,

51 2211 187 2274 varietas
210 2209 306 2288 nulla,
331 2229 426 2293 ιιφιι
449 2209 485 2273 ah
509 2230 565 2272 une
589 2209 740 2274 divinitate
764 2210 931 2276 diversius.

141 2309 276 2396 Denique
300 2312 403 2376 eudem
427 2333 492 2375 cum
521 2333 646 2397 corpore
671 2324 701 2376 et
724 2311 822 2378 anima
846 2323 1002 2397 menteque
1030 2313 1065 2376 ad
1088 2331 1213 2398 superos

50 2424 179 2479 evectus
195 2425 259 2493 esi,
291 2413 426 2478 omnibus
442 2413 501 2479 illis
517 2415 548 2478 in
565 2434 654 2478 unum
672 2415 825 2492 conflatis,
860 2427 948 2500 alque
965 2416 996 2480 in
1015 2417 1136 2480 eandem
1155 2417 1213 2500 api·

48 2517 170 2582 riualem
190 2537 346 2602 personam
368 2517 613 2581 concurrentibus
637 2517 803 2603 divinisque
824 2518 958 2582 redditis.
1005 2515 1077 2582 lude
1095 2540 1165 2582 mox
1183 2528 1215 2582 ut

47 2621 91 2684 ad
108 2619 199 2704 patris
215 2619 349 2684 dexlram
367 2617 517 2698 consedit,
552 2639 713 2705 praecones
731 2620 760 2683 iu
782 2621 952 2684 uuiversum
973 2620 1073 2686 orbem
1093 2621 1213 2698 dimisit,

44 2721 207 2788 Simonem
221 2721 361 2800 Petrum,
387 2733 417 2786 el
434 2722 585 2786 Andrcam
602 2723 666 2786 eius
683 2724 822 2802 fratrem,
847 2720 1003 2803 iacobum,
1028 2735 1058 2788 el
1073 2721 1213 2790 loannem

46 2824 207 2889 Zebedaei
226 2826 318 2902 lilios,
343 2846 418 2910 quos
433 2824 501 2888 olim
522 2826 689 2909 delegerat,
713 2822 877 2911 Philippum
894 2837 925 2890 el
941 2825 1212 2906 bartholomaeum,

41 2925 258 3002 Mauhaeum‚
284 2926 443 3006 Theman,
468 2925 627 3006 alludam,
652 2926 912 3006 ac'l'baddaeum‚
937 2926 1135 2994 etSimcuem
1154 2928 1213 2994 Ze·

39 3033 153 3107 leden,
189 3027 343 3096 alludam
369 3027 560 3108 lscariutem,
593 3051 690 3146 aqup
714 3031 763 3095 ille
790 3032 992 3096 tradiluaesl.
1038 3029 1112 3095 llem
1139 3031 1213 3096 alins

39 3128 198 3211 LXXll,
228 3132 367 3218 equibus
383 3130 444 3196 Vll
462 3132 503 3196 illi
526 3134 609 3196 fuere
630 3154 678 3216 qur
671 3132 730 3196 'ad
749 3133 903 3198 viduarum
918 3133 1090 3236 obsequium
1107 3134 1212 3198 deleoli

37 3245 142 3314 amnt,
167 3231 354 3320 Stephanus,
387 3231 557 3320 Philippus,
587 3232 777 3315 Procbnrus‚
809 3233 962 3313 Nicanor,
987 3207 1115 3316 Timon,
1138 3235 1212 3302 Per-

34 3357 174 3416 meuas,
200 3347 230 3400 ιι
245 3334 410 3415 Nicolaus,
435 3347 465 3401 el
480 3349 598 3422 praeter
616 3338 669 3402 bus
685 3335 846 3418 Mallbias,
881 3361 929 3422 qur
921 3338 1011 3402 'lncu
1030 3335 1143 3404 ludae'
1136 3349 1213 3404 ruber

34 3439 205 3526 aposlolus
223 3451 377 3525 conplatus
395 3451 452 3504 est.
499 3440 703 3506 lacesserunt
717 3441 753 3503 ad
770 3441 837 3505 illus
855 3439 996 3522 Marcus,
1020 3439 1137 3522 Lucas,
1163 3439 1212 3510 lu·

33 3555 133 3620 stus,
170 3539 343 3622 liurnahas,
379 3541 537 3628 Appelles,
572 3541 686 3621 liuius,
722 3541 838 3628 Niger,
873 3565 907 3608 ae
937 3545 1042 3629 reliqui
1072 3542 1209 3609 LXXll.

33 3643 237 3729 Quibuscum
262 3645 349 3709 eliam
374 3655 507 3709 saucium
525 3643 648 3708 Paulum
665 3657 770 3730 suapte
790 3647 825 3709 de
842 3647 927 3711 coelo
942 3669 1017 3713 vnce
1031 3649 1122 3714 missa
1142 3669 1212 3733 ape·

33 3746 159 3814 stolum
177 3747 309 3831 gentium
330 3769 364 3811 ac
384 3767 559 3832 praeconem
575 3759 605 3810 el
620 3748 799 3832 apostelicae
823 3749 973 3815 doctrinae
996 3763 1213 3816 consummaru-

33 3871 112 3916 rem
132 3849 272 3914 instituit.
320 3847 379 3933 Qui
403 3849 517 3934 quidem
541 3860 674 3914 sanctum
696 3848 828 3931 Lucam,
862 3863 1091 3930 ulmemoranl,
1123 3873 1211 3917 unum

33 3976 51 4018 e
78 3948 213 4016 LXllll
234 3952 399 4038 discipulis,
424 3953 471 4037 qui
492 3952 623 4036 dissipati
645 3953 780 4031 lucrant,
812 3955 948 4033 reduxit,
980 3975 1104 4040 eumque
1122 3955 1211 4019 cumi-

33 4069 108 4120 ’.ιιι
127 4064 163 4117 ιι
178 4054 341 4118 adiutorem
360 4054 508 4138 erarrgelii
522 4055 608 4118 simul
628 4064 658 4118 el
674 4057 838 4141 apostolum
855 4057 997 4122 adhibuit.
1043 4057 1210 4122 Haemode

34 4168 145 4223 ιοιιιιι
170 4157 317 4240 evangelii
341 4157 488 4242 negotium
512 4157 547 4222 ad
570 4157 598 4220 id
621 4177 714 4242 usque
737 4159 878 4244 temporis
900 4161 1064 4223 coniectum
1086 4172 1145 4225 esi.

136 4259 240 4344 Atque
258 4260 400 4323 hacteuus
416 4259 451 4324 de
469 4257 513 4322 Xl
531 4259 641 4339 seclis,
674 4261 767 4345 deque
792 4281 828 4325 en
846 4263 922 4347 quud
943 4263 1046 4327 ordine
1068 4285 1212 4330 censecu-

34 4472 103 4518 ἰιιιι
132 4465 382 4515 Peducaeanum
405 4468 473 4515 uertit
499 4473 566 4516 certa
591 4463 619 4515 bt
686 4465 728 4520 96.
746 4461 830 4535 haurd
846 4469 914 4518 codd.
931 4482 987 4520 mar.
1004 4473 1026 4519 el
1042 4471 1097 4521 edil.
1112 4473 1188 4535 princ.

34 4537 110 4598 Ιοιι
34 4530 219 4654 gut
217 4531 291 4652 noi:
292 4548 389 4652 wapltu
389 4532 539 4653 lilmqrmn
506 4531 617 4585 ‹s-ndefi
685 4533 725 4588 97
743 4533 1083 4604 obuoooddmaauierqua
