3066 5016
234 295 372 349 rnnann
390 297 454 349 nnn.
465 293 509 349 nr.
527 293 610 348 rou.
622 297 654 349 n.
670 293 786 349 oxeos.
803 295 867 347 orn.
887 295 1030 348 carnos.
1148 283 1210 347 513

51 416 175 489 ranoiee
190 425 308 501 praeter
322 416 475 484 veritatem
491 415 654 480 insolenter
668 416 842 482 efferuntur.
867 413 1021 482 Eiusmodi
1037 413 1212 480 Zacchaeus

50 517 102 582 ille
128 517 198 598 luit,
232 519 281 604 qui
306 539 399 605 nuper
421 521 451 582 in
477 529 615 583 montane
636 519 759 604 regione
783 521 818 584 ad
843 517 1052 604 Hierosolyma
1079 529 1211 582 mortuns

50 631 117 700 est,
141 621 189 706 qni
206 641 273 685 eum
292 621 407 685 nemine
424 641 550 705 unquam
567 621 705 707 precandi
723 623 928 686 communione
944 619 1082 704 coniungi
1098 641 1131 684 se
1146 641 1212 706 pas-

49 743 106 788 sus
127 734 182 788 est.
229 719 293 786 lmo
312 743 384 786 vero
404 744 443 788 ex
461 723 564 788 eodem
581 723 714 788 instituto
733 725 832 790 divina
848 724 1007 811 mysteria,
1038 745 1101 788 eum
1119 722 1211 788 laicus

50 835 153 905 esset,
184 826 332 911 attingere
352 847 386 889 ee
411 825 555 890 sacrificia
578 826 729 891 celebrare
756 826 869 891 nefario
895 847 969 891 ausu
991 847 1027 891 ac
1052 825 1212 889 temerario

48 937 102 992 est
120 949 291 1014 aggressus.
336 924 479 992 Inventus
504 939 551 993 est
572 929 715 1009 elalius,
747 928 923 1015 quicumque
937 929 987 993 ille
1008 927 1123 993 tandem
1144 927 1210 1006 luit,

49 1033 212 1096 excellenti
227 1033 350 1116 quodam
367 1031 447 1095 vitae
466 1051 596 1116 genere,
628 1031 677 1117 qui
696 1032 728 1095 in
743 1031 873 1118 Aegypti
891 1029 1050 1096 solitudine
1064 1029 1095 1092 iu
1110 1050 1213 1094 mona·

48 1133 147 1200 sterio
163 1133 301 1219 degebat.
345 1131 420 1198 Item
440 1134 515 1199 alius
534 1135 569 1198 ad
588 1130 691 1198 Sinam
708 1145 836 1198 montem
855 1133 1000 1200 habitans.
1047 1130 1105 1216 Qui
1127 1131 1212 1198 ambo

48 1237 156 1300 neseio
183 1236 288 1321 quibos
311 1236 433 1300 somniis
457 1258 495 1301 eo
520 1236 696 1301 temeritatis
718 1236 834 1301 adducti
860 1246 931 1301 sunt
958 1247 990 1301 ut
1014 1246 1152 1321 suscepta
1177 1235 1213 1298 ed

48 1338 183 1426 episcopi
200 1339 378 1404 structionem
404 1359 542 1402 manuum
558 1339 745 1425 impositione
762 1340 867 1404 sedere
884 1350 915 1404 et
929 1341 1134 1426 episcoporum
1150 1357 1214 1400 mn·

49 1463 111 1506 nus
127 1441 209 1506 obire
227 1463 286 1506 non
305 1441 475 1507 dubitarint.
521 1440 601 1520 Alii,
634 1441 707 1506 etlri
728 1442 843 1526 quidem
868 1463 926 1506 non
944 1441 1049 1527 pauci,
1081 1451 1214 1505 castrare

48 1545 230 1631 semetipsos
244 1555 346 1609 contra
363 1545 444 1626 leges
459 1544 581 1608 iuvenili
597 1544 718 1628 quadarn
735 1542 847 1608 ferocia
861 1545 925 1608 ausi
941 1554 1021 1608 sont.
1067 1542 1140 1622 Alii,
1165 1542 1214 1627 qni
1328 1557 1334 1568 ·

50 1647 230 1712 audeeiorcs
247 1647 400 1727 videntur,
425 1665 466 1710 ex
480 1646 687 1711 catholicorum
704 1645 853 1732 partibus,
885 1647 1000 1733 privata
1015 1643 1070 1710 sibi
1088 1645 1215 1709 lectione

49 1749 180 1815 conflata
200 1760 318 1836 praeter
336 1749 481 1813 eeclesiae
504 1749 763 1829 consuetudinem,
796 1771 831 1813 ac
855 1750 930 1814 citra
949 1747 1099 1832 generalis
1115 1746 1216 1812 eonci-

50 1853 85 1917 lii
109 1853 278 1930 decretum,
313 1852 437 1937 eosqui
460 1850 497 1916 ab
516 1851 638 1915 Arianis
660 1852 696 1916 ad
715 1871 785 1916 suas
809 1863 910 1937 partes
933 1861 1088 1916 transeunt
1108 1849 1214 1915 iterum

48 1954 208 2039 baptizare
224 1953 296 2019 nihil
313 1965 471 2033 verentur,
495 1975 560 2018 cum
579 1954 705 2018 nondum
723 1975 758 2018 ea
774 1973 840 2034 res,
872 1953 1004 2034 ulduni,
1038 1952 1215 2018 universalis

49 2057 161 2142 synodi
178 2056 286 2121 iudicio
307 2056 406 2121 decisa
415 2046 480 2136 sit,
512 2056 589 2140 qnod
608 2056 701 2120 adhoc
727 2057 824 2142 populi
850 2057 1016 2141 promiscue
1042 2057 1077 2119 ad
1098 2053 1215 2118 hodier-

49 2180 124 2222 num
143 2179 236 2242 osque
258 2168 372 2243 tempus
392 2158 572 2237 habeantnrq
603 2159 682 2221 inter
705 2179 779 2243 qnos
797 2158 879 2222 multi
896 2158 1012 2242 quidem
1028 2167 1098 2224 suut
1113 2158 1216 2221 catho-

49 2261 122 2340 liei,
147 2261 199 2325 sed
218 2261 284 2326 liote
297 2283 333 2325 ac
348 2281 401 2346 per
416 2261 646 2325 simultationem
661 2263 847 2325 sacerdotum
865 2259 1069 2326 auctoritatem
1086 2280 1215 2344 sequun-

49 2376 123 2442 tur,
158 2365 251 2427 dooec
275 2363 444 2428 execranda
461 2363 510 2428 illa
528 2374 610 2427 seete
629 2362 666 2426 ab
687 2363 832 2428 ecelesiae
850 2364 1002 2428 consortio
1026 2373 1213 2449 segregetur,

49 2477 87 2530 ut
108 2475 177 2529 tune
196 2465 302 2550 aliquid
321 2465 357 2530 de
372 2466 422 2530 illa
446 2476 602 2530 statuatur.
648 2463 700 2530 Ex
720 2465 758 2530 iis
775 2467 823 2550 qui
841 2476 944 2551 suapte
962 2467 1137 2531 anctoritate
1160 2465 1216 2528 ite·

49 2591 120 2633 rum
138 2568 193 2632 lnoc
212 2569 298 2632 modo
317 2568 470 2655 baptizant
487 2569 573 2632 audio
593 2571 736 2653 quendam
751 2568 781 2631 in
798 2566 894 2654 Lycia
909 2569 1113 2656 presbyterum
1133 2589 1213 2634 esse.

49 2670 117 2738 Sed
137 2683 167 2736 et
183 2671 248 2736 aliis
264 2670 294 2735 in
311 2671 383 2736 loeis
400 2671 585 2758 reperiuntur
601 2670 650 2734 alii
668 2672 717 2756 qni
730 2670 900 2755 singillatim
917 2693 952 2735 ae
967 2673 1095 2758 separati
1112 2691 1216 2758 preces

49 2776 182 2854 obeunt,
215 2784 244 2837 et
266 2772 444 2859 reliquorum
469 2773 702 2838 commonionem
726 2795 842 2838 omnem
862 2785 1015 2860 respuunt.
1062 2773 1122 2839 Alii
1140 2773 1216 2838 collo

48 2878 176 2942 vineola
199 2889 318 2961 praeter
338 2876 482 2940 eeclesiae
505 2875 588 2960 leges
609 2876 775 2940 innectunt.
821 2873 917 2959 Quam
944 2876 981 2940 ob
1000 2897 1133 2941 caussam
1156 2878 1217 2940 dis·

49 2977 238 3065 putationem
254 2998 369 3042 omnem
389 2977 444 3042 hec
460 2979 608 3042 sententia
625 2977 773 3058 conclusi,
806 2980 1043 3042 Adulescentulus
1060 3001 1121 3042 esse
1136 2982 1216 3042 nullo

47 3103 173 3144 numero
189 3084 417 3162 eempretenem
453 3101 527 3166 quae
549 3081 663 3166 privato
679 3079 804 3146 consilio
831 3081 971 3145 audacter
994 3081 1215 3165 insolenterque

48 3204 88 3250 se
108 3193 234 3267 gerunt,
258 3202 316 3246 oon
336 3193 368 3246 ut
383 3181 452 3246 boni
468 3181 575 3267 aliquid
593 3194 831 3268 consequantur,
855 3193 905 3246 aut
921 3183 1083 3270 sapientiae
1100 3185 1130 3248 in
1148 3201 1217 3250 sese

49 3305 153 3371 genus
176 3285 292 3370 aliquod
316 3283 486 3369 expoliant,
518 3295 586 3370 puta
604 3286 793 3370 prudentiae,
825 3285 1024 3364 tortitudinis,¹
1051 3296 1217 3372 temperau-

50 3389 139 3467 tiae,
171 3386 313 3451 iustitiae.
360 3385 429 3471 Quo
454 3407 492 3451 ex
512 3407 634 3451 numero
655 3389 810 3475 tyrannico
830 3407 911 3452 more
929 3389 1069 3473 quaedam
1087 3389 1217 3452 ellernn-

51 3502 127 3568 tnr,
152 3500 239 3575 etque
258 3489 416 3554 averitate
435 3489 612 3570 dellectuot,
637 3490 716 3556 nullo
730 3501 762 3554 nt
777 3510 900 3554 numero
922 3491 1067 3555 contineri
1091 3491 1216 3577 possint.

144 3591 188 3656 At
202 3596 361 3673 singulares
385 3597 437 3655 r'lla
459 3593 603 3667 columbo,
636 3603 794 3677 sanctaque
820 3593 906 3678 virgo
930 3594 1017 3657 deum
1047 3594 1215 3672 confitetur,
1230 3607 1371 3678 capxtv.

52 3707 172 3782 patrem
187 3707 217 3760 et
232 3695 321 3760 lilium
338 3707 368 3760 et
385 3695 520 3780 spiritum
535 3704 687 3773 sanetum,
713 3705 826 3780 petrem
843 3696 1022 3781 perlectum,
1047 3697 1135 3760 lilium
1151 3715 1219 3779 per·

51 3801 188 3875 lectum,
223 3799 384 3883 perlectum
403 3797 537 3883 spiritum
559 3807 711 3874 sanctum,
744 3795 1023 3862 consubstantialem
1043 3799 1216 3879 trinitatem,

51 3921 120 3964 nom
137 3900 370 3980 coalescentem,
395 3911 445 3964 aut
459 3901 623 3965 condusam.
669 3897 729 3966 Sed
748 3901 836 3966 lilium
854 3920 927 3965 vere
943 3923 960 3964 a
975 3911 1057 3986 patre
1073 3901 1216 3987 genitum,

94 4071 137 4122 ll.
165 4073 295 4122 comorius
318 4073 386 4122 uenit
415 4071 576 4151 Quapropter
599 4069 625 4120 in
660 4070 792 4136 excedunt,
811 4071 983 4123 etsver‘itete
997 4069 1090 4139 seipsas
1103 4080 1218 4122 evertunt

52 4140 110 4192 fine
127 4138 207 4188 totius
220 4137 303 4207 operis
316 4137 458 4189 iuvenculas
473 4137 525 4189 din
539 4155 625 4190 nume·
659 4147 710 4192 ortt.

52 4225 116 4260 rum
133 4223 184 4258 non
200 4205 307 4266 habere,
325 4223 388 4274 quse
403 4224 433 4258 ex
448 4206 551 4276 proprie
566 4225 624 4258 sen·
693 4207 753 4259 Cur.
772 4207 842 4260 xlv.
861 4235 894 4246 -
939 4207 960 4258 l.
989 4204 1126 4274 συναλιφήν
1149 4210 1218 4260 codd.

51 4275 141 4328 tentio
159 4273 280 4342 sibiipsis
297 4273 439 4326 iuveniliter
458 4275 625 4342 praestituunt
657 4281 749 4328 mss.sl
769 4277 824 4326 edit.
838 4278 932 4338 prino,
952 4277 1150 4339 quemadmodum
1164 4291 1219 4328 con-

52 4343 93 4396 ad
112 4343 207 4394 bonum
225 4341 340 4411 quidem,
365 4353 394 4392 ut
409 4342 546 4411 sapientiae
563 4361 576 4394 a
594 4361 623 4394 e·
656 4349 744 4395 nomer
767 4349 789 4394 et
804 4346 903 4408 obque,
927 4346 974 4394 nist
991 4359 1064 4394 unum
1080 4347 1217 4396 stulterum

53 4409 275 4530 cispdmeefidm»
302 4409 499 4492 potestasque
514 4429 548 4492 ,ιο
580 4429 624 4462 or
656 4414 869 4496 exemplatorum.
902 4409 1052 4494 monetent
1067 4415 1216 4496 superum.

52 4491 117 4602 rt.
138 4479 624 4616 runnsnnnntnnn
657 4479 1127 4612 ..²ntnett„ditatu

117 4629 207 4688 comm
220 4628 356 4676 flemmot.
368 4628 398 4675 tu
410 4629 431 4674 t.
975 4636 1016 4702 33
